1780 3204
509 270 661 304 LIBER
686 270 732 315 v,
758 270 811 303 27.
831 270 884 304 as.
912 272 960 313 [a.
976 268 1109 313 o.394]
1409 262 1491 303 279

137 376 189 418 ad
214 375 340 417 Veios
367 380 667 430 oppugnarunt.
718 388 787 414 eos
813 380 875 423 tu,
907 380 1106 427 quantum
1131 374 1173 414 in
1197 380 1236 414 te
1261 374 1356 424 fuit,
1382 390 1491 416 novo
1517 389 1535 418 s

139 437 290 479 scelere
308 437 459 478 vicisti:
486 451 563 492 ego
576 435 775 477 Romanis
795 435 967 485 artibus,
994 436 1160 485 virtute,
1188 451 1327 491 opere,
1354 437 1490 486 armis,

139 500 245 541 sicut
256 498 383 540 Veios
403 497 590 539 vincam?
627 497 878 538 denudatum
897 497 1044 538 deinde
1065 512 1158 538 eum
1183 496 1374 539 manibus
1398 505 1491 553 post
1518 514 1534 543 9

139 569 300 616 tergum
329 560 510 616 inligatis
540 559 819 600 reducendum
844 559 1028 600 Falerios
1059 560 1197 614 pueris
1223 560 1388 600 tradidit
1412 560 1493 601 vir-

139 638 296 680 gasque
328 623 405 672 eis,
444 621 593 676 quibus
624 622 874 676 proditorem
905 629 1074 677 agerent
1103 622 1146 662 in
1175 622 1319 663 urbem
1350 622 1493 663 verbe-

140 692 296 734 rantes,
329 685 452 725 dedit.
502 684 554 724 ad
579 684 690 737 quod
715 684 995 738 spectaculum
1020 698 1223 725 concursu
1246 684 1387 739 populi
1410 684 1493 739 pri·
1522 700 1560 728 μ’

141 762 254 788 mum
285 746 414 796 facto,
453 746 601 786 deinde
637 761 662 786 a
697 745 1004 801 magistratibus
1041 746 1091 787 de
1127 761 1171 787 re
1205 762 1313 788 nova
1348 753 1492 787 vocato

142 815 304 857 senatu,
333 815 442 848 tanta
466 807 637 848 mutatio
663 807 809 849 animis
831 815 892 849 est
910 808 1076 858 iniecta,
1103 816 1146 848 ut
1167 808 1236 861 qui
1256 808 1377 849 modo
1396 808 1494 849 effe-

139 871 216 911 rati
235 871 328 911 odio
346 870 486 923 iraque
499 870 735 911 Veientium
754 869 907 910 exitum
925 884 1056 924 paene
1076 884 1201 923 quam
1221 869 1493 924 Capenatium

139 946 286 987 pacem
306 931 489 980 mallent,
516 932 625 986 apud
645 945 715 972 eos
739 946 885 986 pacem
910 932 1101 972 universa
1124 939 1312 986 posceret
1337 932 1493 972 civitas.

139 994 242 1034 fides
267 993 472 1042 Romana,
510 993 664 1033 iustitia
693 993 951 1047 imperatoris
982 993 1024 1034 in
1054 993 1144 1034 foro
1176 1000 1216 1034 et
1247 993 1359 1034 curia
1390 993 1495 1034 cele·
1522 1010 1557 1037 11

141 1055 312 1097 brantur
336 1070 620 1108 consensuque
641 1056 822 1096 omnium
841 1055 967 1110 legati
986 1056 1039 1096 ad
1060 1054 1282 1096 Camillum
1301 1056 1341 1095 in
1362 1063 1496 1096 castra

141 1124 263 1171 atque
288 1118 382 1158 inde
406 1117 612 1172 permissu
632 1116 797 1157 Camilli
815 1117 993 1158 Romam
1019 1117 1071 1157 ad
1097 1124 1302 1166 senatum,
1330 1117 1401 1169 qui
1425 1117 1496 1157 ‹le-

143 1180 284 1221 derent
308 1179 510 1228 Falerios,
536 1179 862 1233 proficiscuntur.

224 1240 451 1281 Introducti
470 1240 522 1280 ad
541 1246 727 1280 senatum
747 1239 803 1279 ita
821 1239 945 1280 locuti
965 1239 1197 1280 traduntur:
1225 1243 1379 1293 ‘patres
1400 1253 1496 1279 con·
1526 1255 1561 1282 12

141 1302 292 1356 scripti,
318 1301 500 1350 victoria,
527 1301 592 1341 eui
610 1315 684 1341 nec
705 1301 805 1342 deus
827 1315 901 1342 nec
921 1301 1045 1342 homo
1064 1301 1281 1355 quisquam
1302 1301 1495 1350 invideat,

139 1363 235 1404 victi
259 1378 283 1403 a
307 1362 424 1404 vobis
451 1369 490 1403 et
514 1363 758 1417 imperatore
782 1371 919 1404 vestro
939 1363 1127 1405 dedimus
1148 1378 1223 1404 nos
1243 1363 1379 1412 vobis,
1405 1363 1494 1412 rati,

138 1439 219 1478 quo
249 1424 350 1465 nihil
380 1424 524 1465 victori
554 1424 764 1479 pulchrius
797 1432 876 1474 cst,
914 1425 1060 1466 melius
1098 1440 1173 1466 nos
1212 1425 1288 1466 sub
1325 1425 1496 1480 imperio

138 1495 274 1530 vestro
300 1503 424 1542 quam
447 1488 610 1544 legibus
641 1489 791 1530 nostris
823 1489 1018 1531 victuros.
1068 1497 1217 1531 eventu
1247 1490 1368 1529 huius
1401 1488 1497 1529 belli
1527 1503 1563 1529 1:;

139 1551 220 1591 (luo
253 1550 445 1591 salutaria
477 1550 665 1605 exempla
694 1551 855 1605 prodita
886 1551 1067 1593 humano
1098 1552 1240 1607 generi
1272 1558 1382 1592 sunt:
1421 1565 1496 1591 vos

138 1612 261 1653 fidem
285 1612 327 1653 in
351 1611 460 1653 bello
485 1626 608 1665 quam
633 1619 892 1666 praesentem
922 1613 1136 1654 victoriani
1167 1613 1389 1662 maluistis,
1421 1626 1496 1652 nos

138 1674 217 1715 fide
236 1674 446 1729 provocati
458 1674 671 1715 victoriam
690 1675 795 1716 ultro
815 1675 1048 1716 detulimus.
1082 1675 1158 1717 sub
1187 1675 1339 1716 ditione
1359 1680 1497 1714 vestra
1525 1687 1565 1714 14

140 1752 295 1777 sumus.
343 1737 509 1786 mittite,
536 1737 607 1790 qui
631 1752 762 1786 arma,
789 1738 859 1790 qui
885 1737 1069 1787 obsides,
1096 1738 1168 1790 qui
1193 1737 1335 1777 urbem
1355 1742 1499 1790 paten-

141 1798 250 1839 tibus
279 1799 408 1852 portis
439 1798 653 1852 accipiant.
701 1813 778 1839 nec
808 1814 882 1840 vos
912 1799 1008 1839 fidei
1032 1806 1195 1840 nostrae
1220 1813 1297 1840 nec
1321 1813 1396 1838 nos
1423 1798 1498 1837 im-

141 1859 242 1914 perii
269 1860 393 1900 vestri
417 1859 665 1914 paenitebit.'
716 1859 892 1901 Camillo
919 1867 958 1900 et
983 1860 1034 1901 ab
1060 1860 1249 1901 hostibus
1275 1867 1315 1900 et
1346 1875 1370 1900 a
1400 1859 1499 1900 civi-
1528 1869 1565 1897 15

142 1920 220 1961 bus
257 1921 413 1975 gratiae
449 1927 576 1961 actae.
624 1921 799 1962 Faliscis
836 1922 878 1962 in
915 1922 1164 1976 stipendium
1199 1921 1374 1962 militum
1411 1921 1498 1961 eius

144 1982 257 2030 anni,
297 1990 338 2022 ut
370 1982 547 2036 populus
572 1982 786 2023 Romanus
818 1983 968 2024 tributo
1002 1990 1182 2032 vacaret,
1219 1983 1394 2038 pecunia
1423 1983 1500 2023 im—

146 2051 298 2098 perata.
347 2058 447 2097 pace
472 2044 568 2084 data
593 2044 795 2084 exereitus
822 2045 999 2085 Romam
1023 2045 1230 2086 reductus.

227 2105 448 2146 XXVIII.
499 2104 698 2146 Camillus
730 2107 895 2148 meliore
926 2107 1054 2148 multo
1084 2108 1223 2156 laude,
1255 2122 1379 2161 quam
1404 2122 1496 2159 cum
1528 2124 1539 2152 1

144 2167 460 2222 triumphantem
487 2167 569 2208 albi
593 2183 666 2222 per
689 2168 833 2209 urbem
857 2177 1051 2210 vexerant
1083 2170 1195 2223 equi,
1233 2170 1407 2225 insignis
1437 2170 1500 2210 iu-

146 2229 254 2269 stitia
279 2230 440 2282 fideque
465 2229 652 2270 hostibus
678 2230 796 2271 victis
822 2245 916 2272 cum
941 2231 980 2271 in
1008 2231 1150 2272 urbem
1167 2232 1360 2281 redisset,
1387 2232 1500 2272 taciti

145 2290 232 2331 eius
257 2291 546 2332 verecundiam
571 2307 654 2332 non
678 2292 769 2332 tulit
800 2302 984 2343 senatus,
1024 2294 1123 2347 quin
1154 2294 1240 2335 sine
1271 2309 1385 2335 mora
1414 2294 1500 2335 voti

145 2352 401 2393 liberaretur:
428 2360 707 2407 crateramque
733 2370 899 2396 auream
923 2356 1077 2396 donum
1102 2355 1288 2410 Apollini
1307 2356 1496 2411 Delphos

145 2413 271 2469 legati
289 2415 359 2468 qui
374 2415 528 2456 ferrent
541 2415 808 2466 L.Valerius,
829 2417 881 2458 L.
894 2416 1079 2472 Sergius,
1100 2417 1347 2458 A.Manlius
1381 2419 1498 2460 missi

145 2475 270 2530 longa
294 2491 374 2516 una
398 2491 503 2517 nave
524 2477 635 2518 haud
652 2479 795 2532 procul
815 2479 919 2520 freto
936 2478 1076 2521 Siculo
1096 2495 1120 2520 a
1138 2479 1279 2535 piratis
1292 2480 1497 2535 Liparen-

147 2537 252 2577 sium
277 2539 437 2593 excepti
456 2539 712 2581 devehuntur
729 2541 920 2595 Liparas.
959 2557 1049 2582 mos
1075 2549 1161 2583 erat
1185 2542 1360 2584 civitatis
1386 2543 1497 2584 velut
1524 2558 1541 2587 3

146 2598 310 2653 publico
333 2600 543 2642 latrocinio
567 2610 726 2656 partam
744 2603 940 2657 praedam
959 2604 1152 2645 dividere.
1188 2605 1293 2645 forte
1318 2619 1366 2646 eo
1391 2620 1498 2646 anno

145 2661 188 2702 in
213 2676 374 2703 summo
400 2663 643 2718 magistratu
667 2671 753 2705 erat
777 2664 1056 2707 Timasitheus
1082 2666 1267 2720 quidam,
1298 2666 1496 2708 Romanis

147 2723 208 2764 vir
226 2724 396 2765 similior
413 2739 537 2778 quam
559 2725 662 2776 suis,
689 2726 758 2780 qui
778 2726 1005 2782 legatorum
1024 2743 1173 2769 nomen
1197 2728 1433 2784 donumque
1457 2735 1497 2771 et
1522 2743 1540 2772 4

1524 2371 1541 2399 10
