1835 3226
270 457 303 484 11

266 640 304 670 12

266 886 304 916 13

266 1010 305 1038 12

266 1258 305 1285 15)

267 1571 304 1599 16

286 1816 304 1844 10

336 207 415 248 118
685 212 837 247 LIBER
863 212 916 255 II,
942 212 1065 246 5557.
1095 215 1191 256 [a.u.
1207 225 1237 248 0.
1250 215 1332 259 283]

331 318 605 370 nobilitasque
630 316 682 356 ad
708 315 998 368 inpediendam
1018 315 1153 370 legem
1173 316 1214 356 in
1234 317 1422 358 contione
1442 321 1687 364 consistunt:

333 378 567 421 submoveri
597 377 818 417 Laetorius
850 376 982 427 iubet,
1018 385 1307 432 praeterquam
1337 380 1409 432 qui
1445 381 1686 437 suffragium

330 442 480 482 ineant.
518 439 803 480 adulescentes
823 438 981 480 nobiles
1002 439 1177 489 stabant,
1204 440 1306 480 nihil
1325 441 1517 484 cedentes
1532 444 1688 486 viatori.

331 511 418 544 tum
443 517 495 543 ex
519 501 582 542 his
607 501 753 555 prendi
778 502 981 554 quosdam
1005 502 1227 543 Laetorius
1252 503 1391 545 iubet..
1433 505 1576 546 consul
1601 505 1691 561 Ap-

329 565 423 619 pius
448 578 618 619 negare,
650 564 714 604 ius
741 577 833 604 0330
859 563 1021 605 tribuno
1046 564 1086 604 in
1119 579 1387 618 quemquam,
1424 567 1504 607 nisi
1534 567 1576 607 in
1605 568 1691 622 plc-

330 626 487 667 beium:
515 641 597 666 non
612 625 720 665 enim
739 625 893 679 populi,
916 626 990 666 sed
1008 625 1141 680 plebis
1162 641 1256 667 eum
1277 627 1562 682 magistratum
1584 643 1688 679 0330,

330 702 406 729 nec
430 687 545 728 illum
569 687 706 741 ipsum
733 686 978 728 submovere
1002 702 1076 742 pro
1101 688 1272 742 imperio
1291 703 1413 743 posse
1433 704 1545 731 more
1566 691 1692 732 maio-

330 765 439 798 rum,
466 749 563 802 quia
581 749 638 789 ita
657 749 817 789 dicatur
837 749 891 790 ‘si
910 749 1028 790 vobis
1048 749 1221 799 videtur,
1248 750 1458 800 discedite,
1481 751 1691 804 Quirites?

329 812 451 853 facile
475 812 578 852 haec
603 811 867 865 contemptim
893 811 943 852 de
962 812 1050 852 iure
1070 812 1310 853 disserendo
1328 813 1567 867 perturbare
1580 815 1691 856 Lae-

331 874 479 915 torium
503 879 675 928 poterat.
725 873 873 914 ardens
898 873 1024 928 igitur
1047 874 1107 915 ira
1131 874 1319 916 tribunus
1346 875 1544 916 viatorem
1569 876 1692 917 mittit

330 936 383 977 ad
408 935 638 984 consulem,
666 935 811 976 consul
834 935 1019 976 lictorem
1045 936 1097 976 ad
1117 935 1345 985 tribunum,
1371 937 1578 991 privatum
1598 952 1691 979 0330

331 998 544 1038 clamitans
572 997 659 1038 sinc
683 997 874 1051 imperio,
903 997 990 1038 sinc
1016 998 1277 1052 magistratu,
1304 998 1562 1052 violatusque
1582 1005 1692 1040 essct

330 1059 537 1108 tribunus,
574 1059 617 1099 ni
647 1065 688 1099 et
718 1059 852 1100 contio
884 1059 1017 1100 omnis
1049 1066 1165 1100 atrox
1196 1066 1335 1100 coorta
1363 1075 1437 1114 pro
1463 1060 1625 1102 tribuno
1649 1061 1693 1101 in

331 1120 544 1161 consulem
575 1127 683 1162 esset
715 1127 754 1161 et
785 1135 1008 1162 concursus
1040 1121 1253 1162 hominum
1283 1122 1327 1163 in
1357 1122 1492 1163 forum
1525 1138 1576 1164 ex
1606 1129 1691 1164 tota

331 1183 432 1225 urbe
458 1183 685 1224 concitatae
710 1183 984 1224 multitudinis
1008 1183 1135 1224 fieret.
1187 1184 1415 1225 sustinebat
1440 1191 1577 1225 tamen
1601 1184 1692 1239 Ap-

330 1246 423 1301 pius
443 1245 667 1300 pertinacia
685 1252 841 1286 tantam
860 1251 1165 1300 tempestatem,
1193 1252 1473 1299 certatumque
1498 1246 1609 1287 haud
1631 1247 1692 1286 in-

332 1315 502 1349 cruento
532 1307 688 1362 proelio
721 1307 844 1356 soret,
875 1307 919 1347 ni
944 1307 1184 1359 Quinctius,
1218 1307 1362 1348 consul
1393 1308 1510 1356 alter,
1543 1322 1691 1349 eonsu-

330 1369 485 1411 laribus
510 1369 678 1424 negotio
703 1369 798 1410 dato
823 1375 868 1409 ut
893 1369 1093 1424 collegam
1114 1369 1172 1417 vi,
1201 1369 1234 1408 si
1261 1369 1376 1409 aliter
1400 1385 1480 1410 non
1506 1378 1689 1423 possent,

331 1433 382 1473 de
407 1431 497 1472 foro
517 1431 784 1480 abducerent,
810 1431 899 1485 ipse
918 1445 1027 1471 nunc
1044 1430 1208 1485 plebem
1229 1431 1477 1471 saevientem
1499 1431 1690 1485 precibus

330 1494 515 1542 lenisset,
547 1507 657 1533 nunc
682 1499 840 1533 orasset
864 1492 1069 1541 tribunos,
1106 1499 1152 1532 ut
1183 1493 1400 1533 concilium
1425 1493 1688 1542 dimitterent,

331 1557 474 1596 darent
498 1555 582 1595 irae
609 1554 805 1608 spatium3
831 1568 915 1594 non
932 1554 1016 1593 vim
1043 1569 1159 1594 Suam
1184 1554 1263 1594 illis
1289 1561 1452 1608 tempus
1479 1555 1691 1609 ademptu-

329 1633 440 1666 rum,
467 1617 540 1658 sed
565 1616 782 1657 consilium
807 1615 964 1656 viribus
985 1616 1238 1665 additurum3
1265 1622 1303 1656 et
1322 1623 1459 1670 patres
1485 1617 1526 1656 in
1549 1617 1690 1672 populi

331 1687 371 1719 et
396 1678 609 1719 consulem
633 1678 676 1718 in
700 1684 863 1731 patrum
888 1677 977 1718 fore
1001 1682 1216 1731 potestate.

414 1739 557 1780 LVII.
595 1738 737 1794 Aegre
764 1739 906 1779 sedata
923 1738 975 1779 ab
997 1737 1192 1791 Quinctio
1210 1737 1348 1792 plebs,
1375 1738 1503 1779 inulto
1529 1739 1692 1793 aegrius

331 1801 475 1843 consul
506 1801 607 1842 alter
637 1816 660 1841 a
690 1800 889 1855 patribus.
944 1800 1115 1841 dimisso
1146 1800 1312 1840 tandem
1344 1801 1515 1841 concilio
1545 1801 1691 1855 plebis,

331 1871 518 1905 senatum
537 1863 728 1904 consules
748 1862 913 1904 habent.
946 1862 1017 1903 ubi
1037 1877 1131 1903 cum
1154 1863 1275 1903 timor
1294 1868 1416 1915 atque
1436 1863 1495 1903 ira
1514 1863 1693 1903 invicem

331 1926 552 1967 sententias
566 1926 808 1974 variassent,
829 1939 910 1978 quo
925 1925 1057 1980 magis
1072 1925 1204 1979 spatio
1217 1925 1457 1979 interposito
1472 1924 1523 1965 ab
1537 1925 1694 1980 impetu

330 1989 383 2030 ad
401 1989 718 2030 consultandum
737 1987 1056 2035 advocabantur,
1084 2002 1131 2028 eo
1150 1987 1243 2041 plus
1263 1987 1539 2028 abhorrebant
1558 2003 1582 2028 a
1607 2002 1693 2028 cer-

330 2051 481 2092 tatione
507 2051 650 2100 animi,
677 2051 780 2091 adeo
799 2056 844 2090 ut
866 2048 1060 2101 Quinctio
1080 2050 1234 2104 gratias
1254 2056 1442 2104 agerent,
1470 2050 1581 2102 quod
1602 2049 1690 2090 eius

330 2128 454 2168 opera
473 2113 659 2168 mitigata
678 2112 884 2153 discordia
903 2118 1024 2152 esset.
1057 2111 1108 2152 ab
1122 2111 1263 2165 Appio
1282 2111 1444 2165 petitur,
1472 2117 1516 2151 ut
1536 2117 1690 2151 tantam

330 2174 586 2216 consularem
605 2173 861 2215 maiestatem
882 2187 973 2213 0330
993 2172 1125 2221 vellet,
1147 2178 1300 2225 quanta
1319 2186 1410 2213 esse
1430 2172 1473 2212 in
1492 2173 1685 2213 concordi

329 2237 492 2277 civitate
509 2242 664 2291 posset.
690 2236 788 2277 dum
809 2235 999 2276 eonsules
1020 2234 1253 2288 tribunique
1273 2234 1326 2275 ad
1346 2249 1389 2275 se
1409 2235 1583 2288 quisquc
1604 2249 1691 2275 om-

329 2300 397 2339 nia
415 2299 590 2348 trahant,
610 2298 712 2338 nihil
731 2298 918 2339 relietum
939 2312 1030 2338 0330
1049 2297 1197 2337 virium
1216 2297 1258 2336 in
1272 2297 1427 2346 mcdio3
1454 2296 1691 2337 distractam

330 2361 631 2414 laceratamque
662 2374 750 2400 rem
779 2359 987 2414 publicam
1018 2359 1153 2414 magis
1184 2373 1360 2412 quorum
1390 2359 1433 2398 in
1463 2373 1588 2398 manu
1624 2358 1688 2407 sit,

330 2438 454 2476 quam
478 2430 523 2464 ut
547 2423 764 2464 incolumis
791 2423 859 2471 sit,
886 2422 1040 2475 quaeri.
1083 2422 1249 2476 Appius
1271 2428 1411 2462 contra
1430 2421 1570 2462 testari
1590 2420 1690 2461 deos

330 2492 451 2538 atquc
476 2485 682 2534 homines,
707 2499 795 2526 rem
818 2484 1026 2540 publicam
1049 2484 1169 2539 prodi
1192 2499 1266 2538 per
1289 2491 1445 2524 metum
1470 2497 1518 2524 ac
1543 2481 1687 2529 deseri,

331 2562 413 2586 non
443 2547 655 2588 consulem
687 2547 865 2596 senatui,
898 2547 971 2588 sed
997 2553 1184 2588 senatum
1211 2545 1370 2587 consuli
1400 2546 1564 2594 deesse,
1595 2558 1688 2598 gra-

331 2608 464 2649 viores
485 2610 617 2664 accipi
634 2610 748 2665 leges
769 2624 893 2663 quam
911 2609 954 2649 in
974 2623 1091 2650 sacro
1110 2614 1248 2649 monte
1268 2614 1460 2662 acceptae
1481 2607 1572 2647 sint.
1603 2603 1688 2644 vic-

333 2678 397 2708 tus
424 2676 560 2711 tamen
585 2678 747 2725 patrum
774 2686 977 2712 consensu
1002 2670 1168 2724 quievit.
1206 2670 1273 2710 lex
1293 2669 1453 2711 silentio
1472 2665 1684 2721 perfertur.
