1780 3204
456 245 610 280 LIBER
632 245 761 290 vnn,
787 245 843 281 11.
864 245 919 280 12.
948 247 998 289 [a.
1015 244 1150 289 0320]
1388 235 1471 278 453

120 366 193 406 per
221 350 454 405 pactionem
484 348 657 399 habeas,
695 356 754 391 tot
785 349 895 391 cives
926 348 1172 398 incolumes,
1205 363 1282 404 ego
1312 363 1469 404 pacem,

121 428 244 466 quam
269 412 343 453 hos
369 411 442 452 tibi
465 411 707 452 remittendo
737 418 880 465 pactus
913 426 1022 460 sum,
1055 425 1137 452 non
1166 410 1360 460 habeam,
1391 411 1470 452 hoe

121 482 177 524 tu,
192 473 246 514 A.
263 473 440 522 Corneli,
461 473 539 514 hoe
558 488 643 522 vos,
665 473 838 522 fetiales,
858 473 956 513 iuris
983 472 1175 527 gentibus
1196 472 1355 513 dicitis?
1391 487 1468 527 ego

121 551 217 577 vero
242 537 356 585 istos,
383 550 484 589 quos
511 535 604 576 dedi
630 535 844 584 simulatis,
870 550 945 576 nee
965 535 1120 589 accipio
1144 549 1220 575 nec
1245 535 1339 575 dedi
1363 534 1470 575 arbi-

120 605 220 647 tror,
252 612 326 638 nee
351 612 504 646 moror,
537 611 617 650 quo
643 597 777 637 minus
803 597 844 637 in
869 597 1074 637 civitatem
1100 595 1323 651 obligatam
1348 611 1471 651 spon-

123 661 236 701 sione
262 660 484 700 commissa
507 659 618 699 iratis
645 658 835 700 omnibus
861 659 957 707 diis,
990 673 1163 711 quorum
1195 658 1372 699 eluditur
1395 673 1470 698 nu-

121 737 226 770 men,
252 722 432 762 redeant.
476 721 604 776 gerite
629 719 795 768 bellum,
822 720 985 773 quando
1001 718 1073 774 Sp.
1088 719 1327 760 Postumius
1347 720 1468 761 modo

119 784 300 837 legatum
325 782 504 823 fetialem
529 796 638 836 genu
662 782 846 836 perculit.
884 782 940 822 ita
965 782 1021 822 dii
1046 782 1223 830 credent,
1241 780 1469 822 Samnitem

120 846 252 886 civem
265 844 538 892 Postumium,
565 859 647 884 non
667 844 798 884 civem
816 843 1050 884 Romanum
1071 858 1161 884 esse
1182 850 1220 883 et
1240 859 1263 884 a
1285 842 1469 885 Samnite

118 906 299 961 legatum
313 906 547 947 Romanum
563 905 771 954 violatum,
787 920 835 946 eo
849 905 966 946 'vobis
986 906 1138 946 iustum
1157 905 1199 945 in
1219 920 1294 946 nos
1314 905 1469 946 factum

120 982 210 1008 esse
237 967 402 1008 bellum.
451 967 553 1008 haee
577 966 753 1007 ludibria
782 967 1027 1022 religionum
1052 981 1134 1007 non
1164 968 1317 1021 pudere
1342 967 1384 1007 in
1407 967 1469 1007 lu-

119 1044 207 1069 cem
232 1029 412 1083 proferre
437 1035 477 1069 et
502 1028 571 1069 vix
594 1028 731 1082 pueris
757 1028 903 1083 dignas
930 1028 1127 1082 ambages
1154 1043 1273 1069 senes
1299 1043 1347 1069 ae
1373 1043 1469 1069 con-

119 1091 274 1132 sulares
310 1090 514 1131 fallendae
550 1090 646 1130 fidei
676 1089 906 1143 exquirere!
955 1091 987 1138 i,
1019 1090 1152 1138 lictor,
1185 1090 1303 1130 deme
1334 1090 1469 1130 vincla

116 1152 334 1193 Romanis:
367 1158 547 1193 moratus
575 1152 626 1192 sit
650 1166 789 1200 nemo,
816 1166 898 1204 quo
923 1151 1058 1191 minus
1089 1150 1161 1191 ubi
1185 1151 1321 1192 risum
1346 1151 1469 1191 fuerit

117 1214 291 1255 abeant!
333 1220 372 1255 et
395 1214 454 1254 illi
478 1213 644 1266 quidem
669 1213 842 1253 forsitan
867 1220 906 1253 et
930 1212 1107 1267 publica,
1136 1228 1210 1253 sua
1235 1220 1343 1253 certe
1367 1213 1469 1254 libe-

115 1283 204 1316 rata
229 1275 309 1315 fide
335 1274 385 1315 ab
413 1273 573 1315 Caudio
598 1274 640 1314 in
665 1281 799 1314 castra
822 1274 1013 1315 Romana
1037 1274 1222 1315 inviolati
1246 1275 1466 1315 redierunt.

199 1337 305 1377 XII.
340 1335 594 1377 Samnitibus
620 1351 693 1390 pro
715 1336 892 1390 superba
916 1351 1017 1391 pace
1042 1336 1357 1377 infestissimum
1383 1351 1468 1377 cer-

114 1398 305 1439 nentibus
331 1404 517 1439 renatum
548 1397 701 1438 bellum
728 1398 882 1447 onmia,
915 1412 1020 1451 quae
1051 1398 1198 1439 deinde
1230 1406 1466 1448 evenerunt,

114 1475 195 1500 non
220 1460 262 1500 in
286 1459 432 1500 animis
460 1459 605 1509 solum,
634 1460 706 1501 sed
731 1475 857 1514 prope
883 1460 923 1500 in
950 1459 1078 1501 oculis
1106 1475 1210 1509 csse,
1239 1468 1278 1501 et
1303 1475 1394 1501 sero
1419 1475 1467 1501 ae

114 1522 363 1575 nequiquam
382 1521 548 1562 laudare
570 1522 677 1562 senis
692 1521 831 1562 Pontii
851 1530 1022 1575 utraque
1042 1522 1225 1571 consilia,
1240 1523 1344 1563 inter
1363 1538 1467 1576 quae

116 1599 159 1625 se
184 1584 320 1625 media
343 1584 482 1638 lapsos
508 1584 700 1625 victoriae
731 1585 1036 1638 possessionem
1067 1599 1168 1639 pace
1200 1585 1354 1625 incerta
1379 1600 1468 1624 mu-

113 1654 236 1697 tasse,
257 1654 296 1688 et
315 1647 503 1687 beneficii
522 1653 561 1687 et
579 1646 768 1687 maleficii
794 1647 1008 1687 occasione
1034 1646 1187 1687 amissa
1211 1653 1466 1701 pugnaturos

114 1724 208 1750 cum
234 1709 305 1757 eis,
332 1723 434 1761 quos
460 1708 665 1762 potuerint
690 1708 731 1748 in
755 1715 999 1762 perpetuum
1024 1708 1089 1748 vel
1114 1708 1300 1748 inimicos
1326 1707 1466 1748 tollere

113 1771 178 1811 vel
199 1771 352 1811 amicos
378 1770 525 1810 facere.
569 1770 753 1823 adeoque
779 1770 993 1810 nullodum
1019 1769 1238 1810 certamine
1263 1769 1466 1810 inclinatis

114 1831 269 1872 viribus
295 1839 387 1885 post
404 1831 634 1872 Caudinam
654 1846 797 1885 pacem
819 1832 942 1871 animi
968 1837 1239 1879 mutaverant,
1260 1838 1304 1870 ut
1324 1831 1467 1871 clario-

114 1907 199 1933 rem
226 1893 330 1933 inter
349 1892 558 1933 Romanos
584 1893 735 1933 deditio
755 1892 1017 1933 Postumium
1042 1907 1166 1945 quam
1185 1891 1381 1932 Pontium
1406 1892 1466 1932 in-

115 1962 282 1995 cruenta
300 1954 469 1995 victoria
487 1954 591 1994 inter
612 1953 818 1995 Samnites
839 1954 991 1995 faceret
1011 1961 1047 1994 et
1067 1954 1153 2007 geri
1172 1968 1294 2007 posse
1314 1953 1464 1994 bellum

115 2016 292 2056 Romani
322 2031 395 2070 pro
428 2015 600 2056 victoria
630 2022 741 2056 certa
770 2015 984 2065 haberent,
1014 2014 1221 2056 Samnites
1254 2015 1373 2056 simul
1404 2030 1467 2055 re-

115 2077 291 2118 bellasse
317 2084 356 2118 et
381 2077 529 2117 vicisse
555 2077 766 2117 crederent
789 2077 1036 2118 Romanum.
1314 2129 1318 2132 ὴ

201 2139 314 2180 Inter
343 2139 445 2180 haec
472 2137 676 2180 Satricani
706 2139 759 2179 ad
791 2137 998 2180 Samnites
1030 2138 1267 2180 defecerunt
1297 2145 1337 2179 et
1366 2138 1465 2179 Fre-

115 2201 246 2256 gellae
273 2201 433 2242 colonia
456 2201 700 2255 necopinato
726 2201 905 2242 adventu
933 2200 1181 2242 Samnitium
1199 2226 1253 2230 —-
1271 2200 1401 2242 fuisse
1427 2207 1467 2241 et

117 2262 352 2304 Satricanos
390 2277 483 2303 eum
520 2263 569 2302 iis
607 2263 705 2303 satis
743 2269 902 2304 constat
927 2288 980 2292 -—
1005 2269 1126 2303 noete
1157 2269 1357 2317 occupata
1390 2268 1464 2303 est.

116 2325 235 2364 timor
265 2324 359 2364 inde
391 2331 557 2365 mutuus
590 2332 784 2378 utrosque
815 2340 946 2378 usque
973 2325 1024 2366 ad
1054 2324 1186 2365 lucem
1213 2325 1373 2377 quietos
1407 2330 1466 2365 te-

114 2386 220 2426 nuit:
258 2385 330 2426 lux
354 2400 520 2440 pugnae
545 2386 705 2426 initium
730 2386 825 2435 fuit,
852 2401 975 2439 quam
1001 2386 1252 2440 aliquamdiu
1277 2400 1463 2439 aequam,

116 2456 154 2489 et
179 2448 275 2501 quia
298 2463 371 2502 pro
396 2449 476 2489 aris
502 2463 550 2489 ae
574 2448 677 2489 focis
703 2448 974 2490 dimicabatur
998 2455 1037 2489 et
1061 2449 1157 2501 quia
1177 2463 1227 2489 ex
1252 2448 1368 2489 tectis
1394 2448 1466 2488 ad-

114 2509 281 2550 iuvabat
306 2509 466 2551 inbellis
492 2510 722 2560 multitudo,
749 2517 886 2551 tamen
911 2510 1143 2565 Fregellani
1171 2510 1462 2552 sustinuerunt,

115 2571 228 2612 fraus
255 2572 401 2612 deinde
426 2586 511 2612 rem
536 2572 763 2620 inelinavit,
791 2572 902 2625 quod
926 2587 1069 2612 vocem
1095 2572 1226 2612 audiri
1250 2571 1462 2625 praeconis

114 2633 227 2687 passi
258 2641 369 2683 sunt,
401 2633 647 2675 ineolumem
678 2633 882 2674 abiturum
908 2634 978 2687 qui
1007 2649 1120 2674 arma
1149 2634 1367 2688 posuisset.
1415 2648 1464 2674 ea.

116 2710 210 2750 spes
236 2696 391 2738 remisit
417 2712 440 2738 a
465 2697 683 2738 certamine
715 2696 892 2746 animos,
925 2703 964 2737 et
994 2696 1150 2751 passim
1180 2711 1293 2737 arma
1322 2695 1460 2736 iactari

1498 486 1536 516 10

1497 735 1533 763 11

1491 1961 1510 1989 4

1491 2152 1511 2181 5

1489 2398 1508 2429 6

1489 2584 1507 2615 7
