1780 3204
464 213 617 247 LIBER
643 213 754 258 VIII,
779 213 810 247 9.
831 213 884 247 10.
912 214 960 256 [a.
976 212 1013 246 C.
1027 211 1110 256 340]
1386 203 1470 244 407

114 319 249 361 verbis
274 318 525 372 nuncupavi,
558 317 614 358 ita
636 331 710 371 pro
734 331 777 358 re
802 315 967 370 publica
992 314 1234 367 Quiritium,
1267 316 1460 366 exercitu,

113 381 363 436 legionibus,
412 379 573 420 auxiliis
614 378 756 434 populi
796 377 973 419 Romani
1016 376 1237 429 Quiritium
1278 377 1461 432 legiones

115 444 347 497 auxiliaque
377 442 557 484 hostium
587 456 748 482 meeum
779 440 866 481 deis
896 439 1093 480 Manibus
1126 439 1361 493 Tellurique
1393 441 1463 481 de-

114 505 270 547 voveo?
329 505 431 546 haec
472 505 528 545 ita
564 510 753 558 precatus
790 503 952 544 lictores
989 502 1047 542 ire
1083 502 1135 543 ad
1171 501 1220 542 T.
1258 501 1462 543 Manlium
1489 517 1506 547 9

114 567 227 608 iubet
262 573 500 620 matureque
532 565 713 620 collegae
744 579 788 606 se
819 564 1012 605 devotum
1042 579 1116 618 pro
1148 564 1328 605 exercitu
1359 580 1464 605 nun-

115 630 227 670 tiare.
287 630 376 684 ipse
410 629 611 669 incinctus
648 628 783 668 cinctu
815 625 979 668 Gabino
1017 632 1196 668 armatus
1232 627 1275 667 in
1311 642 1463 681 equum

114 692 284 732 insilivit
314 707 361 733 ae
392 706 435 733 se
465 692 507 732 in
537 691 693 731 medios
729 690 868 731 hostes
904 689 1071 730 inmisit.
1131 697 1374 744 conspectus
1411 690 1463 731 ab
1494 703 1531 733 ιο

114 761 285 807 utraque
322 753 426 802 acie,
469 753 676 805 aliquanto
713 751 926 807 augustior
960 751 1139 792 humano
1176 752 1309 801 visus,
1359 752 1465 793 sicut

114 815 227 856 caclo
253 815 403 856 missus
428 814 636 869 piaculum
662 814 793 855 omnis
819 814 989 854 deorum
1013 813 1114 862 irae,
1141 814 1210 866 qui
1228 820 1387 868 pestem
1412 814 1464 855 ab

115 877 200 917 suis
227 892 413 918 aversam
437 877 479 916 in
503 876 642 917 hostes
674 875 815 916 ferret:
852 875 908 915 ita
938 875 1070 916 omnis
1102 882 1230 916 terror
1253 890 1463 930 pavorque
1492 890 1528 918 11

113 953 207 979 cum
232 939 300 979 illo
325 939 431 979 latus
458 938 576 993 signa
599 938 730 992 primo
755 937 1001 978 Latinorum
1027 937 1222 987 turbavit,
1249 937 1396 978 deinde
1422 938 1464 978 in
1492 952 1530 982 12

113 1007 241 1040 totam
276 1000 438 1054 penitus
475 1001 605 1040 aciem
639 999 832 1054 pervasit.
893 999 1247 1040 evidentissimum
1288 999 1331 1039 id
1372 999 1462 1049 fuit,

113 1063 224 1115 quod
244 1077 502 1115 quacumque
528 1076 632 1114 equo
656 1062 842 1102 invectus
869 1066 948 1109 est,
975 1060 1032 1101 ibi
1056 1060 1168 1100 haud
1193 1075 1312 1101 secus
1339 1075 1463 1114 quam

112 1124 308 1178 pestifero
347 1125 478 1164 sidere
514 1124 583 1164 icti
618 1123 842 1177 pavebant:
880 1122 951 1162 ubi
982 1136 1078 1162 vero
1110 1121 1260 1162 corruit
1291 1122 1461 1163 obrutus

112 1186 215 1235 telis,
236 1186 330 1226 inde
350 1186 430 1225 iam
451 1185 550 1225 haut
569 1185 692 1225 dubie
713 1191 995 1225 consternatae
1016 1183 1203 1224 cohortes
1217 1184 1463 1224 Latinorum

112 1248 256 1301 fugam
281 1262 328 1287 ac
354 1248 587 1287 vastitatem
611 1246 691 1287 late
717 1246 914 1286 fecerunt.
976 1245 1098 1286 simul
1128 1252 1167 1285 et
1190 1245 1368 1286 Romani
1393 1261 1464 1286 ex·
1491 1261 1530 1290 13

111 1308 254 1348 solutis
290 1308 486 1362 religione
523 1307 688 1357 animis,
725 1307 837 1348 velut
873 1313 959 1347 tum
994 1307 1173 1362 primum
1212 1307 1330 1362 signo
1368 1308 1463 1349 dato

110 1369 254 1418 coorti,
280 1384 463 1424 pugnam
488 1369 689 1424 integram
715 1369 941 1410 ediderunt.
1002 1384 1097 1409 nam
1130 1376 1169 1410 et
1198 1370 1340 1410 rorarii
1370 1384 1464 1424 pro·
1491 1385 1531 1414 14

110 1431 325 1472 currebant
354 1432 459 1472 inter
490 1432 745 1486 antepilanos
771 1431 1058 1485 addebantque
1084 1431 1191 1472 vires
1217 1431 1389 1473 hastatis
1415 1447 1462 1473 ac

111 1493 383 1547 principibus,
423 1500 462 1534 et
492 1494 618 1534 triarii
648 1509 758 1549 genu
788 1494 932 1535 dextro
956 1493 1086 1534 innixi
1110 1500 1255 1534 nutum
1281 1494 1461 1535 consulis

112 1555 165 1596 ad
189 1556 521 1611 consurgendum
547 1556 852 1611 exspectabant.

193 1617 253 1658 X.
311 1618 567 1659 Procedente
599 1619 747 1659 deinde
778 1618 998 1659 certamine
1029 1633 1123 1658 cum
1155 1618 1244 1658 aliis
1275 1617 1460 1672 partibus
1490 1634 1504 1663 1

110 1680 327 1720 multitudo
371 1687 580 1734 superaret
615 1681 879 1729 Latinorum,
922 1679 1105 1720 Manlius
1144 1680 1287 1720 consul
1323 1680 1462 1721 audito

111 1749 262 1783 eventu
299 1742 481 1796 collegae
518 1757 630 1791 cum,
668 1749 712 1782 ut
742 1743 806 1783 ius
839 1742 986 1795 fasque
1018 1749 1120 1791 erat,
1158 1742 1349 1783 lacrumis
1380 1758 1463 1783 non

110 1805 245 1844 minus
265 1818 387 1857 quam
406 1803 596 1844 laudibus
618 1804 765 1844 debitis
785 1811 1026 1858 prosecutus
1047 1810 1129 1844 tam
1155 1803 1462 1845 memorabilem

112 1873 284 1906 mortem
310 1872 436 1913 esset,
467 1865 676 1920 paulisper
700 1866 972 1915 addubitavit,
1006 1881 1058 1906 an
1083 1866 1356 1920 consurgendi
1380 1867 1461 1907 iam
1488 1881 1506 1910 2

112 1928 259 1968 triariis
286 1935 447 1982 tempus
473 1935 600 1977 esset3
627 1929 773 1969 deinde
794 1929 940 1969 melius
960 1936 1090 1978 ratus,
1117 1929 1298 1984 integros
1320 1944 1389 1971 eos
1410 1931 1462 1970 ad

111 1990 301 2030 ultimum
337 1990 557 2031 discrimen
593 1990 763 2039 servari,
802 2005 997 2032 accensos
1029 1990 1080 2032 ab
1116 1991 1341 2032 novissima
1376 1992 1462 2032 acie

111 2059 203 2092 ante
241 2051 360 2107 signa
393 2052 614 2106 procedere
649 2051 774 2092 iubet.
835 2053 905 2105 qui
937 2052 1005 2093 ubi
1037 2052 1216 2101 subiere,
1255 2053 1461 2108 extemplo
1487 2067 1506 2097 3

110 2113 271 2162 Latini,
303 2120 513 2166 tamquam
537 2113 645 2153 idem
671 2114 892 2155 adversarii
923 2113 1134 2163 fecissent,
1173 2114 1332 2156 triarios
1364 2130 1460 2156 suos

112 2175 409 2224 excitaverunt3
448 2175 517 2228 qui
548 2175 798 2228 aliquamdiu
828 2191 969 2231 pugna
999 2176 1125 2217 atroci
1150 2191 1244 2217 cum
1269 2183 1309 2218 et
1334 2184 1462 2218 semet

111 2236 190 2290 ipsi
221 2236 465 2291 fatigassent
496 2243 535 2277 et
564 2237 704 2278 hastas
736 2245 805 2278 aut
835 2238 1154 2293 praefregissent
1179 2246 1249 2279 aut
1272 2238 1462 2280 hebetas-

113 2305 221 2347 sent,
246 2298 443 2352 pellerent
467 2299 507 2339 vi
532 2306 669 2340 tamen
693 2300 871 2349 hostem,
898 2300 1147 2341 debellatum
1171 2301 1253 2341 iam
1277 2301 1352 2342 rati
1371 2316 1462 2356 per-

111 2366 361 2413 ventumque
387 2360 439 2401 ad
464 2367 688 2402 extremam
708 2362 854 2411 aciem,
882 2369 968 2402 tum
988 2362 1131 2404 consul
1150 2363 1315 2404 triariis:
1344 2367 1459 2404 ‘con-
1483 2376 1504 2406 4

113 2421 267 2475 surgite
303 2422 429 2462 nunc'
465 2422 595 2475 inquit
632 2423 798 2478 ‘integri
834 2424 1031 2465 adversus
1068 2424 1221 2474 fessos,
1258 2439 1459 2467 memores

111 2483 265 2536 patriae
290 2491 587 2538 parentumque
613 2492 652 2525 et
677 2486 897 2541 coniugum
923 2501 969 2527 ac
995 2486 1232 2536 liberorum,
1259 2502 1459 2528 memores

112 2545 291 2586 consulis
317 2561 390 2599 pro
416 2554 552 2587 vestra
576 2547 745 2588 victoria
769 2554 898 2589 morte
923 2548 1186 2590 occubantis?
1239 2549 1309 2590 ubi
1334 2549 1457 2590 triarii
1486 2564 1504 2593 5

111 2615 454 2649 consurrexerunt
479 2609 645 2664 integri,
677 2609 977 2664 refulgentibus
1009 2611 1150 2660 armis,
1187 2626 1295 2652 nova
1325 2626 1375 2652 ex
1399 2611 1460 2652 in-

110 2670 274 2723 proviso
300 2676 441 2712 exorta
465 2671 592 2721 acies,
624 2671 798 2727 leceptis
823 2672 865 2713 in
888 2672 1101 2715 intervalla,
1131 2674 1317 2715 ordinum
1347 2680 1460 2715 ante-
