1835 3226
291 1977 328 2007 10

289 2226 324 2254 11

353 241 432 283 102
643 245 798 281 LIBER
824 245 880 290 ΙΙ,
904 245 959 279 41.
978 244 1034 278 42.
1063 247 1110 288 [a.
1124 256 1158 279 u.
1175 256 1204 280 e.
1218 246 1413 291 268-271]

348 353 621 406 aliquantum,
659 362 782 402 quem
812 347 1026 403 publicum
1049 348 1253 403 possideri
1277 364 1301 390 a
1323 350 1494 404 privatis
1520 351 1708 393 erimina-

347 415 484 456 batur:
515 412 558 452 id
582 411 733 451 multos
760 411 927 464 quidem
950 418 1133 465 patrum,
1158 411 1272 465 ipsos
1297 426 1578 466 possessores,
1603 414 1706 467 peri-

348 475 440 517 culo
464 488 601 515 rerum
627 487 794 514 suarum
820 472 1009 514 terrebat.
1049 473 1123 513 sed
1141 480 1182 513 et
1200 473 1366 528 publiea
1389 474 1574 529 patribus
1601 474 1705 516 solli-

349 537 486 579 citudo
505 536 647 584 inerat,
673 535 890 590 largitione
911 535 1123 576 consulem
1141 535 1395 590 periculosas
1414 536 1592 577 libertati
1611 550 1709 591 opes

350 606 518 641 struere.
568 604 657 638 tum
680 597 860 652 primum
889 597 958 638 lex
989 597 1151 653 agraria
1180 598 1443 654 promulgata
1473 605 1554 648 est,
1590 613 1710 639 num-

348 676 473 715 quam
514 659 662 701 deinde
703 674 836 713 usque
877 660 931 700 ad
971 659 1078 701 hane
1119 660 1361 701 memoriam
1397 661 1484 701 sine
1520 660 1711 701 maximis

348 722 528 764 motibus
559 736 695 763 rerum
726 722 892 777 agitata.
942 721 1087 763 consul
1119 721 1221 763 alter
1248 722 1457 778 largitioni
1491 721 1708 763 resistebat

349 784 584 827 auctoribus
604 783 788 839 patribus
808 799 884 826 nec
903 784 1014 826 omni
1032 783 1152 839 plebe
1172 785 1428 835 adversante,
1455 799 1560 838 quae
1579 785 1711 840 primo

349 853 540 902 coeperat
564 846 750 887 fastidire
774 862 945 889 munus:
976 847 1211 902 vulgatum,
1238 863 1262 888 a
1287 847 1446 889 civibus
1471 848 1553 888 isse
1578 847 1621 888 in
1647 861 1713 888 so-

349 910 447 951 cios.
498 923 621 964 saepe
647 909 794 950 deinde
821 915 860 950 et
878 908 1125 965 Verginium
1150 909 1362 951 consulem
1386 910 1429 950 in
1453 908 1712 951 contionibus

349 972 462 1013 velut
479 972 772 1013 vaticinantem
791 971 997 1021 audiebat,
1022 971 1219 1026 pestilens
1241 972 1424 1027 collegae
1442 986 1592 1013 munus
1607 986 1711 1020 esse,

350 1050 473 1090 agros
509 1035 602 1076 illos
640 1034 880 1075 servitutem
915 1034 965 1075 iis
1003 1034 1074 1088 qui
1109 1035 1341 1089 acceperint
1370 1034 1544 1084 laturos,
1580 1048 1710 1088 regno

349 1097 460 1137 viam
489 1096 589 1137 fieri.
638 1096 739 1150 quid
768 1096 825 1136 ita
855 1096 963 1136 enim
995 1096 1161 1137 adsumi
1192 1097 1325 1138 socios
1358 1102 1398 1137 et
1421 1110 1572 1137 nomen
1595 1095 1714 1136 Lati-

349 1158 474 1198 num?
504 1158 604 1211 quid
628 1158 843 1199 attinuisse
862 1157 1075 1207 Hernicis,
1102 1159 1225 1213 paulo
1251 1165 1344 1199 ante
1369 1158 1577 1207 hostibus,
1604 1157 1711 1211 capti

350 1220 439 1276 agri
468 1227 627 1275 partem
657 1220 819 1261 tertiam
847 1220 982 1269 reddi,
1020 1221 1099 1261 nisi
1129 1227 1173 1260 ut
1199 1235 1271 1261 eae
1296 1227 1440 1276 gentes
1466 1235 1540 1274 pro
1567 1218 1711 1260 Corio-

350 1283 444 1323 lano
467 1283 571 1323 duce
589 1281 783 1323 Cassium
808 1281 1011 1323 habeant?
1045 1282 1255 1337 popularis
1274 1282 1357 1323 iam
1382 1297 1473 1323 esse
1498 1282 1710 1322 dissuasor

351 1352 392 1386 et
416 1345 662 1385 intercessor
686 1344 790 1400 legis
811 1344 995 1399 agrariae
1017 1350 1218 1398 coeperat.
1260 1350 1429 1397 uterque
1450 1343 1597 1384 deinde
1616 1357 1713 1383 con-

353 1407 435 1456 sul,
468 1413 513 1447 ut
537 1406 740 1455 certatim,
771 1406 882 1460 plebi
906 1405 1133 1461 indulgere.
1182 1405 1406 1461 Verginius
1433 1406 1585 1454 dicere,
1617 1418 1713 1459 pas-

353 1484 494 1510 surum
527 1483 570 1509 se
602 1468 812 1524 adsignari
842 1483 983 1523 agrOS,
1016 1469 1114 1509 dum
1144 1483 1196 1509 ne
1221 1469 1286 1510 cui
1311 1469 1391 1509 nisi
1417 1468 1497 1509 civi
1520 1468 1709 1508 Romano

353 1531 631 1586 adsignentur,
660 1530 852 1579 Cassius,
879 1530 975 1583 quia
995 1530 1037 1570 in
1056 1531 1217 1585 agraria
1234 1530 1449 1585 largitione
1469 1529 1710 1570 ambitiosus

351 1593 394 1633 in
419 1592 553 1632 socios
579 1606 709 1644 eoque
736 1591 894 1632 civibus
914 1591 1034 1632 vilior
1053 1598 1156 1641 erat,
1181 1599 1226 1632 ut
1251 1592 1329 1633 alio
1354 1606 1522 1633 munere
1549 1591 1627 1632 sibi
1650 1604 1713 1631 re-

352 1655 588 1695 conciliaret
626 1653 782 1696 civium
818 1654 996 1703 animos,
1038 1653 1179 1695 iubere
1216 1669 1290 1709 pro
1329 1653 1470 1696 Siculo
1507 1654 1712 1694 frumento

352 1716 571 1772 pecuniam
603 1722 815 1770 acceptam
845 1715 1016 1757 retribui
1044 1716 1210 1771 populo.
1259 1717 1302 1757 id
1330 1731 1428 1757 vero
1457 1716 1570 1758 haud
1595 1729 1712 1756 secus

352 1794 476 1833 quam
500 1784 760 1833 praesentem
784 1778 1018 1819 mercedem
1041 1779 1159 1834 regni
1183 1785 1402 1834 aspernata
1423 1777 1584 1833 plebes3
1610 1777 1713 1818 adeo

350 1847 516 1895 propter
536 1840 813 1895 suspicionem
831 1840 997 1881 insitam
1015 1842 1145 1896 regni,
1166 1841 1278 1882 velut
1292 1841 1548 1882 abundarent
1561 1839 1711 1888 omnia,

352 1917 524 1944 munera
548 1903 635 1944 eius
660 1903 704 1943 in
728 1902 876 1943 animis
901 1903 1116 1944 hominum
1139 1903 1451 1958 respuebantur.

440 1964 596 2018 Quem,
622 1965 694 2006 ubi
717 1965 897 2020 primum
921 1965 1166 2020 magistratu
1190 1965 1308 2015 abiit,
1335 1966 1574 2006 damnatum
1592 1977 1714 2004 neca-

351 2034 521 2081 tumque
552 2034 725 2069 constat.
776 2035 871 2069 sunt
895 2028 966 2081 qui
989 2034 1148 2082 patrem
1173 2035 1381 2069 auctorem
1407 2027 1495 2068 eius
1522 2025 1712 2081 supplicii

351 2090 503 2130 ferant:
541 2104 655 2139 eum,
693 2090 858 2145 cognita
888 2090 1000 2130 domi
1030 2104 1172 2139 eausa,
1204 2089 1444 2131 verberasse
1471 2103 1518 2129 ae
1543 2101 1713 2128 necasse

351 2152 641 2207 peculiumque
671 2151 744 2192 filii
771 2151 913 2193 Cereri
943 2152 1269 2201 consecravisse,
1309 2152 1472 2206 signum
1503 2149 1598 2190 inde
1627 2148 1714 2189 fac-

353 2221 440 2254 tum
460 2228 552 2255 esse
577 2221 617 2254 et
639 2213 883 2267 inscriptum
910 2217 979 2254 ‘ex
1001 2213 1149 2255 Cassia
1167 2213 1324 2254 familia
1343 2211 1510 2254 datum?
1546 2210 1711 2252 invenio

352 2276 463 2330 apud
492 2276 714 2330 quosdam,
751 2276 876 2329 idque
906 2276 1075 2330 propius
1106 2276 1231 2317 fidem
1262 2284 1343 2326 est,
1375 2292 1399 2317 a
1423 2273 1711 2329 quaestoribus

353 2337 543 2379 Caesone
573 2338 705 2380 Fabio
737 2345 777 2379 et
805 2339 859 2378 L.
886 2337 1053 2379 Valerio
1090 2338 1199 2379 diem
1235 2339 1387 2379 dietam
1421 2335 1712 2393 perduellionis

353 2400 673 2454 damnatumque
692 2401 833 2456 populi
852 2401 1023 2450 iudicio,
1051 2401 1206 2442 dirutas
1227 2401 1390 2456 publice
1410 2400 1546 2441 aedes.
1584 2412 1633 2439 ea
1651 2404 1714 2438 est

352 2477 446 2503 area
470 2470 564 2504 ante
584 2463 762 2504 Telluris
781 2463 938 2504 aedem.
977 2471 1176 2513 ceterum,
1205 2464 1291 2504 sive
1315 2463 1418 2504 illud
1442 2460 1713 2503 domesticum

354 2525 439 2565 sive
475 2525 688 2579 publicum
723 2525 802 2566 fuit
836 2525 1053 2575 iudicium,
1091 2526 1310 2567 damnatur
1341 2524 1487 2567 Servio
1508 2521 1712 2570 Cornelio,

354 2585 406 2638 Q.
433 2586 565 2628 Fabio
592 2587 844 2629 consulibus.

437 2648 691 2690 XXXXH.
727 2649 858 2690 Haud
877 2650 1103 2691 diuturna
1092 2666 1154 2692 ira
1177 2650 1354 2705 populi
1343 2665 1387 2690 m
1407 2647 1601 2690 Cassium
1621 2644 1710 2688 fuit.

355 2707 526 2750 dulcedo
552 2711 737 2765 agr-aliae
762 2711 903 2766 legis
892 2727 984 2766 ipsa
1007 2727 1081 2766 per
1105 2727 1149 2753 se
1202 2712 1368 2765 dempto
1400 2716 1564 2751 auctore
1616 2709 1712 2750 sub-
