1835 3226
373 184 456 227 366
649 191 803 225 LIBER
830 190 919 234 vn,
947 190 1073 225 15.16.
1101 193 1149 234 [a.
1164 203 1196 225 u.
1213 203 1242 226 c.
1256 192 1450 237 396—398]

308 311 346 340 13
371 295 555 351 patribus
581 301 669 335 tum
693 294 872 348 primum
897 293 950 334 ad
973 294 1174 348 populum
1198 294 1326 336 latum
1352 303 1432 345 est,
1459 311 1588 350 caque
1607 314 1726 355 roga-

329 497 343 525 1

325 745 343 764 c)

329 2117 344 2144 *⁴1

331 2674 348 2702 9

370 359 479 399 tione
494 372 694 398 novorum
708 357 886 397 maxime
900 356 1114 397 hominum
1133 356 1412 408 ambitionem,
1433 359 1503 412 qui
1522 361 1726 403 nundinas

371 428 410 461 et
429 418 701 460 conciliabula
719 418 832 460 obire
853 419 961 460 soliti
980 425 1112 469 erant,
1139 434 1405 474 conpressam
1425 420 1659 463 eredebant.

455 480 581 522 XVI.
631 480 760 522 Haud
785 495 916 535 aeque
941 481 1048 522 laeta
1072 481 1258 536 patribus
1284 482 1518 535 insequenti
1543 498 1650 524 anno
1677 482 1725 525 C.

369 543 549 593 Marcio,
584 543 662 585 Cn.
688 543 850 585 Manlio
876 543 1115 585 consulibus
1141 544 1192 585 de
1217 545 1400 594 unciario
1425 545 1591 586 faenore
1617 561 1641 586 a
1664 545 1726 587 M.

369 605 531 654 Duilio,
557 606 611 646 L.
631 605 829 646 Menenio
854 604 1028 646 tribunis
1053 605 1185 660 plebis
1211 606 1370 661 rogatio
1396 614 1458 647 est
1482 606 1657 661 perlata3
1689 614 1728 648 ct

369 667 501 723 plebis
528 667 736 722 aliquanto
763 682 854 708 eam
880 667 1069 722 cupidius
1097 668 1215 708 seivit
1241 667 1448 722 (aceepit).

454 729 526 771 Ad
562 729 670 771 bella
704 745 812 771 nova
846 729 980 784 priore
1011 745 1117 770 anno
1148 729 1352 771 destinata
1380 729 1535 771 Falisci
1565 744 1727 784 quoque

369 792 509 834 hostes
542 792 672 833 exorti
697 791 852 847 duplici
877 791 1063 841 erimine,
1097 792 1209 846 quod
1234 799 1273 833 et
1299 807 1393 833 eum
1418 792 1727 846 Tarquiniensi-

369 854 448 896 bus
479 854 673 895 iuventus
705 869 846 895 eorum
876 854 1122 895 militaverat
1147 861 1186 895 et
1212 869 1300 903 eos,
1333 855 1404 908 qui
1428 854 1613 895 Falerios
1637 869 1729 909 per-

370 918 581 974 fugerant,
609 933 703 959 eum
728 917 835 959 male
860 924 1090 973 pugnatum
1110 924 1189 967 est,
1216 917 1496 972 repetentibus
1517 917 1726 960 fetialibus

370 980 570 1022 Romanis
601 996 685 1022 non
714 981 989 1022 reddiderant.
1039 995 1088 1021 ea
1117 981 1330 1035 provincia
1362 980 1439 1023 Cn.
1466 980 1625 1022 Manlio
1656 981 1729 1023 ob-

371 1043 493 1084 venit.
541 1042 728 1085 Marcius
755 1043 979 1085 exercitum
998 1043 1039 1083 in
1059 1059 1205 1098 agrum
1219 1043 1503 1084 Privernatem
1522 1044 1728 1099 integrum

369 1120 472 1160 paee
507 1105 733 1160 longinqua
767 1105 929 1146 induxit
963 1105 1217 1159 militemque
1251 1106 1404 1161 praeda
1440 1106 1621 1160 inplevit.
1676 1105 1729 1147 ad

371 1168 533 1222 copiam
557 1183 693 1209 rerum
720 1168 877 1208 addidit
900 1167 1241 1218 munificentiam,
1268 1169 1379 1222 quod
1403 1168 1504 1208 nihil
1528 1169 1570 1209 in
1593 1167 1728 1223 publi-

372 1244 466 1271 cum
498 1230 748 1271 secernendo
780 1230 947 1285 augenti
977 1245 1064 1270 rem
1094 1230 1296 1284 privatam
1326 1230 1444 1270 militi
1474 1230 1588 1271 favit.
1637 1229 1728 1270 Pri-

370 1298 560 1333 vernates
592 1306 686 1332 cum
718 1299 811 1332 ante
842 1292 1004 1332 moenia
1035 1307 1110 1332 sua
1140 1292 1285 1333 castris
1314 1292 1558 1346 permunitis
1584 1306 1727 1333 consc-

371 1354 546 1403 dissent,
595 1354 751 1395 vocatis
795 1355 848 1395 ad
883 1354 1116 1395 contionem
1152 1354 1368 1404 militibus,
1415 1359 1563 1395 ‘eastra
1601 1355 1726 1395 nune'

370 1416 504 1470 inquit
530 1416 666 1458 ‘vobis
692 1416 873 1458 hostium
898 1416 1124 1470 urbemque
1142 1417 1318 1471 praedae
1339 1417 1408 1466 do,
1437 1417 1471 1457 si
1491 1417 1590 1457 mihi
1609 1417 1727 1471 polli-

372 1479 540 1528 cemini,
566 1494 640 1520 vos
661 1479 819 1520 fortiter
837 1479 879 1519 in
899 1479 985 1519 acie
1011 1494 1178 1533 operam
1203 1485 1424 1521 navaturos
1450 1494 1524 1520 nee
1549 1479 1725 1534 praedae

371 1541 504 1596 magis
525 1556 649 1595 quam
668 1556 832 1596 pugnae
851 1548 1016 1596 paratos
1037 1543 1153 1582 esse.'
1191 1542 1354 1597 signum
1375 1550 1547 1596 poscunt
1568 1542 1724 1597 ingenti

371 1602 549 1644 clamore
580 1602 761 1657 celsique
792 1609 832 1643 et
863 1617 936 1657 spe
967 1603 1077 1643 haud
1108 1602 1234 1644 dubia
1262 1603 1421 1644 feroces
1452 1603 1494 1644 in
1523 1604 1724 1658 proelium

371 1665 539 1706 vadunt.
588 1665 647 1706 ibi
671 1672 765 1706 ante
792 1665 911 1720 signa
939 1663 1036 1706 Sex.
1064 1664 1245 1714 Tullius,
1272 1665 1322 1705 de
1347 1679 1429 1718 quo
1454 1672 1546 1706 ante
1572 1666 1725 1707 dictum

371 1735 445 1777 est,
473 1726 692 1769 exclamat:
722 1727 891 1782 ‘aspice,
917 1726 1166 1781 i1nperator,'
1185 1727 1317 1780 inquit
1363 1726 1725 1780 ‘quemadmodum

371 1790 574 1831 exercitus
594 1798 689 1831 tuus
710 1789 782 1830 tibi
801 1790 1006 1844 promissa
1026 1789 1230 1844 praestet‚'
1248 1789 1414 1844 piloque
1432 1789 1567 1843 posito
1587 1790 1727 1831 stricto

371 1851 510 1907 gladio
535 1852 578 1892 in
602 1852 764 1893 hostem
789 1852 989 1907 impetum
1020 1852 1130 1893 facit.
1181 1860 1375 1893 secuntur
1399 1851 1584 1892 Tullium
1615 1858 1727 1892 ante-

372 1915 534 1970 signani
560 1930 703 1956 omnes
728 1915 942 1970 primoque
967 1915 1124 1969 impetu
1155 1921 1337 1968 avertere
1368 1914 1549 1964 hostem3
1587 1914 1728 1955 fusum

372 1977 465 2019 inde
491 1977 544 2018 ad
563 1977 760 2033 oppidum
779 1977 1002 2032 persecuti,
1030 1991 1125 2017 eum
1148 1976 1231 2017 iam
1257 1976 1389 2017 scalas
1415 1975 1631 2017 moenibus
1657 1977 1729 2017 ad-

371 2047 600 2089 moverent,
626 2040 668 2080 in
687 2039 936 2080 deditionem
956 2038 1101 2079 urbem
1126 2044 1383 2093 acceperunt.
1428 2038 1658 2092 triumphus
1678 2038 1728 2080 de

371 2100 682 2143 Privernatibus
715 2108 842 2142 aetus.
893 2100 944 2142 ab
976 2101 1103 2143 altero
1135 2100 1302 2142 consule
1333 2099 1433 2140 nihil
1463 2099 1729 2141 memorabile

371 2171 555 2219 gestum,
592 2164 672 2205 nisi
703 2164 815 2218 quod
846 2164 981 2219 legem
1010 2178 1118 2205 novo
1155 2162 1344 2217 exemplo
1381 2162 1434 2203 ad
1466 2160 1650 2204 Sutrium
1687 2162 1730 2203 in

373 2227 517 2268 castris
549 2226 732 2268 tributim
758 2226 808 2267 de
834 2226 1062 2267 vicensima
1086 2241 1246 2275 eorum,
1277 2225 1347 2278 qui
1373 2239 1498 2265 manu
1522 2224 1730 2265 mitteren-

372 2295 454 2338 tur,
499 2289 602 2330 tulit.
650 2296 808 2344 patres,
852 2289 949 2342 quia
985 2303 1033 2329 ea
1068 2288 1161 2344 lege
1197 2288 1308 2328 haud
1343 2302 1517 2342 parvum
1553 2286 1729 2341 vectigal

371 2350 484 2405 inopi
520 2352 676 2392 aerario
713 2351 898 2392 additum
935 2358 1062 2400 esset,
1101 2358 1288 2391 auctores
1320 2349 1498 2390 fuerunt.
1547 2356 1729 2390 ceterum

374 2413 525 2454 tribuni
554 2413 686 2468 plebis
713 2428 795 2454 non
821 2419 905 2454 tam
929 2412 1021 2468 lege
1047 2427 1172 2466 quam
1198 2412 1385 2466 exemplo
1411 2411 1528 2460 moti,
1560 2425 1611 2451 ne
1637 2411 1728 2465 quis

372 2484 517 2529 postea
545 2475 744 2530 populum
776 2482 1004 2524 sevocaret,
1043 2475 1176 2529 capite
1208 2481 1451 2516 sanxerunt:
1488 2473 1589 2514 nihil
1620 2474 1728 2514 enim

373 2552 455 2577 non
484 2552 557 2592 per
587 2538 736 2579 milites
766 2538 921 2579 iuratos
952 2537 994 2577 in
1026 2537 1205 2578 consulis
1230 2536 1357 2578 verba
1381 2536 1569 2590 quamvis
1594 2535 1729 2590 perni-

374 2599 532 2640 ciosum
555 2599 727 2655 populo,
755 2600 788 2641 si
814 2600 855 2640 id
879 2600 1037 2648 liceret,
1063 2599 1160 2640 ferri
1184 2614 1320 2654 posse.

458 2661 620 2703 Eodem
645 2677 753 2704 anno
781 2661 830 2704 C.
856 2662 1046 2703 Licinius
1074 2660 1190 2704 Stolo
1216 2678 1240 2703 a
1263 2661 1325 2702 M.
1352 2660 1515 2716 Popilio
1540 2660 1728 2700 Laenate
