1835 3226
338 229 417 270 136
677 233 831 268 LIBER
856 233 931 277 111,
959 235 1084 267 11.1·2.
1113 237 1209 278 [au.
1227 236 1352 279 2293]

333 354 384 380 ne
415 339 481 379 cui
504 339 547 378 in
571 336 814 378 conluvione
839 350 975 377 rerum
1000 337 1255 378 maiestatem
1281 352 1398 379 suam
1425 341 1693 382 contumeliae

333 400 542 442 offerrent.

288 478 305 507 6
418 461 554 502 Caeso
574 466 660 502 erat
681 460 920 514 Quinctius,
947 460 1065 502 ferox
1083 462 1244 503 iuvenis
1264 477 1346 516 qua
1365 463 1576 504 nobilitate
1594 479 1692 519 gen-

331 525 401 574 tis,
439 537 521 577 qua
551 523 734 577 corporis
766 523 1051 578 magnitudine
1083 531 1123 565 et
1153 524 1323 566 viribus.
1374 526 1426 566 ad
1451 540 1500 566 ea
1523 541 1693 567 munera

331 586 427 626 data
451 601 476 626 a
500 585 578 626 diis
604 592 643 626 et
667 585 757 640 ipse
777 585 990 626 addiderat
1008 586 1136 627 multa
1154 586 1251 628 belli
1271 587 1419 640 decora
1438 586 1693 628 facundiam-

330 662 410 700 que
435 647 477 687 in
501 646 610 696 foro,
636 653 682 687 ut
704 662 827 688 nemo
851 661 935 688 non
958 647 1118 703 lingua,
1144 663 1227 690 non
1251 664 1378 689 manu
1401 649 1628 703 promptior
1650 650 1694 690 in

287 726 303 753 7
331 709 494 750 civitate
515 708 746 750 haberetur.
783 709 851 750 hie
876 723 971 750 cum
995 710 1037 750 in
1062 711 1196 751 medio
1221 717 1384 765 patrum
1409 711 1573 766 agmine
1599 725 1694 752 con-

331 772 504 812 stitisset
534 771 719 812 eminens
749 771 856 812 inter
886 771 1006 822 alios,
1038 772 1324 813 velut‘omnes
1350 773 1572 814 dictaturas
1599 787 1694 814 con-

331 834 573 888 sulatusque
603 849 752 890 gerens
782 834 825 875 in
855 849 957 876 voce
987 849 1036 876 ae
1065 835 1221 876 viribus
1248 835 1352 884 suis,
1384 850 1491 876 unus
1516 835 1693 890 impetus

286 910 305 940 s
330 896 570 938 tribunicios
606 896 911 951 popularesque
946 896 1147 951 procellas
1186 897 1427 938 sustinebat.
1476 897 1554 938 hoe
1590 897 1694 938 duce

331 973 454 1013 saepe
484 958 594 1013 pulsi
623 958 713 999 foro
744 958 915 1008 tribuni,
953 958 1048 999 fusa
1078 973 1125 1000 ae
1157 959 1303 1014 fugata
1332 958 1474 1013 plebes
1500 964 1574 999 est.
1623 959 1693 1012 qui

330 1020 476 1062 obvius
497 1020 649 1070 fuerat,
676 1020 879 1061 mulcatus
900 1020 1163 1075 nudatusque
1188 1021 1345 1071 abibat,
1373 1027 1417 1061 ut
1442 1020 1540 1062 satis
1566 1035 1691 1075 appa-

328 1089 453 1131 reret,
481 1083 515 1123 si
541 1083 599 1123 sic
624 1083 692 1137 agi
716 1083 873 1132 liceret,
900 1083 1051 1123 victam
1075 1083 1211 1139 legem
1237 1097 1341 1124 esse.

286 1158 303 1186 9
416 1144 543 1193 Tum,
569 1159 697 1199 prope
722 1144 804 1184 iam
828 1145 1029 1198 perculsis
1056 1145 1145 1186 aliis
1166 1145 1358 1194 tribunis,
1384 1144 1439 1185 A.
1455 1144 1691 1200 Verginius,

332 1221 383 1247 ex
414 1206 589 1261 collegio
621 1220 747 1255 unus,
781 1205 962 1248 Caesoni
993 1207 1138 1261 capitis
1175 1208 1284 1248 diem
1321 1207 1430 1248 dicit.
1480 1213 1598 1248 atrox
1632 1207 1693 1247 in-

331 1269 500 1323 genium
536 1268 779 1309 accenderat
815 1282 864 1309 eo
906 1268 1016 1309 facto
1059 1269 1192 1324 magis
1235 1283 1360 1322 quam
1390 1275 1691 1310 ,conteri-uerat:

331 1345 379 1371 eo
421 1330 555 1371 acrius
598 1330 761 1371 obstare
798 1330 898 1385 legi,
943 1331 1097 1386 agitare
1132 1330 1314 1385 plebem,
1359 1330 1543 1371 tribunos
1580 1330 1692 1371 velut

266 1404 306 1434 10
330 1392 438 1433 iusto
469 1392 661 1446 persequi
690 1391 811 1433 bello.
861 1399 1076 1433 aecusator
1104 1393 1190 1447 pati
1214 1408 1329 1433 reum
1354 1407 1471 1433 ruere
1496 1392 1692 1433 invidiae-

330 1467 409 1506 que
434 1454 642 1494 flammam
667 1468 714 1494 ae
740 1454 953 1494 materiam
979 1454 1217 1495 criminibus
1245 1455 1329 1496 suis
1363 1469 1602 1510 suggerere,
1634 1455 1692 1496 le-

329 1531 425 1570 gem
450 1516 612 1556 interim
637 1531 719 1557 non
744 1522 827 1557 tam
854 1517 906 1557 ad
932 1531 1048 1571 spem
1072 1516 1305 1571 perferendi
1335 1532 1459 1570 quam
1484 1518 1537 1557 ad
1561 1517 1691 1558 laces-

266 1590 301 1618 11
332 1579 501 1619 sendam
535 1578 737 1619 Caesonis
768 1579 1040 1619 temeritatem
1070 1579 1190 1619 ferre.
1238 1578 1297 1620 ibi
1325 1579 1454 1620 multa
1485 1594 1608 1634 saepe
1639 1579 1690 1620 ab

328 1641 539 1681 iuventute
586 1640 817 1681 inconsulte
858 1640 967 1681 dicta
1007 1640 1199 1693 factaque
1240 1641 1283 1681 in
1324 1642 1446 1682 unius
1490 1641 1691 1682 Caesonis

264 1711 303 1741 12
331 1709 568 1756 suspectum
594 1702 779 1742 incidunt
803 1702 1028 1757 ingenium.
1066 1709 1205 1742 tamen
1229 1702 1312 1757 legi
1336 1702 1614 1743 resistebatur.
1653 1710 1693 1744 et

328 1763 383 1805 A.
410 1763 634 1819 Verginius
665 1764 890 1804 identidem
920 1763 1048 1818 plebi:
1088 1764 1256 1817 ‘ecquid
1292 1764 1450 1805 sentitis
1485 1764 1568 1804 iam
1603 1779 1690 1813 vos,

331 1825 533 1879 Quirites,
562 1825 796 1867 Caesonem
823 1826 946 1866 simul
971 1826 1103 1866 civem
1129 1832 1169 1866 et
1193 1826 1346 1881 legem,
1379 1840 1503 1879 quam
1529 1825 1691 1881 cupitis,

265 1897 304 1927 13
329 1888 480 1929 habere
511 1903 595 1929 non
624 1888 773 1943 posse?
808 1902 1077 1942 quamquam,
1115 1888 1215 1941 quid
1246 1902 1322 1943 ego
1352 1887 1488 1943 legem
1525 1887 1694 1941 loquor?

328 1950 506 1992 libertati
548 1950 702 2000 obstat,
753 1965 896 1991 omnes
935 1950 1185 2003 Tarquinios
1231 1949 1424 2004 superbia
1459 1956 1690 2004 exsuperat.

330 2018 584 2067 exspectate,
617 2013 716 2053 dum
742 2012 886 2053 consul
911 2018 982 2052 aut
1006 2012 1180 2053 dictator
1208 2011 1297 2061 fiat,
1335 2026 1458 2065 quem
1487 2012 1692 2065 privatum

332 2075 489 2116 viribus
539 2082 580 2115 et
626 2075 800 2115 audacia
842 2080 1084 2129 regnantem
1126 2074 1300 2115 videtis?
1359 2073 1693 2114 adsentiebantur

329 2136 464 2185 multi,
502 2136 688 2191 pulsatos
721 2151 765 2177 se
795 2142 1034 2189 querentes,
1073 2142 1112 2176 et
1142 2135 1351 2177 tribunum
1383 2135 1436 2175 ad
1465 2149 1551 2175 rem
1575 2149 1693 2189 pera-

329 2199 509 2254 gendam
533 2198 640 2239 ultro
664 2198 903 2239 incitabant.

288 2283 300 2309 1
414 2261 521 2301 XII.
582 2260 673 2301 Iam
710 2260 850 2301 aderat
885 2260 1036 2301 iudicio
1073 2261 1160 2301 dies
1198 2259 1522 2315 apparebatque,
1566 2259 1691 2314 vulgo

329 2323 517 2364 homines
547 2324 590 2364 in
621 2323 883 2364 danmatione
916 2322 1117 2364 Caesonis
1149 2322 1380 2364 libertatem
1411 2322 1480 2377 agi
1511 2321 1688 2362 credere.

330 2392 416 2425 tum
436 2386 603 2426 demum
629 2392 795 2426 coactus
822 2400 914 2426 cum
942 2385 1072 2426 multa
1094 2385 1337 2440 indignitate
1361 2383 1585 2439 prensabat
1610 2383 1692 2424 sin—

285 2463 303 2489 ‘2
329 2447 462 2501 gulos.
514 2447 792 2501 sequebantur
820 2448 1061 2497 necessarii,
1094 2447 1299 2501 principes
1331 2445 1520 2487 civitatis.
1570 2445 1690 2486 Titus

331 2509 550 2561 Quinctius
579 2509 857 2564 Capitolinus,
891 2510 960 2563 qui
992 2516 1053 2550 ter
1084 2509 1229 2550 consul
1260 2509 1411 2557 fuerat,
1445 2522 1539 2548 cum
1563 2507 1691 2547 multa

287 2584 304 2613 3
329 2571 498 2612 referret
542 2587 616 2613 sua
658 2572 922 2625 familiaeque
964 2572 1131 2620 deeora,
1175 2570 1437 2619 adfirmabat,
1480 2582 1613 2621 neque
1647 2567 1688 2608 in

332 2631 527 2684 Quinctia
551 2639 674 2688 gente
699 2648 833 2686 neque
858 2633 898 2673 in
925 2633 1088 2673 civitate
1114 2632 1305 2673 Romana
1330 2638 1485 2673 tantam
1510 2629 1687 2669 indolem

333 2702 413 2733 tam
451 2702 634 2736 maturae
670 2695 831 2736 virtutis
869 2710 1065 2748 umquam
1103 2695 1306 2743 extitisse,
1351 2707 1471 2734 suum
1510 2690 1686 2744 primum
