1780 3204
460 199 612 242 LIBER
637 200 688 244 x,
715 199 842 234 3135.
871 201 919 242 [a.
935 198 975 232 0.
991 198 1162 242 291293]
1406 188 1489 229 535

140 303 213 344 sed
236 303 353 344 iussu
378 303 519 357 populi
539 302 812 357 triumphasse
832 302 996 350 diceret,
1022 300 1236 350 adiciebat,
1263 315 1307 342 se
1326 315 1489 354 quoque
1520 316 1557 344 11

139 365 315 405 laturum
340 364 469 405 fuisse
494 364 546 404 ad
570 364 786 418 populum,
823 363 865 404 ni
885 363 1017 412 sciret,
1040 363 1259 417 mancupia
1287 359 1489 404 nobilium

139 426 323 467 tribunos
348 425 479 479 plebis
505 425 639 479 legem
665 425 937 479 inpedituros:
969 425 1223 466 voluntatem
1255 425 1333 467 sibi
1358 439 1405 466 ac
1430 424 1492 466 fa-

139 503 279 528 vorem
317 487 610 528 consentientis
647 487 789 541 populi
824 502 897 541 pro
929 486 1118 528 omnibus
1155 487 1279 528 iussis
1317 502 1409 528 esse
1446 501 1493 527 ac

139 549 289 589 futura.
343 554 590 602 posteroque
623 549 687 589 die
725 549 877 590 auxilio
914 549 1169 590 tribunorum
1203 548 1335 603 plebis
1372 550 1493 590 trium
1524 562 1561 591 12

140 610 338 651 adversus
363 611 698 651 intercessionem
724 617 881 665 septem
906 611 1160 652 tribunorum
1185 618 1224 652 et
1249 626 1495 652 consensum

142 678 307 712 senatus
334 671 564 712 celebrante
589 672 742 726 populo
767 673 876 713 diem
902 672 1178 727 triumphavit.

225 732 418 774 Ethuius
433 733 528 773 anni
541 748 686 787 parum
700 740 892 774 constans
913 734 1109 774 memoria
1128 741 1208 775 est:
1233 734 1494 775 Postumium
1525 747 1562 776 13

143 801 284 835 auctor
315 801 377 836 est
404 794 604 836 Claudius
635 795 677 835 in
710 794 880 836 Samnio
911 796 1039 850 captis
1071 796 1225 849 aliquot
1253 796 1425 837 urbibus
1455 797 1498 837 in

141 855 297 910 Apulia
327 857 466 897 fusum
503 857 792 912 fugatumque,
832 858 1017 898 saucium
1052 858 1189 912 ipsum
1225 872 1317 898 cum
1354 858 1496 912 paucis

141 918 363 959 Luceriam
384 919 647 973 conpulsum3
674 919 725 959 ab
742 918 871 960 Atilio
891 919 933 959 111
951 919 1119 959 Etruria
1137 934 1202 960 res
1223 926 1363 974 gestas
1384 934 1496 960 eum-

142 994 221 1033 que
246 980 533 1035 triumphasse.
581 980 737 1022 Fabius
764 981 885 1022 ambo
911 981 1101 1023 consules
1126 981 1167 1021 in
1190 980 1360 1022 Samnio
1381 988 1420 1022 et
1443 982 1495 1021 ad
1524 996 1562 1024 14

142 1042 365 1082 Luceriam
394 1057 459 1082 res
490 1043 671 1097 gessisse
703 1042 842 1083 scribit
873 1043 1187 1096 traductumque
1218 1043 1260 1082 in
1284 1042 1495 1083 Etruriam

143 1104 367 1144 exereitum
392 1129 445 1133 —
473 1105 546 1145 sed
575 1103 626 1145 ab
658 1110 748 1145 utro
780 1104 965 1153 consule,
1003 1103 1088 1144 non¹
1117 1104 1264 1144 adiecit
1290 1129 1343 1133 —
1375 1110 1414 1144 et
1445 1105 1497 1144 ad
1526 1120 1563 1147 15

142 1166 363 1206 Luceriam
394 1166 597 1218 utrimque
628 1165 777 1206 multos
809 1165 967 1206 occisos
993 1165 1117 1217 inque
1142 1179 1190 1205 ea
1220 1179 1361 1219 pugna
1384 1165 1497 1206 Iovis

146 1226 320 1268 Statoris
346 1228 489 1267 aedem
515 1233 670 1276 votam,
697 1233 742 1266 ut
766 1226 969 1267 Romulus
996 1234 1088 1266 ante
1121 1237 1306 1276 voverat3
1340 1226 1413 1267 sed
1438 1226 1499 1267 fa-

143 1304 242 1329 num
267 1295 441 1336 tantum,
480 1289 521 1328 id
546 1297 607 1329 est
631 1288 746 1329 locus
772 1288 924 1341 templo
950 1288 1098 1328 effatus
1124 1288 1269 1329 fuerat.
1319 1296 1498 1329 ceterum
1531 1303 1567 1332 1ss

143 1351 221 1390 hoc
252 1350 417 1389 demum
448 1364 573 1398 anno,
611 1355 656 1389 ut
687 1350 831 1390 aedem
863 1349 986 1390 etiam
1016 1349 1105 1390 fieri
1130 1357 1295 1390 senatus
1327 1350 1496 1399 iuberet,

142 1411 205 1452 bis
232 1410 414 1451 eiusdem
440 1411 524 1451 voti
549 1411 742 1452 damnata
765 1426 807 1452 re
832 1411 1015 1465 publiea,
1042 1411 1083 1451 in
1109 1412 1351 1466 religionem
1375 1413 1499 1453 venit.

227 1473 496 1513 XXXVIII.
548 1472 744 1527 Sequitur
768 1473 878 1514 hune
902 1489 1054 1514 annum
1081 1479 1121 1514 et
1151 1473 1294 1514 consul
1324 1473 1497 1528 insignis
1527 1489 1543 1517 l

142 1535 196 1575 L.
222 1534 414 1589 Papirius
443 1534 598 1576 Cursor
623 1550 704 1588 qua
729 1542 898 1589 paterna
922 1535 1052 1589 gloria
1076 1549 1158 1588 qua
1185 1550 1260 1576 sua
1284 1542 1324 1575 et
1348 1535 1500 1576 bellum

142 1597 287 1651 ingens
314 1597 576 1649 victoriaque,
603 1604 797 1650 quantam
824 1597 874 1637 de
902 1596 1158 1638 Samnitibus
1184 1612 1304 1638 nemo
1330 1597 1383 1638 ad
1408 1612 1499 1638 eam

143 1658 251 1698 diem
276 1665 436 1711 praeter
459 1658 512 1698 L.
539 1658 752 1712 Papirium
778 1665 935 1713 patrem
967 1658 1146 1699 consulis
1179 1665 1404 1713 pepererat.
1460 1666 1499 1700 et

143 1719 248 1760 forte
269 1720 413 1759 eodem
433 1726 582 1760 conatu
601 1726 880 1773 apparatuque
906 1721 1017 1760 omni
1043 1720 1249 1774 opulentia
1274 1721 1499 1776 insignium

144 1796 349 1821 armorum
375 1780 526 1821 bellum
553 1781 852 1822 adornaverant
883 1789 922 1822 et
952 1782 1124 1822 deorum
1149 1782 1270 1822 etiam
1302 1783 1500 1824 adhibue-

144 1848 235 1882 rant
265 1856 364 1896 opes
395 1842 475 1882 ritu
506 1843 685 1895 quodam
717 1843 962 1883 sacramenti
992 1849 1155 1884 vetusto
1186 1844 1298 1884 velut
1332 1844 1498 1885 initiatis

144 1904 354 1953 militibus,
381 1904 530 1945 dilectu
554 1919 628 1959 per
652 1920 772 1946 omne
795 1904 1011 1946 Samnium
1035 1905 1174 1946 habito
1194 1921 1301 1947 nova
1324 1906 1428 1961 lege,
1454 1912 1500 1946 ut
1526 1919 1544 1947 3

144 1967 215 2019 qui
250 1966 453 2006 iuniorum
490 1982 573 2008 non
610 1967 869 2008 convenisset
905 1967 957 2007 ad
992 1967 1284 2021 imperatorum
1321 1968 1499 2008 edictum

145 2028 297 2081 quique
327 2027 488 2068 iniussu
519 2028 690 2078 abisset,
728 2035 850 2083 caput
879 2028 970 2069 Iovi
1001 2035 1206 2069 sacratum
1237 2035 1356 2070 esset.
1411 2036 1497 2069 tum
1524 2043 1544 2071 4

145 2089 346 2130 exereitus
373 2090 504 2130 omnis
529 2089 797 2143 Aquiloniam
822 2097 884 2131 est
908 2090 1098 2130 indictus.
1153 2091 1206 2131 ad
1230 2091 1501 2146 quadraginta

144 2151 256 2190 milia
281 2151 468 2200 militum,
495 2152 606 2204 quod
630 2151 787 2192 roboris
813 2151 856 2192 in
882 2150 1053 2192 Samnio
1079 2158 1176 2201 erat,
1204 2159 1495 2193 convenerunt.

146 2212 203 2252 ibi
227 2213 371 2253 mediis
403 2212 487 2253 fere
520 2213 663 2254 castris
696 2214 811 2254 100115
844 2220 905 2254 651
931 2220 1178 2267 consaeptus
1199 2213 1378 2254 cratibus
1408 2214 1498 2268 plu·
1525 2229 1543 2257 5

146 2274 303 2327 teisque
329 2281 368 2314 et
392 2274 526 2315 linteis
552 2282 782 2324 contectus,
820 2281 965 2329 patens
997 2275 1196 2316 ducentos
1227 2276 1405 2315 maxime
1430 2290 1500 2330 pe-

147 2336 218 2376 des
244 2336 286 2375 in
310 2336 441 2377 omnis
466 2337 617 2390 pariter
640 2337 780 2391 partis.
817 2336 874 2377 ibi
900 2352 951 2376 ex
969 2336 1073 2377 libro
1095 2343 1230 2377 vetere
1250 2337 1375 2377 linteo
1394 2337 1499 2377 lecto
1526 2351 1543 2380 6

149 2398 419 2438 sacrificatum
435 2399 644 2439 sacerdote
660 2397 770 2440 Ovio
784 2398 937 2439 Paccio
952 2398 1143 2451 quodam,
1170 2399 1335 2439 homine
1350 2414 1500 2453 magno

147 2467 258 2509 natu,
286 2461 413 2513 quise
435 2461 476 2500 id
492 2476 652 2501 sacrum
671 2467 807 2514 petere
827 2460 1070 2501 adfirmabat
1088 2476 1140 2501 ex
1160 2467 1321 2501 vetusta
1337 2459 1501 2502 Samni-

147 2522 248 2563 tium
273 2523 487 2577 religione,
520 2538 601 2576 qua
626 2523 832 2576 quondam
858 2522 922 2562 usi
946 2522 1120 2563 maiores
1146 2537 1287 2563 eorum
1312 2522 1498 2571 fuissent,

147 2600 241 2625 011111
271 2586 512 2626 adimendae
542 2586 731 2626 Etruscis
765 2584 934 2639 Capuae
966 2584 1266 2625 clandestinum
1297 2585 1501 2639 cepissent

148 2648 375 2689 consilium.
415 2648 614 2689 sacrificio
629 2648 811 2702 perfecto
830 2661 903 2701 per
923 2646 1120 2688 viatorem
1139 2647 1359 2702 imperator
1378 2646 1499 2687 acciri
1528 2661 1542 2688 ῖ

1525 1674 1543 1702 10
