1780 3204
407 262 561 296 Lmffli
587 262 660 306 111,
686 262 808 296 31:38.
836 264 883 304 [a.
900 260 1029 294 0450.
1050 260 1132 303 449]
1364 252 1441 290 159

89 368 379 416 intermissam,
411 371 663 420 repararent,
696 380 790 406 cum
814 364 977 405 interim
1002 364 1154 405 mentio
1187 363 1443 405 comitiorum
1470 375 1486 404 6

88 431 199 470 nulla
223 429 321 470 fieri.
372 435 411 469 et
441 428 680 477 decemviri,
718 428 788 480 qui
820 427 951 482 primo
977 426 1215 467 tribunicios
1240 426 1441 474 homines,

87 492 182 545 quia
207 492 248 531 id
272 490 468 545 populare
493 489 739 538 habebatur,
773 489 926 529 circum
952 503 995 529 se
1027 494 1333 529 ostentaverant
1357 488 1443 542 ple-

88 553 165 602 bei,
192 553 371 607 patriciis
397 551 614 592 iuvenibus
641 557 880 605 saepserant
904 550 1043 591 latera.
1088 565 1230 591 eorum
1255 556 1442 591 catervae

88 615 305 656 tribunalia
334 613 590 655 obsidebant.
639 613 682 654 hi
713 613 837 662 ferre,
876 628 997 667 agere
1034 613 1198 667 plebem
1227 611 1442 667 plebisque

88 692 164 725 res,
191 691 284 716 cum
310 675 511 730 (fortuna)
537 690 619 728 qua
642 675 842 728 quidquid
867 675 1049 728 cupitum
1075 675 1180 715 foret
1203 673 1442 729 potentioris

87 744 207 778 esset.
257 745 295 778 ct
321 738 402 778 iam
427 752 477 778 nc
503 744 617 791 tergo
643 737 809 790 quidem
834 735 1133 777 abstinebatur:
1160 736 1287 791 virgis
1314 735 1441 784 caedi,

87 800 153 839 alii
181 800 312 840 securi
337 799 468 840 subici
494 806 544 848 et,
571 813 621 839 nc
647 798 825 853 gratuita
851 798 1069 839 crudelitas
1090 804 1212 848 esset,
1238 798 1439 840 bonorum

87 861 251 901 donatio
278 862 394 914 sequi
426 860 579 901 domini
612 860 870 914 supplicium.
920 860 998 900 hac
1029 861 1217 900 mercede
1248 860 1439 901 iuventus

86 923 233 963 nobilis
266 930 455 977 corrupta
486 938 566 963 non
597 923 719 962 modo
750 937 830 962 non
855 922 913 962 ire
945 922 1109 962 obviam
1139 922 1330 971 iniuriae,
1370 922 1442 962 sed

87 985 296 1039 propalam
322 985 527 1025 licentiam
554 999 670 1024 suam
695 984 816 1024 malle
842 998 966 1037 quam
992 984 1174 1024 omnium
1199 984 1482 1024 libertatem..

170 1046 438 1087 XXXVIII.
481 1047 582 1086 Idus
608 1046 746 1086 Maiae
773 1046 922 1086 venire.
966 1046 1086 1085 nullis
1103 1045 1337 1100 subrogatis
1358 1060 1443 1084 ma-
1472 1059 1481 1085 1

85 1107 338 1161 gistratibus,
364 1109 512 1164 privati
536 1123 609 1163 pro
636 1107 878 1147 decemviris
903 1122 1037 1160 neque
1063 1107 1210 1147 animis
1237 1108 1288 1146 ad
1314 1107 1442 1159 impe-

86 1170 189 1210 rium
227 1170 494 1211 inhibendum
530 1169 741 1210 inminutis
778 1183 911 1221 neque
955 1170 1007 1209 ad
1051 1169 1231 1223 speciem
1274 1168 1440 1209 honoris

85 1232 314 1286 insignibus
340 1233 553 1286 prodeunt.
602 1232 643 1271 id
674 1245 770 1271 vero
802 1245 975 1285 regnum
1006 1231 1117 1271 haud
1142 1230 1266 1271 dubie
1297 1230 1439 1271 videri.

84 1294 317 1347 deploratur
346 1294 655 1347 inperpetuum
691 1292 878 1341 libertas,
917 1307 993 1333 nec
1030 1293 1183 1333 vindex
1219 1293 1439 1346 quisquam

86 1355 223 1395 existit
254 1361 323 1394 aut
354 1355 517 1395 futurus
552 1355 723 1395 videtur.
772 1368 848 1394 nec
873 1354 953 1408 ipsi
979 1354 1111 1395 solum
1138 1355 1441 1409 desponderant

83 1416 254 1465 animos,
282 1417 355 1457 sed
380 1416 585 1457 contemni
611 1416 745 1470 coepti
770 1423 884 1457 erant
909 1432 932 1456 a
952 1416 1135 1458 finitimis
1154 1417 1337 1471 populis3
1364 1417 1440 1457 im-

82 1478 322 1532 periumque
346 1478 403 1520 ibi
429 1494 532 1528 esse,
560 1479 631 1519 ubi
656 1494 738 1520 non
764 1486 872 1519 essct
897 1478 1078 1528 libertas,
1104 1479 1437 1534 indignabantur.

85 1540 228 1581 Sabini
254 1556 404 1596 magna
428 1557 552 1581 mauu
578 1541 853 1582 incursionem
879 1541 921 1581 in
947 1557 1093 1595 agrum
1119 1542 1353 1582 Romanum
1379 1542 1439 1582 fc-

83 1617 191 1652 cere3
216 1603 378 1656 lateque
402 1603 586 1658 populati
611 1618 704 1643 cum
722 1603 936 1643 hominum
955 1610 1077 1656 atque
1096 1604 1302 1658 pecudum
1322 1603 1439 1643 inulti

83 1666 255 1718 praedas
281 1665 481 1719 egissent,
508 1671 672 1719 recepto
699 1665 751 1705 ad
775 1665 968 1713 Eretum,
995 1666 1108 1718 quod
1131 1665 1288 1719 passim
1313 1680 1438 1719 vaga-

85 1733 170 1765 tum
196 1732 293 1774 crat,
320 1726 482 1780 agmine
503 1733 636 1767 castra
653 1726 802 1776 locant,
830 1742 946 1780 spem
965 1727 1007 1766 in
1027 1727 1232 1767 discordia
1250 1727 1439 1767 Romana

84 1795 302 1842 ponentes,
342 1803 432 1828 eam
467 1789 791 1842 inpedimentum
828 1789 994 1828 dilectui
1032 1789 1131 1829 fore.
1187 1803 1269 1829 non
1306 1789 1437 1828 nuntii

86 1848 236 1897 solum,
274 1849 347 1889 sed
376 1864 448 1903 per
477 1849 620 1890 urbem
652 1850 874 1904 agrestium
905 1850 1007 1904 fuga
1037 1850 1348 1904 trepidationem
1378 1851 1440 1890 in-

86 1911 189 1951 iecit.
239 1911 458 1951 decemviri
483 1912 732 1960 consultant,
760 1912 859 1964 quid
885 1926 988 1966 opus
1015 1912 1124 1953 facto
1151 1913 1221 1962 sit,
1254 1912 1439 1952 destituti

85 1973 189 2012 inter
212 1979 373 2026 patrum
398 1979 437 2012 et
462 1973 593 2026 plebis
619 1973 724 2013 odia.
763 1973 877 2017 addit
902 1980 1095 2014 terrorem
1120 1974 1289 2028 insuper
1313 1974 1436 2015 alium

86 2034 260 2074 fortuna.
304 2033 443 2087 Aequi
468 2034 546 2075 alia
571 2049 621 2074 ex
645 2040 759 2088 parte
785 2040 918 2075 castra
942 2035 983 2075 in
1008 2035 1164 2090 Algido
1189 2036 1343 2086 locant3
1370 2036 1439 2076 de-

85 2095 414 2149 populanturque
434 2095 528 2136 inde
548 2095 860 2136 excursionibus
882 2096 1166 2137 Tusculanum
1186 2113 1343 2153 agrum.
1382 2098 1439 2138 le-

85 2157 170 2212 gati
201 2157 252 2198 ab
285 2157 467 2197 Tusculo
496 2157 747 2211 praesidium
778 2164 939 2199 orantes
978 2159 1178 2199 nuntiant.
1239 2159 1273 2200 is
1310 2164 1480 2213 pavor-'3

85 2219 256 2272 perculit
280 2218 546 2268 decemviros,
573 2227 616 2259 ut
642 2226 828 2259 senatum
851 2220 971 2260 simul
991 2220 1151 2262 duobus
1172 2221 1438 2262 circumstan-

86 2279 194 2320 tibus
213 2279 357 2321 urbem
375 2280 492 2321 bellis
514 2280 786 2321 consulerent.
831 2281 946 2322 citari
970 2282 1111 2324 iubent
1130 2282 1172 2322 in
1192 2282 1346 2323 curiam
1365 2298 1438 2337 pa·-

86 2348 179 2390 tres,
206 2341 316 2382 haud
340 2342 483 2397 ignari,
511 2350 663 2395 quanta
686 2343 863 2384 invidiae
910 2344 1141 2384 immineret
1194 2350 1435 2398 tempestas:

85 2417 227 2444 omncs
252 2403 400 2444 vastati
425 2404 512 2459 agri
537 2404 891 2458 periculorumque
910 2404 1210 2447 imminentium
1229 2420 1374 2447 causas
1395 2407 1435 2447 in

85 2479 128 2505 se
159 2471 426 2520 congesturos
458 2465 850 2520 temptationemque
887 2482 978 2508 eam
1009 2467 1096 2508 fore
1132 2466 1322 2508 abolendi
1357 2468 1435 2509 sibi

84 2527 366 2581 magistratus,
393 2527 434 2567 ni
460 2542 664 2568 consensu
688 2528 924 2569 resisterent
942 2528 1194 2583 imperioque
1213 2529 1434 2571 inhibendo

83 2589 230 2629 acriter
254 2589 294 2629 in
320 2604 473 2643 paucos
499 2590 747 2644 praeferocis
779 2590 904 2630 animi
935 2597 1105 2631 conatus
1137 2591 1309 2632 aliorum
1340 2607 1435 2633 con-

83 2650 314 2704 primerent.
355 2658 573 2705 postquam
598 2651 736 2692 audita
762 2666 843 2692 vox
867 2652 907 2692 in
934 2652 1022 2693 soro
1048 2658 1110 2693 est
1122 2652 1336 2707 praeconis
1362 2669 1435 2708 pa-

83 2720 163 2752 tres
183 2712 224 2752 in
245 2713 399 2753 curiam
419 2713 470 2753 ad
484 2713 738 2754 decemviros
752 2713 950 2763 vocantis,
977 2713 1087 2754 velut
1105 2729 1213 2755 nova
1231 2730 1309 2764 res,
1337 2716 1433 2769 quia

1465 1802 1481 1830 -ί

1459 2667 1477 2697 S
