1780 3204
441 285 595 320 LIBER
620 286 654 330 1,
681 286 734 320 32.
757 286 810 319 33.
841 288 888 329 [a.
905 283 1153 326 (2640-616]
1416 277 1468 318 37

114 390 328 443 facioque.'
376 390 418 430 id
449 389 519 430 ubi
544 389 734 438 dixisset,
767 389 927 429 hastam
952 389 994 429 111
1019 388 1121 430 fines
1147 404 1288 430 eorum
1314 389 1471 430 emitte-

115 452 197 493 bat.
245 452 324 492 hoe
359 458 445 491 tum
484 451 607 492 modo
643 451 694 491 ab
719 451 882 491 Latinis
919 451 1114 505 repetitae
1144 466 1209 492 res
1241 466 1288 492 ac
1318 450 1471 492 bellum
1501 466 1537 494 11

115 514 312 555 indictum
338 527 576 566 moremque
601 527 695 554 eum
720 512 872 567 posteri
897 519 1154 567 acceperunt.

200 575 427 615 XXXIII.
476 574 641 624 Ancus,
673 575 920 616 demandata
944 589 1041 615 cura
1066 590 1275 616 sacrorum
1300 574 1472 615 flamini·
1500 590 1512 617 1

116 636 193 677 bus
220 636 583 690 sacerdotibusque
609 636 717 685 aliis,
749 636 930 677 exercitu
961 651 1068 677 novo
1099 636 1347 690 conscripto,
1380 651 1472 690 pro-

114 698 248 738 fectus
279 698 522 738 Politorium
552 697 695 739 urbem
726 698 972 738 Latinorum
1003 698 1044 738 vi
1080 699 1188 752 cepit
1224 706 1472 751 secutusque

116 774 270 799 morem
289 774 434 814 regum
453 759 652 813 priorum,
679 759 750 812 qui
767 774 854 799 rem
874 759 1104 800 Romanam
1124 766 1321 800 auxerant
1346 759 1472 800 hosti-

116 820 193 861 bus
213 821 255 861 in
275 821 482 862 civitatem
501 820 767 874 accipiendis,
794 820 1096 860 multitudinem
1117 836 1281 861 omnem
1294 821 1471 861 Romam

119 883 310 923 traduxit.
360 890 400 923 et
430 897 524 923 cum
554 882 662 923 circa
685 882 912 930 Palatium,
945 882 1086 922 sedem
1110 890 1294 923 veterum
1319 883 1473 924 Roma·
1498 898 1516 924 ι)

115 959 279 993 110111111,
308 942 452 985 Sabini
472 942 721 997 Capitolium
746 949 868 995 atque
894 957 1048 991 arcem,
1077 942 1266 983 Caelium
1291 951 1472 986 montem

115 1005 270 1046 Albani
313 1005 556 1059 inplessent,
587 1003 844 1044 Aventinum
874 1019 1005 1045 novae
1037 1005 1286 1045 multitudini
1317 1007 1470 1046 datum.

115 1068 244 1108 additi
285 1068 430 1108 eodem
471 1067 572 1108 haut
623 1066 680 1107 ita
720 1066 848 1106 multo
884 1073 978 1120 post
1016 1066 1198 1107 Tellenis
1234 1067 1472 1120 Ficanaque

116 1129 244 1183 captis
269 1128 366 1168 novi
391 1128 513 1168 cives.

197 1189 441 1230 Politorium
465 1189 559 1229 inde
583 1203 724 1229 rursus
750 1188 858 1230 bello
889 1189 1125 1243 repetitum,
1159 1190 1269 1242 quod
1294 1204 1470 1230 vacuum
1498 1205 1516 1233 3

114 1257 413 1305 occupaverant
443 1251 568 1305 prisci
592 1250 746 1291 Latini.
802 1265 932 1304 eaque
958 1265 1084 1291 causa
1109 1251 1331 1292 diruendae
1357 1252 1470 1293 urbis

113 1312 199 1353 eius
219 1311 298 1352 suit
309 1311 527 1361 Romanis,
555 1327 605 1353 ne
624 1312 804 1353 hostium
831 1327 994 1366 semper
1017 1314 1322 1367 receptaculum
1348 1321 1469 1355 esset.

112 1380 319 1427 postremo
356 1374 467 1414 omni
503 1373 611 1415 bello
648 1374 801 1415 Latino
837 1373 1083 1415 Medulliam
1134 1375 1354 1430 conpulso,
1399 1376 1471 1416 ali·
1498 1390 1516 1418 -1

112 1435 308 1488 quamdiu
337 1435 394 1476 ibi
423 1434 560 1476 Marte
591 1436 745 1477 incerto
777 1437 890 1477 varia
919 1437 1089 1477 victoria
1123 1444 1353 1492 pugnatum
1391 1444 1470 1478 est:

112 1512 208 1538 nam
233 1503 271 1538 et
296 1497 394 1538 urbs
420 1504 507 1538 tuta
532 1497 829 1540 munitionibus
849 1499 1137 1553 praesidioque
1157 1499 1317 1540 firmata
1335 1500 1471 1540 valido

113 1565 199 1599 erat
245 1565 285 1600 et
331 1560 474 1600 castris
523 1560 565 1600 111
612 1568 753 1614 aperto
795 1561 939 1614 positis
983 1561 1228 1614 aliquotiens
1267 1562 1470 1602 exercitus

113 1619 288 1661 Latinus
326 1622 554 1663 comminus
593 1636 687 1662 cum
717 1622 915 1663 Romanis
959 1623 1078 1677 signa
1120 1623 1358 1664 contulerat.
1419 1624 1471 1664 ad
1498 1639 1516 1666 ῑ,

113 1681 302 1722 ultimum
349 1683 540 1724 omnibus
589 1684 717 1738 copiis
760 1684 926 1725 conisus
962 1684 1108 1725 Ancus
1158 1685 1244 1726 acie
1293 1686 1472 1739 primum

115 1742 257 1791 vincit,
300 1743 395 1784 inde
438 1745 596 1799 ingenti
630 1745 784 1799 praeda
818 1753 965 1799 potens
1002 1746 1179 1786 Romam
1215 1747 1338 1795 redit,
1383 1754 1470 1787 tum

114 1817 278 1855 quoque
309 1805 447 1846 multis
479 1806 644 1846 milibus
675 1807 923 1847 Latinorum
953 1807 995 1846 111
1031 1807 1238 1847 civitatem
1276 1808 1468 1862 acceptis,

115 1864 283 1917 quibus,
325 1873 370 1906 ut
410 1867 648 1922 iungeretur
682 1867 843 1908 Palatio
878 1867 1153 1917 Aventinum,
1198 1869 1250 1909 ad
1285 1868 1472 1910 Murciae

115 1926 235 1966 datae
261 1927 393 1968 sedes.

199 1987 430 2029 Ianiculum
455 2004 618 2043 quoque
643 1991 866 2040 adiectum,
903 2006 985 2032 non
1015 1992 1153 2046 inopia
1182 1992 1280 2042 1001,
1320 1993 1392 2033 sed
1422 2008 1472 2033 ne
1499 2003 1516 2031 (5

116 2050 279 2102 quando
316 2065 364 2091 ea
395 2067 468 2091 arx
497 2051 677 2092 hostium
708 2059 828 2093 esset.
877 2053 917 2093 id
949 2068 1031 2093 non
1061 2069 1178 2094 muro
1210 2054 1361 2104 solum,
1401 2056 1473 2096 scd

116 2111 238 2152 etiam
264 2112 315 2153 ob
341 2114 672 2154 commoditatem
703 2114 858 2155 itineris
890 2122 1014 2169 ponte
1046 2115 1235 2166 sublicio,
1274 2124 1360 2157 tum
1392 2118 1473 2172 pri-

116 2188 229 2212 mum
253 2173 295 2213 in
321 2173 504 2215 Tiberim
529 2175 656 2225 facto,
690 2176 882 2230 coniungi
907 2176 997 2217 urbi
1022 2177 1186 2231 placuit.
1249 2177 1471 2230 Quiritium
1500 2188 1524 2216 7·

116 2248 280 2287 quoque
310 2235 443 2285 fossa,
480 2236 582 2277 haut
620 2251 791 2291 parvum
823 2238 1121 2278 munimentum
1159 2255 1183 2279 a
1217 2239 1470 2293 planioribus

116 2296 229 2336 aditu
252 2297 371 2346 locis,
397 2297 508 2338 Anci
531 2299 641 2353 regis
667 2314 770 2353 opus
790 2306 864 2340 est.
899 2300 1058 2354 ingenti
1077 2301 1328 2342 incremento
1347 2302 1470 2343 rebus
1497 2310 1516 2340 8

117 2358 260 2407 auctis,
286 2373 379 2399 cum
392 2360 433 2399 in
453 2366 566 2400 tanta
583 2360 841 2401 multitudine
860 2361 1084 2411 hominum,
1111 2362 1344 2404 discrimine
1363 2372 1471 2405 recte

117 2434 170 2458 an
204 2434 418 2474 perperam
453 2421 552 2462 faeti
582 2422 771 2472 confuso,
808 2422 991 2464 facinora
1027 2424 1280 2465 clandestina
1315 2425 1470 2475 fierent,

117 2495 254 2522 carcer
283 2483 335 2522 ad
365 2489 561 2524 terrorem
592 2483 856 2526 increscentis
888 2485 1083 2526 audaciae
1114 2486 1249 2526 media
1279 2486 1380 2528 urbe
1411 2488 1471 2528 in-

117 2542 275 2584 minens
301 2543 390 2584 foro
415 2545 664 2586 aedificatur.

199 2604 287 2646 Nec
312 2606 410 2647 urbs
437 2614 596 2647 tantum
621 2607 700 2648 hoc
723 2623 821 2663 rege
847 2608 986 2658 crevit,
1002 2610 1073 2650 scd
1090 2609 1211 2650 etiam
1232 2625 1330 2664 ager
1347 2610 1471 2651 fines—

115 2680 213 2720 que:
240 2667 344 2709 silva
362 2668 522 2709 Messia
542 2668 785 2711 Veientibus
812 2670 1003 2724 adempta
1028 2686 1158 2724 usque
1182 2672 1234 2712 ad
1258 2687 1369 2713 mare
1394 2673 1469 2713 1111-
1495 2688 1512 2716 9

115 2729 273 2783 perium
310 2729 514 2784 prolatum
552 2738 591 2772 et
628 2731 668 2771 in
705 2746 773 2773 ore
805 2731 966 2773 Tiberis
1000 2731 1122 2774 Ostia
1157 2733 1254 2775 urbs
1292 2735 1466 2785 condita,
