1835 3226
329 192 411 234 392
662 199 816 233 LIBER
838 199 931 244 vn,
955 200 1010 233 39.
1029 199 1083 233 40.
1111 202 1159 243 [a.
1173 211 1207 234 u.
1224 211 1253 235 e.
1266 201 1349 245 412]

287 319 303 347 7
330 304 475 345 cohors
507 317 589 342 una
620 315 713 342 cum
739 301 850 342 haud
873 301 1017 356 procul
1041 300 1215 343 Anxure
1241 310 1367 353 esset,
1400 304 1453 344 ad
1476 306 1678 348 Lautulas

330 364 436 405 saltu
467 370 643 418 angusto
675 363 779 403 inter
803 378 916 404 mare
941 378 989 404 ae
1013 364 1163 405 montis
1189 366 1375 406 consedit
1399 366 1452 406 ad
1476 367 1680 422 excipien-

328 427 402 466 dos
429 439 532 478 quos
558 424 703 465 consul
728 425 818 466 aliis
844 432 966 478 atque
992 426 1102 475 aliis,
1129 432 1174 466 ut
1193 433 1286 467 ante
1307 427 1460 468 dietum
1480 435 1560 478 est,
1587 443 1682 470 eau-

284 506 302 532 ὅ
326 480 385 528 sis
416 486 615 527 mittebat.
675 486 757 527 iarn
789 487 925 528 valida
956 487 1180 529 admodum
1210 503 1380 529 numero
1411 504 1557 530 manus
1584 498 1681 539 crat,

326 563 403 590 nee
433 548 653 602 quiequam
685 549 737 589 ad
766 548 863 589 iusti
894 549 1097 590 exercitus
1128 549 1304 591 formam
1324 558 1500 605 ¹praeter
1535 551 1682 592 ducem

328 611 478 651 deerat.
532 610 778 665 inconpositi
801 610 939 664 itaque
964 611 1208 665 praedantes
1234 612 1275 652 in
1300 627 1446 667 agrum
1470 612 1683 654 Albanum

328 673 573 728 perveniunt
598 679 637 713 et
663 672 739 713 sub
764 672 863 728 iugo
883 672 1019 714 Albae
1043 673 1192 729 longae
1217 680 1353 715 castra
1370 674 1479 715 vallo
1499 675 1681 730 cingunt.

283 750 301 779 9
328 734 510 790 perfeeto
535 734 630 775 inde
656 749 777 789 opere
802 735 1003 789 reliquum
1030 736 1111 776 diei
1136 736 1186 777 de
1210 737 1455 791 imperatore
1482 737 1683 778 sumendo

329 797 541 838 sententiis
573 796 798 846 decertant,
837 797 939 837 nulli
969 812 1020 838 ex
1049 798 1334 852 praesentibus
1368 799 1465 839 satis
1490 798 1683 839 fidentes:

267 875 303 903 ιι)
328 874 452 914 quem
488 866 626 900 autem
662 858 714 900 ab
744 859 880 901 Roma
909 875 1034 914 posse
1065 861 1216 901 exciri?
1257 876 1380 914 quem
1415 868 1578 916 patrum
1615 867 1685 901 aut

328 922 459 977 plebis
491 936 600 971 esse,
639 921 709 975 qui
739 928 809 962 aut
841 937 884 963 se
916 929 1028 964 tanto
1058 923 1240 977 periculo
1271 924 1403 964 sciens
1435 923 1580 964 offerat
1615 929 1685 963 aut

329 984 394 1024 cui
425 998 476 1024 ex
505 983 653 1024 iniuria
676 983 917 1025 insanientis
943 985 1146 1026 exercitus
1173 1000 1298 1026 causa
1322 992 1430 1026 reete
1457 985 1686 1026 committa-

266 1063 301 1091 11
330 1046 419 1087 tur?
455 1053 618 1101 postero
645 1046 710 1087 die
736 1061 829 1087 cum
855 1047 998 1088 eadem
1025 1047 1263 1088 deliberatio
1289 1054 1461 1096 teneret,
1494 1062 1545 1088 ex
1569 1061 1686 1101 prae-

329 1108 539 1149 datoribus
571 1108 689 1163 vagis
720 1109 888 1161 quidam
915 1116 1154 1164 conpertum
1179 1109 1419 1159 attulerunt,
1452 1109 1501 1150 T.
1530 1108 1686 1162 Quinc-

329 1171 430 1211 tium
461 1171 503 1210 in
529 1170 767 1212 Tusculano
798 1186 943 1225 agrum
975 1171 1126 1220 colere,
1166 1171 1278 1212 urbis
1310 1172 1594 1224 honorumque
1625 1171 1686 1211 in-

267 1247 304 1276 12
330 1247 567 1273 memorem.
615 1232 810 1287 patriciae
835 1233 902 1274 hic
927 1233 988 1273 vir
1011 1234 1146 1288 gentis
1173 1241 1256 1274 erat
1266 1250 1275 1283 3
1308 1234 1374 1274 eui
1399 1248 1493 1274 eum
1518 1233 1684 1273 militiae

329 1310 482 1350 magna
507 1309 600 1335 eum
618 1294 749 1349 gloria
767 1301 881 1335 actae
900 1294 1024 1336 finem
1046 1310 1118 1350 pes
1138 1295 1239 1336 alter
1258 1310 1309 1336 ex
1323 1295 1491 1335 vulnere
1513 1295 1684 1335 claudus

329 1356 514 1405 fecisset,
541 1357 623 1397 ruri
648 1371 770 1411 agere
796 1357 921 1397 vitam
946 1357 1088 1411 procul
1114 1357 1335 1398 ambitione
1361 1372 1407 1398 ac
1425 1357 1515 1397 foro
1535 1357 1686 1397 consti-

267 1434 304 1462 13
330 1419 419 1459 tuit.
480 1418 642 1459 nominc
674 1418 813 1458 audito
844 1419 1049 1473 extemplo
1081 1433 1285 1474 agnovere
1316 1419 1449 1459 x‘irum
1481 1425 1537 1467 ct,
1575 1418 1685 1471 quod

330 1480 435 1522 bene
463 1487 655 1529 verteret,
682 1481 802 1521 acciri
828 1481 1046 1522 iusserunt.
1104 1482 1176 1522 sed
1200 1496 1344 1535 parum
1372 1482 1459 1536 spei
1485 1488 1588 1530 erat,
1616 1496 1686 1521 vo-

330 1542 487 1583 luntate
513 1542 732 1595 quiequam
758 1542 982 1584 facturum:
1015 1543 1099 1583 vim
1125 1543 1310 1584 adhiberi
1335 1558 1382 1584 ac
1413 1551 1567 1584 metum
1599 1543 1686 1597 pla-

268 1621 305 1648 14
331 1605 425 1646 cuit.
485 1605 624 1657 itaque
657 1603 818 1644 silentio
849 1605 982 1645 noctis
1013 1619 1107 1645 cum
1138 1605 1442 1647 tectum-villae
1473 1606 1544 1659 qui
1569 1606 1621 1646 ad
1645 1605 1687 1645 id

330 1667 447 1708 missi
473 1672 586 1708 erant
610 1666 851 1716 intrassent,
879 1681 1024 1707 somno
1043 1682 1213 1721 gravem
1233 1666 1474 1719 Quinctium
1500 1667 1687 1722 (oppres-

333 1730 462 1784 sum),
499 1729 600 1769 nihil
630 1729 829 1778 medium,
868 1734 938 1769 aut
968 1729 1184 1783 imperium
1216 1735 1336 1782 atque
1371 1728 1568 1769 honorem
1604 1736 1685 1777 aut,

331 1791 402 1833 ubi
437 1791 659 1840 restitaret,
697 1798 870 1832 mortem
907 1790 967 1844 (ni
1004 1791 1260 1845 sequeretur)
1297 1791 1603 1838 denuntiantes,
1646 1790 1687 1830 in

268 1870 306 1897 1.)
332 1860 465 1895 eastra
489 1859 785 1908 pertraxerunt.
822 1852 1044 1907 imperator
1069 1852 1275 1906 extemplo
1301 1853 1523 1893 adveniens
1550 1851 1690 1906 appel-

329 1916 457 1965 latus,
493 1915 754 1970 insigniaque
785 1914 952 1956 honoris
985 1915 1176 1956 exterrito
1208 1914 1368 1956 subitae
1398 1915 1457 1955 rei
1491 1913 1688 1954 miraculo

267 1992 301 2021 15
332 1979 522 2019 deferunt
557 1985 597 2019 et
632 1978 685 2019 ad
721 1977 864 2018 urbem
902 1977 1051 2018 ducere
1086 1976 1241 2017 iubent.
1302 1991 1377 2018 suo
1419 1976 1551 2031 magis
1593 1976 1689 2016 inde

331 2040 487 2095 impetu
506 2054 631 2093 quam
651 2040 820 2080 consilio
839 2039 956 2080 ducis
977 2039 1185 2080 convulsis
1207 2038 1336 2093 signis
1355 2038 1505 2079 infesto
1525 2037 1689 2092 agmine

332 2102 385 2143 ad
408 2102 588 2157 lapidem
619 2108 810 2143 octavum
841 2101 950 2150 viae,
988 2116 1093 2155 quae
1123 2115 1232 2142 nunc
1256 2100 1398 2155 Appia
1429 2107 1508 2149 est,
1545 2114 1690 2154 pervc-

269 2180 304 2207 ιῖ
332 2165 468 2214 niunt3
510 2165 723 2217 issentque
760 2163 978 2205 confestim
1015 2164 1067 2204 ad
1102 2162 1265 2212 urbem,
1302 2163 1345 2203 ni
1374 2162 1512 2202 venire
1550 2168 1690 2202 contra

333 2227 557 2268 exercitum
577 2227 900 2279 dictatoremque
920 2226 1118 2266 adversus
1144 2240 1186 2266 se
1200 2224 1261 2265 Μ.
1277 2224 1489 2265 Valerium
1504 2222 1689 2264 Corvum

333 2289 488 2329 dietum
531 2289 744 2329 audissent
785 2294 823 2328 et
866 2287 1109 2342 magistrum
1152 2287 1336 2340 equitum
1370 2286 1424 2327 L.
1461 2284 1688 2326 Aemilium

332 2350 605 2391 Mamercum.

293 2427 303 2454 1
418 2412 625 2454 XXXX.
686 2412 773 2454 Ubi
807 2412 986 2466 primum
1023 2412 1065 2452 in
1103 2416 1369 2465 conspectum
1407 2415 1576 2450 ventum
1612 2416 1686 2457 cst,

334 2490 447 2516 arma
494 2475 694 2530 signaque
737 2488 961 2529 agnovere,
1011 2473 1216 2528 extemplo
1259 2472 1449 2514 omnibus
1492 2470 1689 2512 memoria

333 2538 486 2591 patriae
511 2537 592 2578 iras
623 2537 850 2592 permulsit.
911 2536 1094 2577 nondum
1120 2542 1233 2576 erant
1259 2542 1341 2576 tam
1368 2534 1492 2575 sortes
1519 2533 1572 2574 ad
1596 2548 1689 2573 san-

333 2599 500 2653 guinem
531 2599 692 2640 civilem
722 2613 798 2640 nec
828 2604 990 2653 praeter
1021 2604 1189 2639 externa
1218 2602 1417 2638 noverant
1453 2595 1561 2636 bella
1595 2594 1688 2634 ulti-

336 2675 481 2714 maque
517 2661 651 2703 rabies
689 2660 869 2703 secessio
907 2659 959 2702 ab
997 2660 1082 2702 suis
1125 2658 1364 2701 habebatur.
1426 2658 1563 2711 itaque
1605 2656 1684 2696 iam

290 2551 307 2579 {0
