1835 3226
319 447 336 474 Ν,

319 1439 334 1466 *l

296 2177 335 2206 lO

315 2610 332 2639 10

365 258 450 301 254
738 265 890 299 LIBER
907 265 952 309 v,
979 266 1009 298 3
1035 265 1066 298 4.
1095 268 1144 309 [a.
1162 277 1194 300 u.
1211 268 1335 311 0351]

447 369 528 409 ΙΙΙ.
578 368 676 415 Istc,
704 368 784 408 iam
811 382 890 408 non
916 375 1129 423 promptus
1155 369 1318 424 ingenio
1344 377 1513 420 tantum,
1541 373 1613 413 sed
1637 388 1714 415 usu

364 431 484 472 ctiam
521 430 766 470 exercitatus
803 430 925 470 talem
961 431 1185 471 orationem
1221 431 1380 473 habuit:
1431 433 1484 473 ‘si
1521 447 1714 487 umquam

363 492 593 533 dubitatum
619 497 694 541 est,
722 491 917 544 Quirites,
939 499 1075 533 utrum
1095 493 1244 534 tribuni
1263 493 1395 548 plebis
1416 501 1552 536 vestra
1570 511 1622 536 an
1641 511 1716 536 sua

363 568 488 595 causa
508 553 753 594 seditionum
774 568 936 608 semper
955 561 1140 596 auctores
1159 555 1323 606 fuerint,
1349 556 1390 596 id
1410 571 1487 612 ego
1507 556 1585 598 hoc
1610 572 1716 598 anno

363 616 519 657 desisse
555 615 733 657 dubitari
770 623 927 657 certum
962 616 1108 658 habeo.
1164 624 1203 658 01
1239 632 1332 659 011111
1368 618 1513 669 laetor,
1552 620 1716 660 tandem

361 678 473 733 longi
499 679 643 719 erroris
669 678 786 719 vobis
811 678 934 719 finem
959 679 1114 720 factum
1141 694 1250 729 esse,
1288 686 1393 730 tum,
1431 681 1541 735 quod
1572 696 1717 722 seeun-

362 741 424 781 dis
460 740 719 794 potissimum
756 741 903 782 vestris
934 741 1056 782 rebus
1088 741 1154 782 hic
1191 757 1301 783 error
1337 749 1399 784 est
1436 743 1640 793 sublatus,
1678 750 1717 784 et

363 802 479 844 vobis
505 811 545 844 ct
574 810 740 858 propter
769 818 844 845 vos
874 803 932 844 rei
962 803 1152 858 publicae
1182 804 1375 859 gratulor.
1437 821 1490 846 an
1520 815 1582 847 est
1607 806 1717 860 quis-

362 881 503 919 quam,
541 866 611 919 qui
641 865 818 915 dubitet,
856 865 978 906 nullis
1009 866 1166 906 iniuriis
1204 866 1369 915 vestris,
1411 868 1445 908 si
1476 882 1580 921 quae
1611 868 1716 908 forte

362 928 580 981 aliquando
611 928 861 977 inciderunt,
900 942 1094 981 umquam
1126 942 1256 982 aeque
1292 943 1416 982 quam
1448 944 1614 971 munere
1645 945 1717 985 pa-

361 997 467 1030 trum
502 990 545 1030 in
573 989 756 1045 plebem,
794 1005 888 1030 cum
924 1004 1019 1031 aera
1049 990 1318 1032 militantibus
1351 991 1571 1033 constituta
1608 999 1714 1041 sunt,

361 1051 545 1093 tribunos
581 1052 714 1106 plebis
752 1051 933 1092 offensos
971 1066 1019 1092 ac
1061 1052 1286 1093 concitatos
1323 1053 1440 1093 esse?
1492 1054 1589 1106 quid
1624 1054 1715 1095 illos

361 1115 471 1155 aliud
496 1121 564 1155 aut
589 1121 674 1155 tum
701 1114 887 1155 timuisse
912 1114 1075 1155 creditis
1102 1121 1171 1155 aut
1190 1114 1311 1155 hodie
1331 1114 1495 1156 turbare
1515 1116 1618 1156 velle
1636 1116 1716 1157 nisi

362 1176 620 1217 concordiam
651 1176 859 1225 ordinum,
898 1190 1022 1229 quam
1053 1176 1341 1218 dissolvendae
1372 1192 1564 1218 maxume
1590 1178 1716 1219 tribu-

363 1238 490 1278 niciae
522 1238 735 1292 potestatis
767 1244 908 1278 rentur
939 1238 1056 1279 esse?
1110 1238 1168 1279 sic
1193 1238 1356 1279 hercule
1389 1245 1596 1292 tamquam
1621 1240 1715 1280 arti-

361 1300 458 1340 fices
483 1299 644 1354 inprobi
669 1314 772 1354 opus
798 1306 1017 1352 quaerunt,
1055 1300 1125 1353 qui
1156 1306 1195 1340 et
1227 1314 1389 1354 semper
1418 1301 1529 1355 aegri
1561 1301 1714 1354 aliquid

362 1376 452 1402 esse
477 1362 518 1401 in
542 1376 584 1402 re
608 1361 774 1416 publica
798 1361 957 1410 volunt,
996 1367 1041 1401 ut
1072 1361 1141 1410 sit,
1179 1362 1232 1401 ad
1262 1362 1377 1403 cuius
1409 1362 1659 1402 curationem
1690 1378 1714 1403 a

361 1423 477 1464 vobis
504 1423 785 1465 adhibeantur.
839 1430 975 1464 utrum
1007 1424 1115 1464 cnim
1146 1424 1366 1465 defenditis
1393 1439 1445 1465 an
1476 1425 1711 1480 inpugnatis

360 1485 547 1539 plebem?
571 1492 708 1526 utrum
728 1485 988 1526 militantium
1009 1486 1231 1526 adversarii
1251 1486 1348 1526 estis
1369 1501 1420 1526 an
1440 1500 1605 1527 causam
1626 1487 1713 1542 agi-

363 1547 439 1587 tis?
469 1547 547 1587 nisi
567 1547 672 1587 forte
692 1547 769 1587 hoe
790 1547 935 1596 dicitis,
963 1547 1161 1600 quidquid
1180 1555 1316 1601 patres
1337 1547 1493 1588 faciunt
1512 1548 1710 1602 displicet,

361 1608 446 1648 sive
472 1608 572 1648 illud
596 1623 670 1662 pro
693 1608 814 1663 plebe
840 1609 926 1650 sive
958 1616 1098 1649 contra
1129 1608 1291 1662 plebem
1324 1616 1397 1650 est.
1448 1617 1487 1650 et
1517 1611 1713 1663 quemad-

360 1670 527 1710 modum
553 1669 684 1724 (cum)
711 1670 838 1711 servis
866 1670 950 1710 suis
971 1676 1110 1710 vetant
1130 1671 1284 1710 domini
1303 1671 1522 1724 quicquam
1541 1672 1600 1712 rei
1619 1686 1712 1712 cum

360 1731 502 1772 alienis
535 1731 768 1772 hominibus
800 1746 892 1773 esse
921 1732 1154 1786 pariterque
1184 1732 1227 1771 in
1256 1732 1306 1772 iis
1332 1732 1530 1773 beneficio
1556 1748 1603 1774 ac
1628 1749 1713 1774 ma-

359 1792 492 1833 leficio
517 1792 713 1833 abstineri
754 1807 898 1833 aecum
941 1800 1127 1842 censent,
1161 1793 1220 1833 sic
1244 1808 1318 1834 vos
1343 1794 1559 1835 interdicto
1589 1797 1713 1849 patri-

359 1855 436 1896 bus
468 1855 713 1896 commercio
750 1855 901 1909 plebis,
938 1869 989 1895 ne
1020 1869 1095 1895 nos
1133 1855 1322 1896 comitate
1354 1869 1401 1896 ae
1437 1856 1715 1897 munificentia

358 1923 498 1958 nostra
521 1931 793 1971 provocemus
818 1916 982 1971 plebem
1006 1931 1081 1957 nec
1106 1916 1223 1970 plebs
1253 1917 1372 1958 nobis
1405 1917 1514 1958 dieto
1545 1917 1713 1958 audiens

359 1985 481 2032 atque
506 1978 728 2020 oboediens
755 1979 818 2019 sit.
856 1984 1009 2031 quanto
1035 1979 1213 2027 tandem,
1241 1979 1275 2019 si
1295 1979 1515 2032 quicquam
1533 1979 1575 2019 in
1595 1979 1712 2020 vobis

359 2055 441 2081 non
466 2041 556 2082 dico
582 2040 729 2089 civilis,
769 2040 842 2081 sed
865 2040 1035 2080 humani
1060 2046 1187 2089 esset,
1225 2039 1365 2081 favere
1390 2055 1464 2081 vos
1496 2041 1628 2096 magis
1659 2047 1713 2089 et,

359 2109 557 2155 quantum
581 2102 623 2143 in
647 2102 765 2143 vobis
791 2108 919 2151 esset,
945 2102 1159 2157 indulgere
1184 2102 1320 2156 potius
1346 2102 1527 2143 comitati
1550 2109 1713 2157 patrum

359 2170 481 2218 atque
507 2163 705 2217 obsequio
729 2163 862 2218 plebis
888 2163 1092 2218 oportuit?
1127 2178 1232 2217 quae
1259 2163 1293 2204 si
1317 2170 1515 2218 perpetua
1545 2178 1714 2204 eoncor-

359 2226 427 2267 dia
451 2226 515 2276 sit,
541 2226 634 2279 quis
659 2241 743 2267 non
767 2226 968 2280 spondere
994 2225 1118 2274 ausit,
1145 2225 1370 2266 maximum
1395 2225 1473 2266 hoc
1497 2225 1714 2280 imperium

359 2288 463 2329 inter
485 2288 680 2329 finitimos
706 2287 821 2329 brevi
846 2287 1031 2328 futurum
1056 2287 1174 2328 esse?

441 2351 544 2392 IIII.
582 2350 723 2404 Atque
742 2365 831 2406 ego,
858 2365 982 2404 quam
1001 2350 1079 2391 hoc
1099 2350 1315 2391 consilium
1334 2350 1584 2405 collegarum
1603 2365 1714 2391 meo-

357 2428 459 2462 rum,
486 2427 567 2467 quo
592 2413 795 2454 abducere
820 2413 972 2454 infecta
995 2428 1038 2454 re
1059 2428 1083 2454 a
1101 2412 1218 2454 Veiis
1239 2412 1462 2453 exercitum
1481 2412 1710 2460 noluerunt,

357 2490 439 2516 non
464 2475 561 2516 utile
588 2475 732 2524 solum,
760 2476 833 2516 sed
857 2475 979 2516 etiam
1004 2475 1283 2516 necessarium
1301 2474 1436 2523 fuerit,
1462 2480 1607 2528 postea
1630 2474 1712 2514 dis-

358 2551 508 2587 seram3
544 2552 654 2578 nunc
678 2538 729 2578 de
753 2537 844 2592 ipsa
875 2537 1114 2578 condicione
1145 2537 1281 2578 dicere
1314 2536 1574 2579 militantium
1599 2534 1707 2575 libet.

358 2612 481 2651 quam
506 2600 730 2640 orationem
753 2614 836 2640 non
861 2606 961 2654 aput
985 2614 1059 2640 vos
1086 2599 1233 2647 solum,
1261 2598 1334 2639 sed
1359 2598 1481 2638 etiam
1505 2597 1547 2637 in
1567 2596 1708 2636 castris

359 2661 392 2700 si
417 2660 615 2702 habeatur
638 2662 730 2716 ipso
755 2662 936 2703 exercitu
966 2662 1220 2716 disceptante
1251 2675 1426 2714 aequam
1455 2659 1626 2700 arbitror
1649 2656 1708 2696 vi-

360 2721 444 2760 deri
479 2737 618 2776 posse,
655 2724 696 2763 in
732 2738 830 2777 qua,
869 2723 903 2764 si
939 2723 1038 2764 mihi
1073 2724 1163 2777 ipse
1191 2723 1291 2763 nihil
1321 2721 1431 2775 quod
1461 2720 1635 2759 dicerem
1667 2717 1708 2757 in
