1835 3226
315 226 396 268 436
562 232 716 267 LIBER
740 231 850 275 VIII,
874 230 928 264 36.
941 230 995 264 37.
1023 232 1071 273 [a.
1086 241 1121 264 u.
1140 240 1169 264 e.
1181 230 1436 276 429130—432]

271 353 290 382 5
316 336 494 379 Romani
518 335 719 376 vulnerati
745 340 851 375 sunt.
891 333 1019 375 sensit
1043 333 1198 388 peritus
1218 333 1315 383 duX‚
1336 347 1441 388 quae
1460 348 1524 377 res
1543 336 1672 379 victo-

315 400 399 440 riae
424 397 624 446 obstaret3
650 395 964 450 temperandum
988 395 1201 451 ingenium
1228 411 1348 437 suum
1374 411 1466 437 esse
1492 404 1531 438 et
1557 413 1673 440 seve-

271 475 288 505 6
315 461 475 501 ritatem
500 457 754 499 miscendam
786 457 979 499 comitati.
1028 458 1166 512 itaque
1192 457 1384 499 adhibitis
1410 458 1557 514 legatis
1583 460 1672 514 ipse

315 523 467 563 circum
493 520 654 561 saucios
680 520 828 561 milites
853 521 1037 561 inserens
1062 520 1105 561 in
1129 521 1301 562 tentoria
1320 528 1443 576 caput
1468 522 1673 577 singulos-

315 598 411 637 que,
443 589 488 623 ut
513 596 605 623 sese
631 581 846 631 haberent,
878 582 1062 637 rogitans
1094 597 1233 624 curam
1265 590 1406 624 eorum
1430 584 1672 625 nominatim

272 656 287 684 7
315 645 462 700 legatis
488 644 744 698 tribunisque
770 651 809 686 et
839 645 1058 699 praefectis
1084 645 1370 686 demandabat.
1419 661 1505 686 rem
1530 661 1603 700 per
1628 661 1672 688 se

314 706 555 761 popularem
580 706 637 747 ita
661 707 804 748 dexter
829 707 930 761 egit,
963 714 1007 747 ut
1032 707 1244 748 medendis
1276 707 1515 762 corporibus
1547 708 1672 749 animi

313 768 443 809 multo
467 768 580 823 prius
606 768 782 809 militum
805 769 1040 823 imperatori
1064 769 1434 819 reconciliarentur,
1457 785 1532 811 nee
1557 771 1672 824 quic-

314 846 438 884 quam
463 831 516 872 ad
547 831 827 872 salubritatem
859 831 1068 873 efficacius
1100 831 1222 873 fuerit
1257 846 1381 885 quam
1413 834 1523 886 quod
1554 840 1671 888 grato

271 903 291 932 8
321 893 457 934 animo
491 908 539 934 ea
569 908 667 934 eura
697 901 867 948 accepta
897 900 970 935 est.
1018 893 1174 935 refecto
1206 895 1387 936 exercitu
1424 909 1518 936 cum
1553 895 1671 936 hoste

315 970 562 1010 congressus
587 955 699 996 haud
724 955 849 997 dubia
869 970 941 1010 spe
963 971 1038 997 sua
1061 956 1317 1010 militumque
1342 957 1398 998 ita
1422 956 1529 997 fudit
1553 957 1672 1012 fuga-

313 1017 455 1070 vitque
483 1016 710 1067 Samnites,
737 1023 783 1058 ut
806 1017 873 1059 ille
898 1017 1066 1059 ultimus
1093 1018 1151 1059 eis
1177 1018 1264 1059 dies
1291 1018 1528 1059 conferendi
1553 1019 1673 1074 signa

270 1090 288 1119 9
316 1093 409 1120 cum
440 1080 636 1121 dictatore
667 1080 801 1121 suerit.
850 1080 1019 1122 incessit
1049 1080 1214 1129 deinde,
1247 1095 1330 1134 qua
1354 1081 1471 1121 duxit
1495 1082 1672 1136 praedae

316 1156 429 1196 spes,
455 1142 586 1183 victor
611 1142 813 1183 exercitus
839 1142 1183 1197 perlustravitque
1209 1142 1389 1184 hostium
1415 1158 1535 1198 agros
1560 1143 1673 1184 nulla

316 1218 446 1252 arma,
478 1203 633 1244 nullam
658 1204 742 1244 vim
772 1218 848 1245 nee
879 1211 1063 1258 apertam
1094 1219 1171 1245 nee
1196 1219 1247 1245 ex
1272 1205 1431 1246 insidiis
1464 1211 1670 1260 expertus.

251 1276 291 1305 10
317 1264 494 1306 addebat
519 1265 782 1314 alacritatem,
803 1267 914 1319 quod
940 1266 1112 1307 dictator
1135 1267 1331 1321 praedam
1351 1281 1514 1308 omnem
1534 1268 1672 1308 edixe-

314 1334 377 1367 rat
402 1327 618 1377 militibus,
650 1342 725 1369 nec
750 1328 811 1369 ira
841 1328 974 1383 magis
1005 1328 1171 1383 publica
1195 1343 1319 1382 quam
1344 1330 1549 1383 privatum
1576 1344 1672 1370 con-

252 1401 288 1429 11
316 1390 512 1444 pendium
538 1391 580 1431 in
604 1390 766 1432 hostem
791 1391 976 1432 acuebat.
1019 1391 1083 1432 his
1110 1391 1295 1432 cladibus
1323 1391 1481 1432 subacti
1508 1390 1671 1433 Samni-

317 1458 379 1492 tes
404 1467 550 1507 pacem
575 1468 598 1493 a
623 1453 821 1494 dictatore
845 1453 1017 1507 peticre3
1056 1468 1148 1494 cum
1175 1468 1256 1506 quo
1281 1454 1406 1508 pacti,
1439 1460 1483 1494 ut
1509 1453 1671 1508 singula

253 1524 292 1553 12
320 1514 565 1554 vestimenta
594 1514 792 1556 militibus
825 1522 865 1555 et
895 1530 1077 1555 annuum
1109 1515 1357 1570 stipendium
1383 1515 1543 1564 darent,
1577 1529 1671 1556 cum

315 1575 372 1615 ire
404 1575 456 1616 ad
487 1583 675 1616 senatum
705 1576 808 1617 iussi
839 1583 995 1626 essent,
1029 1583 1239 1618 secuturos
1271 1591 1315 1618 se
1341 1577 1578 1618 dictatorem
1610 1591 1672 1618 re-

317 1637 580 1691 sponderunt,
608 1638 727 1678 unius
754 1638 842 1679 eius
867 1638 964 1679 fidei
988 1638 1208 1691 virtutique
1230 1653 1398 1679 causam
1424 1654 1541 1680 suam
1561 1654 1672 1680 com-

316 1699 570 1740 mendantes.
619 1699 676 1740 ita
701 1699 902 1740 deductus
929 1714 980 1740 ex
1007 1698 1263 1741 Samnitibus
1290 1701 1506 1741 exercitus.

273 1777 289 1806 1
401 1760 648 1802 XXXVII.
684 1760 876 1802 Dictator
906 1761 1161 1816 triumphans
1192 1761 1338 1802 urbem
1369 1768 1431 1803 est
1460 1762 1671 1817 ingressus

317 1829 374 1872 et,
402 1837 496 1864 cum
523 1838 566 1864 se
592 1823 795 1864 dictatura
819 1822 1009 1864 abdicare
1035 1823 1174 1873 vellet,
1206 1824 1324 1865 iussu
1353 1830 1517 1878 patrum
1540 1824 1674 1878 prius-

317 1900 441 1939 quam
478 1885 686 1927 abdiearet
723 1885 913 1927 consules
951 1885 1103 1926 creavit
1136 1885 1184 1927 C.
1214 1884 1444 1940 Sulpicium
1474 1886 1674 1941 Longum

275 1956 293 1985 2
318 1947 479 1997 iterum,
508 1946 560 2000 Q
574 1946 802 1988 Aemilium
818 1947 1101 1989 Cerretanum.
1147 1946 1355 1989 Sanmites
1381 1947 1534 1988 infecta
1557 1962 1672 2002 pace,

318 2010 415 2063 quia
439 2010 490 2051 de
516 2010 827 2052 condicionibus
853 2009 1069 2065 agebatur,
1101 2010 1282 2052 indutias
1313 2025 1470 2051 annuas
1496 2009 1547 2051 ab
1572 2009 1674 2051 urbe

317 2071 567 2113 rettulerant.
616 2087 693 2113 nee
724 2086 865 2113 earum
900 2072 1085 2127 ipsarum
1117 2079 1259 2113 sancta
1288 2071 1391 2112 fides
1422 2071 1518 2112 fuit:
1556 2071 1672 2120 adeo,

319 2141 540 2188 postquam
565 2134 780 2189 Papirium
806 2134 943 2176 abisse
969 2135 1213 2190 magistratu
1242 2133 1474 2175 nuntiatum
1499 2140 1578 2183 est,
1611 2148 1674 2174 ar-

317 2196 417 2237 recti
442 2197 495 2238 ad
519 2196 756 2238 bellandum
782 2197 906 2237 animi
933 2203 1040 2238 sunt.

273 2272 292 2302 3
402 2257 453 2300 C.
483 2257 685 2314 Sulpicio,
719 2259 771 2312 Ω.
796 2258 978 2300 Aemilio
1009 2285 1063 2289 —
1094 2258 1267 2300 Aulium
1303 2258 1471 2312 quidam
1507 2257 1673 2299 annales

317 2320 470 2362 habent
494 2347 548 2351 —
572 2321 809 2363 consulibus
835 2321 888 2362 ad
912 2321 1185 2362 defectionem
1213 2319 1462 2362 Samnitium
1486 2319 1674 2374 Apulum

318 2398 470 2424 novum
495 2383 649 2425 bellum
674 2384 859 2425 accessit.
896 2390 1070 2437 utroque
1096 2383 1299 2424 exercitus
1319 2382 1447 2423 missi.
1489 2381 1674 2437 Sulpicio

274 2452 294 2480 4
322 2442 547 2495 Samnites,
579 2445 710 2500 Apuli
734 2445 915 2486 Aemilio
947 2452 1056 2487 sorte
1087 2450 1322 2486 evenerunt.
1373 2450 1468 2485 sunt
1492 2444 1563 2497 qui
1592 2458 1674 2484 non

319 2505 418 2559 ipsis
444 2506 595 2562 Apulis
621 2507 775 2548 bellum
800 2507 984 2556 inlatum,
1012 2507 1086 2548 sed
1111 2507 1244 2548 socios
1271 2506 1358 2547 eius
1384 2505 1519 2560 gentis
1543 2519 1674 2560 popu-

276 2576 294 2604 ῠ
319 2567 379 2608 los
399 2568 450 2609 ab
467 2568 716 2610 Samnitium
736 2570 777 2610 vi
796 2576 919 2622 atque
944 2569 1101 2610 iniuriis
1123 2568 1316 2609 defensos
1338 2567 1529 2608 scribant.
1568 2573 1675 2607 cete-

319 2644 410 2670 rum
440 2630 604 2672 fortuna
631 2630 898 2681 Samnitium,
932 2632 1001 2672 vix
1031 2647 1056 2672 a
1081 2645 1125 2672 se
1154 2630 1256 2685 ipsis
1288 2644 1337 2671 eo
1368 2636 1551 2683 tempore
1580 2642 1673 2682 pro-

320 2690 569 2744 pulsantium
594 2693 766 2743 bellum,
798 2694 966 2749 propius
992 2699 1035 2735 ut
1062 2694 1113 2735 sit
1138 2707 1235 2734 vero
1265 2692 1382 2741 facit,
1415 2705 1496 2733 non
1522 2688 1671 2744 Apulis
