1780 3204
530 297 685 331 LIBER
709 297 804 341 1111,
829 297 860 331 3.
881 296 912 330 4.
941 299 988 340 [a.
1007 295 1140 340 C-.445]
1435 288 1513 328 197

159 404 290 446 sulem
314 401 521 457 plebeium
547 401 645 442 fieri.
696 400 865 442 obsecro
890 415 983 449 vos,
1017 399 1052 440 si
1076 414 1157 440 non
1183 399 1235 439 ad
1259 398 1407 449 fastos,
1434 414 1515 440 non
1542 414 1558 441 a

159 467 211 507 ad
235 464 534 506 conmentarios
559 463 799 518 pontificum
824 462 1088 510 admittimur,
1115 476 1166 501 ne
1186 476 1233 501 ea
1253 461 1418 514 quidem
1439 462 1517 502 sci-

159 543 263 577 mus,
291 541 395 581 quae
416 540 558 566 omnes
577 525 783 580 peregrini
801 525 922 565 etiam
938 524 1082 572 sciunt,
1110 523 1299 564 consules
1320 523 1361 563 in
1381 523 1515 564 locum

159 605 304 645 regum
330 588 598 637 successisse,
630 602 706 628 nec
731 594 800 628 aut
825 587 924 627 iuris
950 592 1020 626 aut
1044 585 1268 626 maiestatis
1295 585 1514 638 quicquam

159 652 329 700 habere,
357 651 469 704 quod
492 665 575 691 non
598 650 641 690 in
665 649 833 704 regibus
860 655 953 689 ante
972 647 1119 688 fuerit?
1144 662 1194 687 en
1216 661 1409 700 umquam
1430 662 1515 687 cre·
1544 662 1583 689 io

160 714 254 754 ditis
285 713 410 754 fando
442 712 626 753 auditum
657 726 766 760 esse,
798 710 977 751 Numam
1001 709 1255 764 Pompilium
1285 724 1367 750 non
1392 709 1514 749 modo

159 792 241 817 non
260 775 496 831 patricium,
524 774 597 815 sed
615 788 666 814 ne
686 773 817 814 civem
836 772 1002 826 quidem
1017 771 1263 820 Romanum,
1291 785 1342 811 ex
1358 769 1514 812 Sabino

159 854 258 894 agro
296 838 489 886 accitum,
531 835 674 890 populi
709 835 826 875 iussu
861 833 1045 888 patribus
1083 833 1319 874 auctoribus
1356 832 1514 873 Romae

158 899 378 954 regnasse?
416 899 468 939 L.
490 898 636 938 deinde
656 896 928 950 Tarquinium
946 910 1028 936 non
1047 895 1259 935 Romanae
1279 895 1414 944 modo,
1441 894 1513 935 sed
1545 909 1577 936 11

157 976 207 1002 nc
233 961 399 1002 Italicae
432 960 598 1013 quidem
623 960 775 1015 gentis,
806 958 1022 999 Demarati
1048 957 1250 998 Corinthii
1275 957 1422 1005 filium,
1454 957 1515 996 in-

158 1024 288 1065 colam
331 1039 355 1064 a
397 1023 633 1077 Tarquiniis
677 1021 780 1062 vivis
823 1020 962 1062 liberis
999 1019 1109 1060 Anci
1150 1034 1292 1075 regem
1334 1019 1515 1059 factum?

159 1084 351 1126 Servium
377 1085 560 1125 Tullium
595 1090 689 1138 post
723 1083 833 1123 hunc
870 1083 1031 1136 captiva
1064 1080 1339 1122 Corniculana
1370 1087 1513 1121 natum
1545 1095 1579 1121 l·.’

157 1157 271 1202 patre
292 1146 416 1195 nullo,
443 1154 571 1186 matre
592 1160 722 1194 serva,
743 1144 920 1199 ingenio,
942 1144 1091 1183 virtute
1110 1157 1285 1197 regnum
1304 1141 1513 1182 tenuisse?

157 1209 257 1261 quid
282 1208 388 1248 enim
414 1208 464 1248 de
484 1207 533 1247 T.
549 1207 668 1247 Tatio
691 1205 846 1247 Sabino
872 1205 1024 1253 dicam,
1051 1218 1175 1257 quem
1199 1204 1288 1258 ipse
1308 1202 1512 1244 Romulus

157 1284 304 1324 parens
329 1268 441 1309 urbis
467 1269 509 1308 in
535 1268 771 1308 societatem
796 1267 913 1322 regni
938 1266 1121 1320 accepit?
1163 1280 1262 1320 crgo
1293 1265 1391 1305 dum
1423 1264 1513 1305 nul·
1544 1279 1579 1306 12}

155 1331 240 1370 lum
271 1329 478 1370 fastiditur
501 1344 651 1385 genus,
684 1330 725 1369 in
751 1343 832 1382 quo
858 1328 1028 1369 eniteret
1052 1328 1200 1377 virtus,
1234 1327 1361 1368 crexit
1384 1327 1513 1381 impe-

152 1392 257 1432 rium
270 1391 516 1432 Romanum.
556 1391 759 1446 paeniteat
779 1405 887 1432 nunc
913 1405 987 1431 vos
1013 1389 1164 1444 plebeii
1189 1390 1389 1439 consulis,
1419 1404 1510 1430 cum

152 1453 325 1494 maiores
356 1454 485 1494 nostri
516 1454 696 1494 advenas
728 1468 847 1508 reges
878 1468 962 1494 non
991 1452 1239 1493 fastidierint
1266 1458 1305 1493 et
1329 1467 1380 1492 ne
1406 1451 1512 1506 regi-

152 1515 228 1556 bus
254 1515 421 1569 quidem
446 1516 600 1556 exactis
628 1515 767 1556 clausa
793 1514 890 1556 urbs
922 1514 1045 1555 fuerit
1074 1514 1316 1570 peregrinae
1348 1513 1512 1554 virtuti?

153 1576 374 1618 Claudiam
399 1585 506 1618 certe
532 1583 698 1633 gentem
722 1584 815 1632 post
840 1591 960 1632 reges
980 1583 1146 1617 exactos
1167 1591 1218 1617 ex
1239 1574 1406 1617 Sabinis
1427 1590 1507 1616 non
1541 1591 1575 1618 ιι

151 1641 193 1681 in
223 1641 430 1681 civitatem
461 1641 585 1681 modo
617 1640 870 1695 accepimus,
911 1640 984 1680 scd
1015 1639 1138 1680 ctiam
1169 1639 1210 1679 in
1246 1639 1509 1693 patriciorum

151 1717 379 1743 numerum.
429 1717 480 1743 ex
514 1703 786 1757 peregrinone
816 1702 1032 1756 patricius,
1071 1701 1219 1741 deinde
1250 1700 1395 1741 consul
1426 1700 1508 1749 fiat,
1542 1715 1578 1741 ιζ,

153 1764 253 1805 civis
278 1764 492 1805 Romanus
525 1764 559 1804 si
590 1765 642 1804 sit
673 1780 723 1805 ex
753 1764 893 1818 plebe,
930 1763 1118 1818 praecisa
1149 1762 1387 1803 consulatus
1416 1776 1510 1815 spes

154 1825 252 1865 erit?
275 1831 411 1865 utrum
433 1825 598 1865 tandem
619 1840 701 1866 non
726 1826 929 1865 credimus
955 1824 1043 1865 fieri
1067 1838 1209 1879 posse,
1237 1830 1281 1864 ut
1306 1823 1368 1863 vir
1391 1823 1509 1863 fortis
1540 1839 1577 1866 ]ι;

153 1902 199 1927 ac
231 1893 439 1935 strenuus,
482 1901 583 1940 pace
614 1886 803 1940 belloque
840 1886 973 1927 bonus
1011 1901 1062 1926 ex
1097 1885 1217 1940 plebe
1254 1885 1307 1925 sit
1335 1885 1508 1934 Numae,

152 1950 204 1989 L.
232 1948 475 2001 Tarquinio,
505 1947 594 1989 Ser.
615 1948 752 1989 Tullio
779 1948 941 1989 similis:
974 1963 1026 1988 an
1050 1962 1101 1988 ne
1128 1947 1162 1988 si
1188 1947 1239 1987 sit
1264 1947 1430 2000 quidem
1456 1947 1508 1988 ad
1540 1962 1574 1989 ιῖ

155 2009 434 2065 gubernacula
462 2010 520 2050 rei
551 2009 739 2064 publicae
771 2010 965 2051 accedere
997 2025 1091 2050 eum
1123 2009 1326 2063 patiemur
1354 2009 1511 2063 potius-

152 2086 231 2125 que
257 2071 518 2120 decemviris,
552 2071 794 2112 taeterrimis
820 2071 1071 2120 mortalium,
1105 2071 1175 2124 qui
1201 2077 1341 2111 tamen
1365 2085 1507 2111 omnes

153 2149 202 2174 cx
226 2134 411 2188 patribus
438 2140 569 2183 erant,
602 2148 727 2188 quam
752 2134 916 2188 optimis
947 2149 1093 2189 regum
1124 2133 1242 2174 novis
1272 2133 1508 2183 hominib-us

153 2195 295 2236 similis
323 2196 511 2237 consules
539 2211 680 2237 sumus
706 2196 909 2237 habituri?

235 2257 338 2298 1111.
390 2257 475 2298 “At
512 2258 620 2298 enim
656 2273 777 2299 nemo
813 2267 906 2313 post
943 2273 1061 2313 reges
1098 2265 1264 2299 exactos
1302 2258 1352 2299 de
1387 2258 1507 2312 plebe
1538 2274 1547 2301 1

151 2319 295 2360 consul
320 2319 435 2360 fuit.''
471 2320 570 2373 quid
594 2321 763 2374 postea?
792 2321 956 2362 nullane
980 2336 1045 2362 res
1071 2336 1180 2362 nova
1205 2321 1359 2361 institui
1387 2320 1509 2362 debet

151 2388 208 2430 et,
235 2381 345 2434 quod
370 2382 552 2422 nondum
578 2382 832 2432 estfactum,
848 2383 1045 2424 —multa
1071 2383 1177 2424 enim
1203 2383 1386 2424 nondum
1413 2389 1507 2423 sunt

152 2442 260 2483 facta
286 2443 328 2482 in
352 2457 459 2484 novo
483 2443 784 2498 populo—ea,
811 2459 862 2485 ne
888 2445 923 2486 si
947 2445 1063 2486 utilia
1087 2445 1253 2499 quidem
1280 2451 1393 2494 sunt,
1418 2444 1506 2485 fieri

153 2505 338 2559 oportet?
361 2505 594 2559 pontifices,
623 2521 799 2561 augures
819 2507 999 2548 Romulo
1024 2514 1221 2562 regnante
1245 2507 1347 2547 nulli
1372 2513 1503 2547 erant:
1531 2521 1548 2550 2

149 2581 172 2606 a
203 2566 338 2607 Numa
369 2566 573 2621 Pompilio
604 2569 728 2608 creati
760 2575 866 2609 sunt.
917 2583 1066 2610 census
1096 2569 1139 2609 in
1169 2568 1333 2610 civitate
1365 2574 1405 2608 et
1435 2568 1506 2609 de-

149 2628 314 2682 scriptio
340 2630 613 2670 centuriarum
639 2630 914 2684 classiumque
939 2645 1022 2671 non
1047 2637 1150 2672 erat:
1183 2630 1234 2671 ab
1262 2629 1351 2672 Ser.
1367 2629 1504 2671 Tullio

148 2696 209 2730 cst
246 2690 367 2731 facta.
424 2690 613 2732 consules
649 2706 876 2745 numquam
911 2692 1095 2733 fuerunt:
1142 2691 1310 2748 regibus
1348 2692 1502 2732 exactis
1529 2707 1547 2736 3

148 2753 271 2793 creati
305 2760 411 2794 sunt.
462 2754 669 2796 dictatoris
701 2770 775 2795 nec
806 2755 1022 2810 imperium
1052 2770 1127 2796 ncc
1165 2770 1315 2796 nomen
1350 2754 1501 2796 fuerat:
