1835 3226
331 249 412 290 226
596 254 749 288 11οΕ11
775 252 870 297 1111,
896 252 949 286 34.
968 251 1021 286 35.
1050 253 1400 297 [a.u.e.328-331]

329 360 458 399 minor
483 357 629 398 caedes
656 356 696 396 in
721 354 822 396 urbe
848 370 971 409 quam
997 356 1038 395 in
1063 355 1217 410 proelio
1237 355 1334 405 fuit,
1361 355 1492 396 donee
1516 357 1685 399 abiectis

329 420 452 461 armis
500 418 599 458 nihil
641 423 802 471 praeter
843 417 970 457 vitam
1012 424 1199 471 petentes
1242 417 1429 458 dictatori
1469 417 1686 461 deduntur.

285 497 301 524 1
329 481 444 529 urbs,
488 486 622 520 castra
657 478 914 533 diripiuntur.
974 485 1140 533 postero
1177 478 1261 528 die,
1306 479 1478 533 singulis
1516 480 1687 534 captivis

330 542 380 583 ab
413 542 548 595 equite
580 541 633 581 ad
663 540 943 581 centurionem
976 547 1084 582 sorte
1116 540 1250 581 ductis
1276 547 1315 581 et
1340 555 1515 594 quorum
1540 541 1687 583 eximia

330 605 458 644 virtus
490 603 625 644 fuerat
654 602 781 652 binis,
819 602 908 643 aliis
941 602 1018 644 sub
1050 617 1202 644 corona
1231 602 1496 652 venundatis,
1536 604 1689 644 exerci-

334 672 419 706 tum
452 665 649 706 victorem
681 664 1003 719 opulentumque
1034 665 1188 719 praeda
1223 664 1481 719 triumphans
1518 665 1690 706 dictator

288 744 305 769 5,
332 727 511 768 Romam
535 727 717 776 reduxit,
753 726 950 779 iussoque
981 727 1179 782 magistro
1211 727 1394 780 equitum
1425 726 1615 769 abdicare
1647 742 1690 768 se

331 790 592 844 magistratu,
625 789 713 843 ipse
746 788 894 829 deinde
925 788 1089 829 abdicat
1113 789 1178 829 die
1205 795 1322 830 sexto
1347 789 1507 830 decimo
1531 788 1690 830 reddito

330 853 371 892 in
406 865 508 906 paee
544 851 732 905 imperio,
771 851 881 904 quod
913 851 954 890 in
985 850 1093 892 bello
1130 851 1380 906 trepidisque
1417 850 1540 892 rebus
1576 865 1691 892 acee-

288 930 304 956 ti
330 919 458 968 perat.
514 913 636 954 classi
667 927 831 966 quoque
861 912 914 953 ad
944 913 1123 953 Fidenas
1154 919 1384 968 pugnatum
1415 927 1509 954 eum
1539 912 1691 955 Veien-

331 975 440 1017 tibus
479 976 647 1028 quidam
684 975 725 1016 in
763 975 930 1016 annales
962 975 1154 1025 retulere,
1193 990 1280 1016 rem
1316 990 1445 1028 aeque
1481 974 1690 1016 difficilem

332 1044 454 1090 atque
486 1036 787 1086 incredibilem,
825 1051 901 1078 1100
931 1051 1041 1078 nunc
1073 1037 1155 1078 lato
1187 1038 1285 1078 satis
1317 1038 1369 1078 ad
1399 1037 1478 1078 1100
1507 1052 1626 1078 amne
1653 1043 1691 1078 et

291 1116 304 1142 ῖ
334 1106 420 1139 111111
451 1099 678 1152 aliquanto,
712 1105 757 1140 ut
781 1115 805 1140 a
829 1098 1037 1140 veteribus
1063 1099 1317 1153 accepimus,
1350 1099 1515 1149 artiore,
1547 1099 1627 1140 nisi
1651 1100 1690 1139 in

334 1161 505 1202 traiectu
531 1161 635 1201 forte
660 1161 841 1202 fluminis
866 1161 1121 1215 prohibendo
1147 1162 1376 1215 aliquarum
1402 1161 1570 1202 navium
1597 1176 1693 1202 con-

333 1237 498 1264 eursum
524 1223 565 1263 in
591 1223 742 1272 maius,
774 1229 819 1263 ut
845 1223 907 1272 fit,
941 1223 1195 1265 celebrantes
1221 1224 1379 1264 navalis
1405 1223 1598 1265 victoriae
1623 1238 1693 1264 va-

332 1300 431 1325 num
456 1284 618 1325 titulum
644 1284 891 1338 appetivere.

292 1362 302 1389 1
417 1345 616 1387 XXXV.
654 1346 887 1399 Insequens.
905 1361 1036 1387 annus
1056 1346 1240 1387 tribunos
1266 1346 1461 1387 militares
1487 1345 1692 1387 consulari

332 1414 534 1462 potestate
554 1407 697 1449 habuit
718 1407 772 1448 A.
796 1406 1085 1462 Sempronium
1098 1407 1349 1457 Atratinum,
1375 1408 1429 1448 L.
1450 1407 1690 1460 Quinctium

335 1469 645 1519 Cincinnatum,
672 1470 725 1510 L.
751 1470 924 1510 Furium
949 1469 1244 1519 Medullinum,
1270 1470 1323 1510 L.
1344 1469 1563 1511 Horatium
1590 1469 1692 1509 Bar-

334 1531 488 1573 batum.
532 1531 776 1573 Veientibus
803 1546 1003 1572 annorum
1028 1532 1173 1586 viginti
1198 1532 1380 1573 indutiae
1406 1533 1523 1573 datae
1550 1538 1589 1572 01
1607 1529 1693 1572 Ae-

334 1594 426 1646 quis
453 1593 631 1641 triennii‚
665 1608 759 1633 eum
783 1593 962 1647 plurium
988 1608 1188 1634 annorum
1214 1593 1424 1648 petissent.
1475 1600 1514 1634 et
1539 1609 1563 1634 a
1589 1593 1694 1634 sedi-

336 1654 514 1695 tionibus
540 1654 709 1695 urbanis
737 1655 864 1695 otium
890 1655 979 1694 suit.

291 1732 309 1760 3
420 1714 592 1756 Annum
630 1716 932 1770 insequentem,
969 1730 1103 1769 neque
1133 1715 1242 1757 bello
1278 1715 1377 1757 foris
1413 1730 1547 1770 neque
1583 1717 1694 1758 domi

337 1778 535 1820 seditione
560 1778 783 1833 insignem,
809 1777 896 1818 ludi
921 1777 1028 1819 bello
1054 1778 1138 1818 voti
1158 1776 1362 1819 celebrem
1381 1784 1422 1818 01
1440 1777 1694 1819 tribunorum

292 1857 307 1884 21
336 1840 510 1880 militum
535 1846 737 1894 apparatu
761 1847 801 1881 et
824 1840 1090 1880 finitimorum
1117 1854 1319 1881 concursu
1343 1839 1490 1881 fecere.
1545 1839 1696 1881 tribum

336 1902 542 1944 consulari
565 1908 768 1957 potestate
794 1908 909 1943 erant
930 1900 1053 1957 [Ap]
1077 1901 1277 1943 Claudius
1300 1901 1492 1952 Crassus,
1521 1900 1696 1957 Spurius

335 1964 510 2006 Nautius
541 1964 727 2014 Rutilus,
759 1965 812 2005 L.
841 1963 1013 2020 Sergius
1043 1965 1243 2015 Fidenas,
1278 1963 1376 2006 SeX.
1402 1965 1535 2006 Iulius
1565 1965 1695 2006 Iulus.

338 2027 620 2082 spectaculum
651 2027 842 2068 comitate
872 2027 996 2068 etiam
1020 2027 1264 2082 hospitium,
1297 2027 1350 2068 ad
1374 2042 1498 2081 quam
1524 2042 1697 2069 consen-

293 2106 311 2133 .·)
340 2104 430 2130 sum
457 2095 542 2130 erat
567 2089 738 2131 consilio
757 2089 941 2144 publico,
968 2090 1139 2131 advenis
1159 2090 1316 2145 gratius
1336 2089 1427 2130 fuit.
1464 2096 1558 2144 post
1576 2090 1696 2131 ludos

337 2151 548 2192 contiones
569 2152 789 2193 seditiosae
810 2152 1065 2194 tribunorum
1085 2152 1195 2207 plebi
1215 2152 1379 2193 fuerunt
1392 2151 1696 2207 obiurgantium

335 2215 659 2266 multitudinem,
702 2216 814 2270 quod
849 2215 1118 2257 admiratione
1156 2230 1315 2265 eorum,
1358 2229 1462 2269 quos
1499 2215 1696 2264 odissent,

293 2292 309 2317 α
337 2284 507 2333 stupens
544 2278 587 2318 in
617 2284 783 2319 aeterno
815 2293 859 2319 se
888 2278 980 2333 ipsa
1010 2284 1164 2319 teneret
1195 2278 1360 2319 servitio
1393 2284 1432 2318 et
1461 2292 1544 2318 non
1574 2277 1697 2318 modo

337 2340 388 2380 ad
420 2354 536 2394 spem
567 2339 806 2382 consulatus
837 2340 879 2381 in
908 2346 1068 2394 partem
1099 2340 1372 2381 revocandam
1403 2339 1583 2394 aspirare
1615 2354 1697 2380 non

337 2402 524 2452 auderet,
552 2403 625 2443 sed
649 2417 700 2443 ne
725 2402 768 2443 in
787 2402 961 2444 tribunis
981 2403 1147 2456 quidem
1166 2402 1341 2443 militum
1360 2401 1566 2452 creandis,
1591 2415 1697 2455 quae

337 2464 571 2506 communia
607 2470 747 2506 essent
778 2465 943 2505 comitia
972 2470 1136 2519 patrum
1166 2479 1214 2505 ae
1243 2464 1396 2519 plebis,
1433 2469 1503 2504 aut
1534 2463 1598 2504 sui
1629 2469 1697 2503 aut

298 2540 310 2566 ῖ
340 2541 508 2567 suorum
540 2527 808 2568 meminisset.
858 2526 1063 2568 desineret
1088 2541 1186 2582 ergo
1211 2526 1365 2576 mirari,
1404 2540 1476 2567 0111·
1499 2539 1621 2566 1101110
1646 2524 1696 2564 (10

339 2589 564 2630 commodis
589 2589 722 2644 plebis
744 2596 897 2644 ageret.
935 2602 984 2630 eo
1002 2588 1169 2644 inpendi
1187 2588 1370 2630 laborem
1390 2602 1438 2629 110
1455 2585 1694 2642 perieulum,

338 2650 445 2691 unde
471 2651 793 2692 emolumentum
825 2657 948 2705 atque
979 2650 1111 2692 honos
1143 2656 1346 2705 speretur;
1383 2649 1484 2690 nihil
1513 2661 1596 2688 non
1625 2646 1696 2687 ad-

339 2726 552 2763 gressuros
578 2713 784 2763 homines,
813 2713 845 2753 si
871 2728 1024 2768 magna
1048 2712 1203 2754 conatis
1229 2726 1381 2766 magna
1404 2708 1585 2764 praemia
1603 2722 1693 2762 pro-

290 1546 308 1574 [ὓ
