1835 3226
348 225 427 266 128
712 231 865 266 LIBER
883 232 958 276 111,
984 232 1018 266 4.
1040 232 1071 266 5.
1100 235 1148 275 [a.
1163 245 1195 267 u.
1211 245 1239 268 e.
1254 236 1334 279 290]

342 337 433 390 quis
459 335 768 376 inmutationem
794 335 972 376 virorum
998 335 1181 390 ipsorum
1207 351 1317 386 esse,
1357 351 1462 390 quae
1486 341 1696 382 nominum

298 414 316 442 ‘2
343 404 416 446 cst,
442 403 569 452 putet.
606 396 718 437 haud
743 396 914 437 dubium
940 403 1038 447 crat,
1065 398 1164 450 quin
1189 412 1282 439 cum
1302 398 1462 452 Aequis
1483 400 1583 442 alter
1601 417 1698 443 con-

343 460 477 501 sulum
502 458 655 499 bellum
681 465 853 513 gereret.
896 458 1035 511 itaque
1060 459 1200 512 Aequi
1225 459 1276 501 ab
1295 460 1513 502 Ecetranis
1531 460 1696 505 Volscis

340 521 591 576 praesidium
620 521 792 575 petiere,
831 535 913 573 quo
945 521 1093 574 cupide
1125 521 1262 563 oblato
1293 548 1347 552 —
1378 523 1480 564 adeo
1512 524 1697 567 civitates

340 598 412 624 cae
435 589 634 637 perpetuo
659 582 700 622 in
718 582 931 623 Romanos
951 583 1045 623 odio
1066 589 1272 624 certavere
1290 583 1517 625 —bellum
1538 601 1699 627 summa

296 660 313 685 ν,
339 646 378 685 vi
397 644 630 700 parabatur.
669 644 849 685 sentiunt
861 643 1035 685 Hernici
1055 650 1095 685 et
1113 645 1355 699 praedicunt
1373 645 1571 688 Romanis
1589 647 1699 688 Ece—

269 2271 307 2298 11)

271 2456 304 2484 11

294 2702 304 2728 1

341 714 503 748 tranum
528 707 581 747 ad
604 705 776 759 Aequos
803 706 997 747 descisse.
1048 713 1238 761 suspecta
1271 713 1311 748 et
1341 707 1500 749 colonia
1523 709 1698 750 Antium

339 769 428 818 fuit,
455 769 567 822 quod
586 783 737 823 magna
754 768 817 809 vis
837 768 1050 809 hominum
1070 769 1178 819 inde,
1205 783 1300 810 cum
1314 770 1508 823 oppidum
1532 777 1697 825 captum

339 837 459 880 esset,
487 830 744 885 confugisset
769 830 820 870 ad
844 829 1030 883 Aequos,
1057 830 1174 884 isque
1200 831 1317 872 miles
1342 846 1415 885 per
1439 831 1593 873 bellum
1612 832 1698 873 Ae-

338 893 504 946 quicum
535 891 602 932 vel
634 891 856 932 acerrimus
893 891 983 932 fuit.
1045 891 1254 947 conpulsis
1291 893 1438 934 deinde
1474 893 1515 933 in
1547 894 1698 949 oppida

336 954 496 1008 Aequis
534 969 582 994 ea
616 953 834 994 multitudo
867 953 1027 1008 dilapsa
1057 968 1151 994 cum
1181 952 1356 994 Antium
1391 955 1583 1004 redisset,
1622 971 1698 996 sua

338 1022 481 1071 sponte
507 1016 589 1056 iam
613 1015 762 1056 infidos
788 1015 954 1056 colonos
979 1015 1180 1057 Romanis
1207 1015 1466 1057 abalienavit.
1516 1016 1694 1057 necdum

335 1085 497 1119 matura
525 1092 570 1118 re
601 1092 695 1118 cum
726 1077 999 1118 defectionem
1034 1078 1170 1132 parari
1206 1078 1387 1119 delatum
1423 1079 1476 1120 ad
1507 1085 1696 1120 senatum

337 1146 464 1189 esset,
497 1140 638 1180 datum
662 1139 875 1194 negotium
900 1146 963 1180 est
988 1139 1246 1189 consulibus,
1279 1146 1324 1180 ut
1348 1140 1602 1195 principibus
1629 1155 1696 1182 co-

336 1202 469 1242 loniae
494 1201 671 1242 Romam
697 1201 841 1242 excitis
867 1207 1123 1254 quaererent,
1151 1202 1251 1254 quid
1267 1202 1327 1242 rei
1346 1208 1467 1243 esset.
1505 1203 1576 1255 qui
1601 1218 1694 1244 cum

335 1265 436 1306 haut
459 1270 627 1319 gravate
658 1264 885 1313 venissent,
925 1264 1148 1305 introducti
1179 1280 1203 1305 a
1228 1264 1466 1305 consulibus
1499 1266 1551 1306 ad
1577 1279 1695 1306 sena-

337 1333 423 1367 tum
452 1327 509 1367 ita
538 1326 838 1380 responderunt
874 1326 926 1366 ad
956 1326 1222 1381 interrogata,
1260 1333 1305 1367 ut
1341 1327 1474 1381 magis
1513 1327 1694 1381 suspecti

336 1404 458 1442 quam
484 1395 680 1429 venerant
705 1388 1016 1428 dimitterentur.

420 1450 584 1491 Bellum
615 1450 709 1490 inde
740 1449 851 1490 haud
881 1449 1051 1490 dubium
1084 1449 1237 1490 haberi.
1290 1448 1362 1504 Sp.
1389 1450 1559 1499 Furius,
1598 1465 1694 1491 con-

336 1512 471 1553 sulum
497 1512 614 1561 alter,
653 1512 718 1552 cui
744 1526 792 1552 ea
815 1511 1026 1565 provincia
1051 1518 1262 1559 evenerat,
1301 1511 1509 1566 profectus
1541 1512 1583 1552 in
1607 1511 1694 1552 Ae-

335 1588 438 1627 quos
489 1573 765 1614 Hernicorum
790 1573 832 1612 in
857 1587 957 1627 agro
981 1573 1322 1626 populabundum
1352 1573 1513 1614 hostem
1539 1573 1695 1614 invenit

335 1636 585 1689 ignarusque
605 1634 892 1682 multitudinis,
919 1634 1016 1686 quia
1035 1648 1241 1687 nusquam
1260 1635 1454 1675 universa
1473 1641 1694 1688 conspecta

335 1697 481 1745 fuerat,
507 1696 693 1750 inparem
713 1695 841 1750 copiis
869 1695 1095 1736 exereitum
1121 1701 1273 1736 temere
1298 1710 1464 1750 pugnae
1489 1695 1691 1736 conmisit.

335 1759 467 1813 primo
498 1773 700 1799 concursu
730 1758 875 1812 pulsus
908 1772 951 1798 se
982 1757 1089 1798 intra
1121 1763 1255 1798 eastra
1285 1757 1451 1811 recepit.
1500 1771 1633 1810 neque
1658 1758 1692 1798 is

334 1822 426 1862 finis
457 1820 628 1875 periculi
665 1820 756 1861 fuit.
805 1834 985 1873 namque
1016 1826 1056 1860 et
1085 1819 1274 1874 proxima
1308 1826 1427 1860 nocte
1460 1824 1500 1860 et
1528 1825 1694 1873 postero

334 1885 400 1924 dic
425 1890 539 1924 tanta
562 1883 604 1923 vi
629 1889 764 1924 castra
789 1889 884 1923 sunt
910 1883 1183 1923 circumsessa
1208 1888 1330 1935 atque
1355 1888 1610 1936 oppugnata,
1650 1892 1695 1922 ut

334 1960 384 1986 nc
409 1945 576 1986 nuntius
602 1945 770 1998 quidem
795 1945 891 1985 inde
916 1945 1021 1985 mitti
1046 1945 1224 1985 Romam
1254 1951 1407 1998 posset.
1457 1943 1630 1984 Hernici
1655 1952 1695 1984 ct

334 2007 440 2048 male
464 2014 695 2062 pugnatum
727 2013 767 2048 et
798 2007 1010 2048 consulem
1042 2007 1349 2060 exercitumque
1380 2005 1560 2046 obsideri
1589 2021 1694 2046 nun-

333 2070 536 2110 tiaverunt
560 2075 800 2123 tantumque
825 2076 1019 2110 terrorem
1045 2069 1255 2110 incussere
1279 2068 1478 2122 patribus,
1504 2073 1561 2117 ut,
1588 2082 1693 2120 quac

333 2132 467 2172 forma
493 2138 659 2172 senatus
676 2132 852 2175 consulti
872 2130 1039 2171 ultimae
1071 2144 1233 2184 semper
1262 2129 1520 2170 necessitatis
1553 2128 1694 2169 habita

334 2200 407 2244 cst,
433 2193 662 2242 Postumio,
690 2193 804 2233 alteri
829 2193 1057 2241 consulum,
1083 2192 1295 2247 negotium
1320 2192 1495 2240 daretur,
1522 2191 1691 2240 videret,

334 2271 384 2296 ne
420 2256 520 2309 quid
549 2255 784 2310 respublica
815 2255 1047 2295 detrimenti
1078 2260 1254 2308 caperet.
1309 2254 1448 2308 ipsum
1479 2252 1691 2293 consulem

333 2318 491 2359 Romae
522 2332 688 2358 manere
719 2317 771 2358 ad
802 2316 1123 2358 conscribendos
1154 2330 1314 2364 omncs,
1352 2315 1424 2368 qui
1448 2329 1562 2355 arma
1585 2314 1692 2355 ferre

332 2386 519 2434 possent,
557 2379 758 2434 optimum
790 2379 924 2420 visum
956 2384 1036 2428 est,
1073 2393 1147 2432 pro
1180 2377 1347 2419 consule
1374 2376 1422 2417 T.
1451 2375 1691 2429 Quinctium

335 2441 518 2482 subsidio
549 2441 694 2481 castris
726 2455 820 2481 cum
852 2440 993 2481 sociali
1026 2440 1209 2480 exercitu
1239 2439 1358 2479 mitti.
1413 2438 1466 2478 ad
1496 2452 1591 2478 eum
1621 2452 1691 2477 ex-

333 2504 529 2558 plendum
547 2504 690 2544 Latini
708 2503 963 2557 Hernicique
984 2509 1023 2544 et
1043 2502 1203 2544 colonia
1221 2501 1397 2542 Antium
1416 2501 1513 2541 dare
1534 2499 1689 2552 Quinc-

335 2566 389 2605 tio
416 2565 635 2607 subitarios
666 2565 816 2607 milites
843 2590 897 2596 —
920 2566 979 2606 ita
1010 2571 1097 2605 tum
1127 2564 1342 2619 repentina
1367 2563 1520 2604 auxilia
1549 2560 1689 2614 appel-

334 2627 471 2668 labant
498 2653 551 2656 —
575 2627 691 2668 iussi.

417 2687 470 2728 V.
518 2687 643 2729 Multi
668 2703 741 2743 per
765 2703 835 2729 eos
868 2689 954 2729 dies
987 2694 1122 2729 motus
1154 2687 1353 2740 multique
1384 2686 1560 2738 impetus
1592 2682 1687 2723 hine
