1835 3226
328 343 337 370 l

323 526 340 552 2

308 2378 345 2407 lo

369 218 450 257 364
733 222 886 256 LIBER
910 222 999 267 vn,
1027 223 1078 256 14.
1107 225 1204 266 [au.
1223 224 1347 268 2396]

450 326 602 367 XIIII.
639 325 831 367 Dictator
849 340 1100 379 quamquam
1118 340 1204 367 rem
1224 326 1375 367 bonam
1396 329 1584 383 exemplo
1607 330 1717 370 haud

367 386 569 442 probabili
598 393 732 428 actam
763 387 972 437 cernebat,
1011 394 1148 428 tamen
1183 387 1388 429 facturum
1423 390 1535 442 quod
1569 391 1717 432 milites

368 449 518 489 vellent
543 464 587 490 se
611 449 782 504 recepit,
811 449 1076 503 Tulliumque
1097 456 1273 499 secreto,
1300 465 1503 504 quaenam
1527 451 1629 493 haec
1652 467 1717 494 res

368 511 418 551 sit
443 517 514 551 aut
537 524 619 564 quo
645 518 735 552 acta
759 526 890 561 more,
917 518 1190 566 percontatur.
1241 512 1403 554 Tullius
1425 529 1576 568 magno
1595 529 1717 569 opere

366 588 390 613 a
414 572 612 614 dictatore
637 580 793 627 petere,
824 588 876 614 ne
902 588 946 615 se
971 573 1142 614 oblitum
1168 574 1408 629 disciplinae
1432 575 1637 626 militaris,
1668 592 1719 617 ne

369 634 433 675 sui
473 649 577 675 neve
618 635 904 689 imperatoriae
946 635 1171 676 maiestatis
1215 637 1421 677 crederet:
1470 637 1720 678 multitudini

369 696 612 746 concitatae,
638 711 743 751 quae
768 696 897 738 ferme
923 697 1158 738 auctoribus
1186 698 1329 739 similis
1355 704 1482 748 esset,
1514 713 1597 740 non
1622 699 1720 741 sub-

367 758 540 799 traxisse
584 773 628 799 se
664 759 830 809 ducem,
879 773 931 799 ne
967 759 1058 812 quis
1095 759 1218 809 alius,
1268 760 1400 813 qualis
1437 768 1548 802 mota
1583 776 1719 803 creare

368 819 586 861 multitudo
622 820 790 870 soleret,
833 821 1038 862 existeret.
1087 837 1182 862 nam
1220 836 1263 862 se
1300 822 1466 875 quidem
1501 823 1602 863 nihil
1637 839 1719 865 non

366 881 532 923 arbitrio
556 882 813 937 imperatoris
839 890 1025 924 acturum
1034 900 1044 933 3
1070 883 1127 924 illi
1146 898 1310 938 quoque
1335 890 1473 925 tamen
1496 885 1721 928 videndum

367 958 518 999 magno
555 959 678 999 opere
714 960 824 995 esse,
874 951 920 986 ut
961 945 1187 986 exercitum
1222 946 1264 986 in
1298 952 1502 1000 potestate
1537 947 1718 989 haberet.

366 1005 521 1046 differri
551 1022 634 1047 non
663 1022 787 1062 posse
818 1008 921 1049 adeo
947 1007 1172 1049 concitatos
1199 1007 1371 1050 animos.
1420 1009 1533 1063 ipsos
1561 1009 1639 1051 sibi
1662 1009 1721 1051 lo-

367 1081 460 1107 cum
496 1082 544 1108 ac
580 1075 742 1123 tempus
778 1070 992 1125 pugnandi
1028 1076 1284 1125 sumpturos,
1323 1070 1358 1111 si
1388 1070 1439 1112 ab
1475 1071 1720 1126 imperatore

366 1143 448 1169 non
473 1130 602 1171 detur.
652 1131 751 1172 dum
776 1131 877 1172 haec
902 1131 1141 1185 loquuntur,
1174 1133 1356 1173 iumenta
1380 1133 1484 1174 forte
1508 1133 1721 1188 pascentia

366 1198 482 1233 extra
511 1192 664 1233 vallum
691 1192 813 1235 Gallo
844 1194 1027 1249 abigenti
1058 1195 1139 1235 duo
1171 1195 1320 1236 milites
1350 1195 1528 1236 Romani
1558 1197 1721 1237 ademe-

366 1260 472 1294 runt.
522 1254 564 1295 in
595 1269 664 1296 eos
698 1270 799 1296 saxa
829 1257 1012 1297 coniecta
1043 1271 1067 1297 a
1094 1254 1245 1306 Gallis,
1278 1257 1424 1297 deinde
1456 1257 1507 1298 ab
1531 1257 1721 1298 Romana

368 1315 540 1356 statione
567 1316 720 1357 clamor
744 1324 855 1358 ortus
882 1332 928 1358 ac
953 1332 1196 1372 procursum
1220 1319 1424 1371 utrimque
1445 1326 1518 1359 est.
1557 1319 1719 1372 iamque

366 1376 477 1417 haud
500 1378 642 1432 procul
666 1379 774 1420 iusto
793 1380 947 1434 proelio
966 1394 1030 1420 rcs
1051 1387 1183 1430 erant,
1211 1380 1252 1420 ni
1272 1381 1455 1421 celeriter
1473 1380 1718 1435 diremptum

369 1449 577 1481 certamen
605 1455 679 1495 per
709 1442 965 1482 centuriones
998 1448 1119 1483 essct.
1169 1442 1383 1483 adfirmata
1414 1449 1520 1483 certe
1547 1457 1594 1483 co
1620 1457 1719 1483 casu

369 1500 480 1541 Tulli
510 1503 620 1556 apud
650 1503 890 1544 dictatorcm
919 1503 1022 1544 fides
1055 1510 1135 1553 cst,
1167 1518 1242 1544 nec
1266 1504 1486 1558 recipiente
1511 1504 1593 1544 iam
1619 1504 1719 1545 dila-

368 1562 520 1602 tionem
561 1579 604 1604 re
645 1564 688 1604 in
728 1571 939 1619 posterum
975 1565 1084 1606 diem
1121 1566 1292 1606 edicitur
1327 1567 1413 1607 acie
1449 1574 1716 1621 pugnaturos.

367 1623 540 1665 dictator
569 1632 724 1675 tamen,
757 1633 801 1666 ut
831 1626 901 1680 qui
926 1627 1059 1681 magis
1086 1627 1231 1667 animis
1257 1641 1382 1680 quam
1406 1627 1562 1668 viribus
1588 1628 1717 1668 fretus

366 1686 419 1727 ad
444 1694 651 1728 certamen
675 1688 959 1738 descenderet,
986 1688 1124 1729 onmia
1149 1689 1461 1743 circumspicere
1487 1696 1608 1742 atque
1633 1690 1720 1745 agi-

367 1755 452 1790 tare
482 1749 634 1804 coepit,
676 1757 722 1790 ut
758 1758 844 1791 arte
880 1751 1017 1804 aliqua
1053 1757 1248 1791 terrorem
1283 1751 1473 1792 hostibus
1509 1751 1718 1792 incuteret.

368 1811 520 1852 sollerti
555 1812 692 1853 animo
728 1827 815 1853 rem
851 1827 1001 1853 novam
1039 1813 1262 1868 excogitat,
1307 1827 1389 1866 qua
1425 1813 1572 1853 deinde
1603 1813 1719 1853 multi

368 1873 496 1914 nostri
526 1880 648 1927 atque
679 1874 836 1915 externi
865 1874 1151 1929 imperatores,
1188 1881 1329 1915 nostra
1358 1889 1522 1928 quoque
1553 1875 1719 1928 quidam

368 1941 519 1985 aetate,
551 1936 616 1976 usi
642 1943 754 1976 sunt:
786 1936 907 1977 mulis
934 1943 1061 1977 strata
1085 1937 1243 1977 detrahi
1267 1936 1381 1978 iubet
1411 1937 1600 1990 binisque
1632 1943 1721 1977 tan-

368 2003 455 2037 tum
487 1998 743 2039 centunculis
773 1998 924 2039 relictis
956 2014 1158 2054 agasones
1190 1999 1337 2053 partim
1369 1999 1540 2053 captivis
1572 1998 1720 2053 partim

369 2073 586 2114 aegrorum
617 2060 741 2101 armis
778 2067 943 2102 ornatos
979 2061 1149 2115 inponit.
1197 2061 1261 2101 his
1297 2060 1382 2101 fere
1418 2060 1528 2100 mille
1564 2060 1720 2101 effectis

368 2128 531 2161 centum
562 2123 761 2163 admiscet
792 2123 949 2176 equites
982 2130 1022 2163 ct
1045 2129 1164 2164 nocte
1190 2137 1312 2177 super
1337 2128 1471 2163 castra
1494 2122 1535 2162 in
1560 2128 1719 2163 montes

368 2184 540 2224 evadere
572 2199 620 2225 ac
652 2184 764 2225 silvis
797 2199 841 2225 se
873 2185 1077 2226 occultare
1102 2184 1215 2226 iubet
1239 2198 1372 2237 neque
1396 2184 1491 2224 inde
1517 2189 1610 2224 ante
1635 2197 1722 2223 mo-

368 2246 453 2286 veri
478 2260 602 2298 quam
627 2246 678 2288 ab
705 2261 748 2287 sc
774 2246 1005 2301 acciperent
1030 2247 1207 2302 signum.
1256 2246 1363 2301 ipse,
1395 2245 1465 2286 ubi
1490 2245 1654 2294 inluxit,
1680 2245 1721 2285 in

367 2308 573 2349 radicibus
605 2309 805 2350 montium
831 2309 1050 2349 extendere
1075 2309 1205 2349 aciem
1231 2309 1365 2363 coepit
1390 2308 1550 2357 sedulo,
1582 2314 1627 2348 ut
1651 2307 1721 2348 ad-

373 2384 514 2410 versus
546 2377 706 2411 montes
738 2371 980 2411 consisteret
1010 2371 1153 2411 hostis.
1202 2370 1401 2411 instructo
1431 2370 1527 2411 vani
1557 2369 1719 2410 terroris

369 2439 585 2486 apparatu,
612 2432 683 2485 qui
702 2433 868 2486 quidem
894 2439 1020 2473 terror
1044 2432 1136 2486 plus
1162 2446 1291 2486 paene
1316 2432 1423 2473 veris
1448 2431 1604 2472 viribus
1628 2445 1721 2485 pro-

369 2492 463 2542 fuit,
496 2494 627 2548 primo
654 2495 818 2535 credere
844 2495 969 2536 duces
997 2493 1230 2543 Gallorum,
1262 2508 1345 2534 non
1376 2494 1648 2534 descensuros
1678 2491 1718 2532 in

369 2569 545 2607 aequum
560 2556 783 2606 Romanos,
810 2556 976 2606 deinde,
1003 2556 1073 2597 ubi
1093 2556 1311 2610 degressos
1331 2561 1498 2610 repente
1517 2554 1718 2600 viderunt,

370 2623 409 2657 et
433 2617 510 2671 ipsi
536 2618 645 2658 avidi
670 2619 901 2659 certaminis
921 2619 963 2658 in
980 2618 1181 2673 proelium
1198 2624 1339 2666 ruunt,
1366 2617 1560 2672 priusque
1579 2628 1718 2670 pugna

371 2679 501 2732 coepit
527 2694 650 2732 quam
677 2681 839 2735 signum
866 2680 916 2722 ab
942 2680 1116 2722 ducibus
1143 2680 1318 2721 daretur.
