1835 3226
265 434 284 462 8

250 929 288 957 10

253 1177 287 1205 ll

275 1486 292 1514 ¹0

309 246 391 289 206
601 250 756 286 LIBER
779 250 874 294 1111,
900 249 1027 283 1213.
1054 251 1103 292 [a.
1117 259 1151 283 u.
1168 259 1196 283 ο.
1210 249 1287 283 314.
1300 249 1383 292 315]

310 372 418 399 nunc
450 355 636 397 fraudem
672 367 781 393 nunc
817 351 1123 407 neglegentiam
1161 351 1377 392 consulum
1409 351 1672 394 accusabant.

310 425 517 474 postremo
548 414 765 470 perpulere
795 413 960 468 plebem
996 413 1109 453 haud
1146 413 1391 453 adversante
1428 418 1592 462 senatu,
1631 422 1675 454 ut

310 482 364 522 L.
389 478 603 520 Minucius
628 476 863 531 praefectus
895 489 1084 516 annonae
1110 481 1333 523 crearetur,
1371 473 1531 515 felicior
1559 474 1602 514 in
1627 489 1675 515 eo

310 541 554 596 magistratu
579 539 632 579 ad
657 537 888 579 custodiam
912 536 1115 578 libertatis
1140 536 1305 577 futurus
1331 550 1457 590 quam
1483 536 1536 577 ad
1560 550 1676 577 cura-

311 604 464 644 tionem
488 600 705 642 ministenii
730 600 812 649 sui,
850 613 1103 653 quamquam
1128 605 1551 653 postremo—annonae
1576 612 1678 651 quo-

311 679 391 719 que
421 664 581 705 levatae
611 662 724 703 haud
753 661 988 702 inmeritam
1020 667 1060 702 et
1089 661 1265 716 gratiam
1297 667 1337 701 et
1367 660 1541 715 gloriam
1571 659 1675 700 tulit.

312 726 383 781 qui
408 741 502 767 cum
527 724 666 766 multis
699 724 808 765 circa
836 723 1031 764 finitimos
1062 723 1238 778 populos
1269 722 1546 777 legationibus
1571 727 1679 762 terra

312 788 496 842 marique
522 787 774 841 nequiquam
799 785 951 835 missis,
977 785 1058 826 nisi
1082 786 1194 839 quod
1218 800 1270 826 ex
1293 784 1463 825 Etruria
1487 784 1598 825 haud
1621 784 1679 824 ita

312 851 488 892 multum
513 849 709 891 frumenti
735 849 954 890 advectum
980 856 1061 897 cst,
1087 847 1247 888 nullum
1272 853 1528 888 momentum
1552 861 1680 887 anno-

313 929 390 955 nae
415 913 584 955 fecisset
608 919 648 953 et
671 911 883 953 revolutus
909 911 963 952 ad
987 911 1338 965 dispensationem
1369 909 1532 964 inopiae
1557 908 1680 964 profi-

314 977 389 1018 teri
414 975 600 1031 cogendo
631 974 885 1015 frumentum
917 979 958 1014 et
987 973 1184 1022 vendere,
1223 972 1335 1026 quod
1366 986 1444 1012 usu
1469 977 1679 1012 menstruo

315 1044 562 1093 superesset,
590 1037 902 1090 fraudandoque
927 1041 1042 1090 parte
1068 1035 1204 1076 diurni
1229 1034 1309 1075 cibi
1335 1034 1518 1083 servitia,
1545 1033 1681 1074 crimi-

315 1100 450 1141 nando
464 1099 559 1140 inde
574 1106 613 1140 et
626 1099 842 1140 obiciendo
855 1099 939 1139 irae
959 1097 1101 1153 populi
1120 1097 1426 1146 frumentarios,
1453 1095 1602 1137 acerba
1620 1095 1681 1136 in-

317 1162 537 1215 quisitione
562 1161 738 1215 aperiret
762 1160 896 1216 magis
921 1175 1045 1214 quam
1070 1160 1226 1201 levaret
1254 1159 1456 1214 inopiam,
1487 1158 1605 1199 multi
1630 1172 1681 1198 ex

316 1223 436 1278 plebe
457 1237 530 1278 spe
553 1223 707 1264 amissa
724 1223 862 1277 potius
882 1237 1006 1276 quam
1026 1228 1071 1262 ut
1091 1222 1369 1262 cruciarentur
1383 1221 1582 1262 trahendo
1596 1219 1681 1261 ani-

317 1301 428 1327 mam
453 1284 656 1339 capitibus
682 1284 888 1325 obvolutis
915 1299 959 1325 se
984 1284 1025 1324 in
1050 1283 1235 1324 Tiberim
1259 1283 1643 1337 praecipitaverunt.

401 1347 532 1388 XIII.
582 1347 692 1387 Tum
721 1345 794 1401 Sp.
819 1345 1001 1387 Maelius
1034 1360 1085 1386 ex
1116 1345 1296 1399 equestri
1327 1345 1487 1393 ordine,
1526 1350 1572 1384 ut
1601 1343 1680 1384 illis

320 1409 573 1464 temporibus
593 1409 824 1464 praedives,
850 1423 937 1449 rem
956 1408 1098 1448 utilem
1112 1407 1294 1462 pessimo
1314 1406 1517 1460 exemplo,
1543 1405 1681 1460 peiore

321 1472 491 1513 consilio
517 1478 580 1512 est
605 1471 842 1526 adgressus.
891 1470 1098 1511 frumento
1124 1483 1302 1523 namque
1334 1483 1385 1509 ex
1408 1468 1577 1509 Etruria
1600 1467 1684 1522 pri-

320 1540 416 1575 vata
429 1533 603 1588 pecunia
615 1547 689 1588 per
701 1533 911 1587 hospitum
926 1532 1216 1584 clientiumque
1235 1530 1460 1571 ministeria
1479 1536 1680 1583 coempto,

320 1610 444 1648 quae,
472 1595 611 1644 credo,
637 1595 730 1648 ipsa
753 1609 818 1635 res
845 1595 897 1635 ad
921 1593 1139 1634 levandam
1165 1592 1330 1648 publica
1355 1607 1453 1633 cura
1477 1606 1683 1632 annonam

321 1657 614 1711 impedimento
645 1656 798 1705 fuerat,
834 1655 1073 1711 largitiones
1105 1654 1299 1695 frumenti
1330 1653 1466 1694 facere
1495 1652 1681 1701 instituit,

322 1718 566 1774 plebemque
596 1718 676 1759 hoc
705 1732 875 1758 munere
906 1717 1135 1766 delinitam,
1173 1730 1432 1769 quacumque
1463 1715 1681 1764 incederet,

323 1788 567 1836 conspectus
594 1782 808 1834 elatusque
835 1795 959 1834 supra
978 1779 1149 1820 modum
1166 1778 1345 1819 hominis
1370 1777 1518 1832 privati
1544 1790 1683 1817 seeum

323 1843 501 1893 trahere,
538 1843 650 1884 haud
675 1842 847 1884 dubium
878 1841 1139 1882 consulatum
1164 1840 1307 1881 favore
1333 1854 1381 1880 ac
1413 1853 1485 1893 spe
1509 1838 1686 1892 despon-

324 1906 501 1946 dentem.
561 1905 670 1960 ipse,
713 1914 760 1945 ut
796 1910 859 1946 est
893 1903 1100 1944 humanus
1137 1902 1299 1943 animus
1341 1900 1585 1942 insatiabilis
1623 1914 1685 1949 eo,

324 1967 435 2022 quod
459 1967 623 2009 fortuna
648 1967 841 2022 spondet,
880 1966 933 2007 ad
958 1965 1102 2006 altiora
1127 1971 1167 2005 et
1191 1979 1273 2005 non
1298 1977 1497 2005 concessa
1520 1962 1687 2003 tendere

324 2036 376 2079 et,
401 2030 598 2083 quoniam
623 2029 860 2071 consulatus
886 2042 1050 2082 quoque
1076 2026 1310 2082 eripiendus
1336 2025 1476 2066 invitis
1500 2023 1686 2079 patribus

326 2099 453 2142 esset,
487 2092 537 2133 de
561 2107 690 2147 regno
716 2091 892 2146 agitare:
928 2090 972 2131 id
996 2104 1125 2130 unum
1151 2089 1323 2144 dignum
1348 2094 1462 2128 tanto
1487 2092 1688 2141 apparatu

326 2154 590 2195 consiliorum
610 2161 650 2195 et
663 2153 945 2202 certaminum,
972 2152 1085 2206 quod
1097 2152 1244 2207 ingens
1261 2149 1549 2191 exsudandum
1563 2154 1685 2197 esset,

326 2217 555 2271 praemium
579 2216 680 2257 fore.

410 2278 502 2319 Iam
528 2278 693 2320 comitia
723 2277 956 2319 consularia
986 2275 1214 2325 instabant3
1254 2289 1359 2328 quae
1383 2288 1448 2315 res
1475 2288 1569 2314 eum
1593 2286 1689 2313 nec-

283 2354 300 2383 6
327 2340 426 2381 dum
451 2341 687 2396 compositis
713 2339 937 2381 maturisve
964 2338 1062 2380 satis
1089 2337 1268 2379 consiliis
1290 2336 1506 2392 oppressit.
1545 2333 1689 2376 consul

328 2410 490 2452 sextum
521 2409 681 2444 creatus
713 2403 763 2444 Τ.
797 2401 1018 2455 Quinctius
1055 2399 1333 2455 Capitolinus,
1371 2398 1538 2439 minime
1570 2411 1690 2451 opor-

328 2471 451 2507 tunus
482 2466 545 2507 vir
573 2465 743 2507 novanti
765 2479 831 2506 res
841 2481 852 2515 3
889 2464 1049 2519 collega
1073 2462 1237 2504 additur
1267 2462 1305 2502 ei
1328 2460 1520 2516 Agrippa
1542 2458 1689 2499 Mene-

328 2527 433 2577 nius,
460 2527 703 2569 cuiLanato
723 2533 809 2568 erat
828 2540 1071 2582 cognomen.
1110 2531 1150 2565 ct
1162 2524 1322 2565 Lucius
1342 2523 1553 2563 Minucius
1572 2534 1688 2575 prae-

329 2588 461 2630 fectus
498 2604 685 2631 annonae
723 2604 796 2631 seu
832 2589 1011 2629 refectus
1049 2602 1123 2629 seu
1159 2586 1297 2640 quoad
1332 2600 1397 2626 res
1428 2588 1615 2639 posceret
1645 2581 1687 2620 in

331 2650 529 2692 incertum
554 2658 736 2702 creatus3
772 2651 874 2692 nihil
899 2650 1009 2691 enim
1034 2655 1196 2691 constat
1219 2648 1299 2689 nisi
1324 2647 1366 2688 in
1389 2646 1515 2687 libros
1540 2644 1685 2684 linteos

332 2717 504 2765 utroque
536 2729 643 2755 anno
673 2714 846 2755 relatum
871 2713 976 2753 inter
1006 2711 1271 2767 magistratus
1303 2707 1499 2764 praefecti
1523 2716 1684 2745 nomen.
