1780 3204
440 205 595 240 LIBER
618 205 671 247 ΙΙ,
696 204 750 238 40.
769 203 823 238 41.
852 206 900 248 [a.
916 202 1162 248 C.491-486]
1400 194 1477 234 lOl

126 312 365 367 priusquam
395 309 641 364 conplexum
666 308 840 363 accipio,
874 307 1031 356 sciam,'
1061 307 1193 360 inquit
1225 306 1295 347 ‘ad
1320 306 1481 348 hostem

126 389 177 415 an
203 373 254 413 ad
279 372 408 412 filium
426 372 626 421 venerim,
653 371 814 425 captiva
838 376 1019 411 materne
1043 370 1087 410 in
1111 369 1254 410 castris
1281 369 1362 410 tuis
1389 369 1478 410 sim.

126 436 167 476 in
190 435 268 475 hoc
294 449 359 475 me
383 434 508 489 longa
532 434 616 474 vita
641 440 681 475 et
704 433 848 474 infelix
881 439 1045 473 senecta
1074 432 1214 482 traxit,
1247 438 1293 472 ut
1318 431 1480 472 exulem
1508 448 1525 475 «J

127 506 184 546 te,
211 497 358 537 deinde
377 496 540 537 hostem
558 495 765 536 viderem?
789 495 958 549 potuisti
975 494 1164 549 populari
1187 494 1293 534 hanc
1317 500 1480 541 terram,

126 573 231 612 quae
251 565 289 599 te
309 558 452 613 genuit
472 568 594 611 atque
614 558 739 599 aluit?
762 572 844 598 non
863 557 949 606 tibi,
976 557 1165 610 quamvis
1180 556 1330 596 infesto
1345 556 1480 596 animo
1510 571 1525 598 7

126 628 165 662 et
197 621 347 662 minaci
376 635 644 675 perveneras,
681 620 927 675 ingredienti
956 620 1059 660 fines
1089 619 1150 659 ira
1181 618 1352 659 cecidit?
1386 633 1480 666 non,

126 699 219 724 611111
245 683 285 723 111
311 690 533 737 conspectu
557 682 692 723 Roma
716 682 812 731 fuit,
840 681 1040 722 succurrit
1066 681 1203 721 “intra
1226 680 1296 720 illa
1320 679 1483 720 moenia

126 745 273 786 domus
299 759 346 785 ac
369 752 540 799 penates
570 744 652 784 mei
685 751 796 792 sunt,
833 751 981 792 mater,
1019 743 1198 784 coniurm
1230 741 1482 795 liberique‘?”

126 823 224 862 ergo
249 822 327 862 ego
351 807 432 847 nisi
460 807 733 861 peperissem,
764 806 900 847 Roma
928 820 1012 846 non
1042 810 1366 860 oppugnaretur,
1402 804 1482 845 nisi
1507 818 1526 847 8

125 870 254 910 filium
279 869 492 917 haberem,
517 868 646 910 libera
670 869 713 909 in
736 867 865 909 libera
888 867 1019 922 patria
1044 874 1205 908 mortua
1223 881 1370 908 essem.
1409 866 1483 907 sed

126 946 203 986 ego
228 931 330 971 nihil
353 931 436 971 iam
459 930 545 985 pati
570 945 645 971 nec
670 930 743 971 tibi
768 930 945 984 turpius,
979 928 1139 982 (quam)
1165 928 1265 968 mihi
1290 928 1481 969 miserius

124 1008 295 1048 possum
325 1008 418 1042 nec,
456 999 501 1033 ut
532 1007 623 1033 sum
648 992 894 1041 miserrima,
927 992 998 1032 diu
1021 993 1161 1032 futura
1185 1005 1296 1039 sum3
1334 990 1385 1030 de
1416 990 1480 1029 his
1508 1004 1525 1032 9

127 1055 296 1104 videris,
323 1069 445 1107 quos,
473 1054 507 1095 si
525 1054 682 1109 pergis,
709 1062 779 1094 aut
803 1054 1007 1093 inmatura
1032 1067 1142 1093 mors
1163 1060 1234 1092 aut
1252 1052 1377 1106 longa
1397 1066 1482 1092 ser-

124 1117 232 1157 vitus
262 1115 424 1156 manet?
471 1131 576 1156 uxor
605 1116 751 1156 deinde
783 1130 830 1156 ac
855 1115 972 1156 liberi
996 1114 1175 1168 amplexi
1200 1114 1402 1167 fletusque
1429 1113 1480 1155 ab

123 1178 234 1218 omni
259 1177 379 1218 turba
402 1177 619 1218 mulierum
650 1183 763 1218 ortus
796 1183 836 1217 et
866 1176 1117 1231 conploratio
1149 1176 1212 1217 sui
1242 1176 1480 1230 patriaeque

121 1239 281 1294 fregere
307 1239 472 1279 tandem
498 1239 644 1280 virum.
683 1239 908 1294 conplexus
934 1239 1029 1279 inde
1056 1253 1152 1279 suos
1179 1238 1364 1287 dimittit,
1391 1238 1479 1293 ipso
1510 1253 1548 1281 io

121 1307 226 1342 retro
252 1300 303 1341 ab
328 1300 429 1342 urbe
454 1309 588 1342 castra
612 1301 752 1342 movit.
795 1300 983 1342 abductis
1004 1301 1150 1342 deinde
1169 1300 1402 1356 legionibus
1429 1315 1480 1341 ex

121 1378 218 1418 agro
244 1362 452 1413 Romano,
484 1363 639 1404 invidia
668 1364 727 1404 rei
758 1378 1003 1418 oppressum
1033 1363 1190 1418 perisse
1221 1363 1387 1404 tradunt
1412 1363 1480 1403 alii

119 1425 198 1465 alio
228 1424 326 1475 let03
364 1426 474 1480 apud
502 1425 698 1475 Fabium,
736 1426 859 1481 longe
890 1426 1224 1479 antiquissimum
1255 1432 1477 1475 auctorem,

119 1501 250 1540 usque
275 1487 328 1528 ad
353 1494 605 1528 senectutem
630 1488 784 1528 vixisse
805 1488 981 1528 eundem
999 1488 1183 1529 invenio:
1209 1487 1335 1528 refert
1355 1494 1475 1536 certe,
1508 1502 1543 1531 11

119 1549 224 1590 hanc
250 1564 373 1604 saepe
404 1564 516 1599 eum,
549 1557 693 1591 exacta
723 1556 873 1599 aetate,
905 1565 1130 1604 usurpasse
1154 1565 1318 1599 vocem,
1350 1549 1479 1591 multo

120 1610 309 1651 miserius
342 1612 430 1652 seni
461 1612 629 1652 exilium
659 1627 764 1653 esse.
818 1627 901 1652 non
930 1612 1165 1652 inviderunt
1199 1612 1343 1652 laudes
1381 1626 1478 1652 suas

120 1672 358 1713 mulieribus
389 1673 466 1713 viri
494 1674 690 1723 Romani,
729 1674 832 1714 adeo
870 1674 956 1714 sine
993 1673 1288 1714 obtrectatione
1323 1673 1478 1727 gloriae

122 1733 277 1774 alienae
291 1734 523 1785 vivebatur3
549 1743 814 1777 monumento
829 1750 992 1789 quoque
1006 1736 1117 1788 quod
1136 1742 1257 1784 esset,
1279 1734 1477 1790 templum
1506 1750 1539 1778 12

120 1795 328 1836 Fortunae
352 1796 542 1837 muliebri
567 1797 826 1838 aedificatum
851 1798 1166 1850 dedicatumque
1191 1803 1267 1837 est.

205 1856 381 1897 Rediere
401 1857 548 1898 deinde
562 1857 707 1899 Volsci
746 1859 948 1899 adiunctis
968 1858 1129 1912 Aequis
1169 1858 1209 1898 in
1230 1874 1375 1914 agrum
1393 1859 1478 1900 Ro-

121 1934 300 1968 manum,
321 1919 395 1960 sed
407 1919 546 1973 Aequi
558 1919 722 1961 Attium
731 1921 914 1961 Tullium
927 1921 1039 1961 haud
1051 1921 1158 1961 ultra
1170 1921 1298 1961 tulere
1313 1921 1473 1962 duecm.

121 1980 215 2021 111116
241 1995 292 2021 ex
317 1982 555 2031 certamine,
581 1982 724 2024 Volsci
744 1982 934 2036 Aequine
954 1983 1241 2038 imperatorem
1261 1983 1476 2025 coniuncto
1507 1996 1543 2025 13

121 2043 316 2083 exercitui
336 2043 497 2093 darent,
524 2044 688 2093 seditio,
715 2045 864 2086 deinde
883 2051 999 2086 atrox
1016 2045 1217 2100 proelium
1237 2052 1382 2086 ortum.
1420 2045 1477 2087 ibi

121 2103 285 2145 fortuna
302 2105 445 2159 populi
457 2105 636 2147 Romani
655 2107 758 2148 duos
777 2106 957 2148 hostium
977 2107 1180 2148 exercitus
1205 2107 1316 2148 haud
1341 2107 1476 2149 minus

119 2167 348 2220 pernicioso
373 2181 498 2220 quam
523 2169 721 2223 pertinaci
746 2169 966 2210 certamine
992 2169 1180 2210 confecit.

206 2227 410 2269 Consules
431 2229 550 2270 Titus
574 2228 753 2271 Sicinius
773 2237 814 2272 et
833 2230 882 2272 C.
902 2230 1110 2284 Aquilius.
1149 2229 1304 2272 Sicinio
1318 2230 1473 2281 Volsci,
1505 2246 1514 2274 1
1532 2247 1542 2274 1

119 2289 288 2342 Aquilio
308 2289 482 2331 Hernici
506 2317 560 2321 —
585 2307 681 2332 nam
705 2293 734 2333 11
758 2307 922 2346 quoque
946 2292 989 2333 111
1013 2293 1137 2334 armis
1164 2300 1278 2334 erant
1302 2318 1357 2323 ——
1380 2308 1475 2348 pro-

118 2352 253 2391 vincia
278 2352 425 2393 evenit.
464 2367 512 2394 eo
531 2369 637 2394 anno
651 2354 825 2395 Hernici
842 2354 1011 2404 devicti,
1037 2369 1132 2396 cum
1151 2354 1316 2396 Volscis
1342 2370 1473 2409 aequo

120 2413 254 2453 Marte
280 2414 510 2455 discessum
535 2423 608 2456 cst.

201 2475 430 2517 XXXXI.
482 2476 555 2532 Sp.
584 2477 756 2519 Cassius
788 2478 934 2519 deinde
959 2487 999 2519 et
1023 2478 1225 2519 Proculus
1250 2478 1473 2535 Verginius
1503 2495 1515 2524 1

117 2537 306 2578 consules
343 2538 454 2579 facti.
510 2554 604 2580 611111
635 2540 827 2581 Hernicis
858 2541 1004 2582 foedus
1035 2541 1180 2591 ictum,
1219 2542 1307 2596 agri
1336 2549 1473 2596 partes

116 2599 222 2640 duae
253 2600 482 2654 ademptae.
530 2601 625 2643 inde
656 2603 871 2643 dimidium
895 2603 1077 2652 Latinis,
1115 2604 1331 2644 dimidium
1363 2604 1471 2659 plebi

116 2661 321 2704 divisurus
348 2664 491 2705 consul
512 2663 685 2707 Cassius
712 2672 808 2707 erat.
852 2665 1054 2708 adiciebat
1078 2666 1173 2708 huic
1198 2667 1357 2708 muneri
1381 2668 1468 2723 agri
1496 2681 1514 2711 2
