1835 3226
303 437 322 464 <1

300 993 317 1021 6

281 1981 317 2008 lt»

357 249 434 290 178
693 252 846 286 LIBER
869 251 944 294 111,
969 251 1023 286 57.
1043 251 1100 286 58.
1129 253 1177 294 [a.
1191 262 1225 286 u.
1241 263 1271 287 c.
1284 253 1366 297 305]

351 370 532 413 captam,
565 356 617 397 ab
648 354 852 409 conplexu
887 354 1014 408 patris
1046 352 1277 408 abreptam,
1314 353 1500 395 ministro
1531 355 1708 397 cubiculi

349 422 411 461 sui
441 418 578 459 clienti
608 417 716 458 dono
749 415 924 464 dederit,
957 415 1027 456 ubi
1061 416 1218 457 crudeli
1243 415 1407 457 decreto
1437 415 1708 470 nefandisque

348 480 534 523 vindiciis
560 480 747 520 dextram
770 478 898 532 patris
923 477 966 517 in
995 477 1122 518 filiam
1154 477 1390 527 armaverit,
1427 477 1499 519 ubi
1530 478 1708 519 tollentis

347 557 494 597 corpus
522 541 762 582 semianime
789 540 958 594 virginis
985 554 1187 594 sponsum
1212 554 1419 594 avumque
1439 540 1480 581 in
1505 555 1709 582 carcerem

346 605 440 646 duci
464 603 640 653 iusserit,
669 609 812 657 stupro
836 602 1095 656 interpellato
1115 602 1248 657 magis
1269 617 1394 656 quam
1414 602 1539 643 caede
1558 610 1708 644 motus.

345 674 385 708 et
409 666 467 707 illi
491 680 697 707 carcerem
723 664 985 705 aedificatum
1011 678 1122 714 esse,
1160 665 1273 718 quod
1298 664 1550 705 domicilium
1576 664 1708 719 plebis

345 730 558 770 Romanae
593 742 741 768 vocare
779 727 831 768 sit
867 726 1024 768 solitus.
1084 726 1257 781 proinde
1293 734 1338 767 ut
1373 726 1441 768 ille
1478 727 1626 768 iterum
1661 741 1710 768 ac

346 791 510 846 saepius
548 796 762 845 provocet,
801 789 858 829 sic
895 803 939 830 se
969 788 1117 829 iterum
1153 803 1202 830 ac
1233 789 1398 843 saepius
1435 788 1612 830 iudicem
1651 789 1709 830 illi

345 854 468 901 ferre,
506 852 549 892 ni
578 851 778 892 vindicias
810 850 862 892 ab
893 850 1081 892 libertate
1112 850 1154 891 in
1185 850 1425 892 servitutem
1455 850 1624 891 dederit.
1675 851 1710 891 si

344 915 397 957 ad
426 914 605 955 iudicem
636 928 719 954 non
750 920 834 961 eat,
872 926 946 967 pro
977 912 1173 953 damnato
1203 912 1246 953 in
1271 912 1406 953 vincla
1430 912 1525 953 duci
1554 911 1707 954 iubere.

343 984 388 1018 ut
412 976 524 1018 haud
548 990 757 1029 quoquam
781 974 1024 1029 inprobante
1050 975 1109 1016 sic
1134 989 1286 1029 magno
1311 981 1427 1016 motu
1464 974 1708 1023 animorum,

344 1054 438 1080 cum
469 1038 570 1079 tanti
600 1038 677 1078 viri
708 1036 911 1091 supplicio
943 1043 1104 1078 suamet
1133 1036 1246 1091 plebi
1276 1037 1360 1077 iam
1384 1037 1511 1077 nimia
1541 1036 1708 1078 libertas

345 1101 568 1149 videretur,
604 1100 648 1140 in
684 1113 889 1140 carcerem
926 1107 989 1140 est
1025 1099 1248 1140 coniectus.
1301 1098 1490 1140 tribunus
1527 1098 1565 1140 ei
1601 1098 1710 1139 diem

348 1162 539 1218 prodixit.

428 1224 541 1264 Inter
564 1222 667 1264 haec
691 1222 743 1263 ab
762 1222 926 1263 Latinis
952 1230 991 1263 ct
1010 1223 1204 1264 Hernicis
1229 1222 1356 1278 legati
1379 1222 1632 1278 gratulatum
1657 1221 1708 1262 dc

346 1285 565 1327 concordia
588 1291 751 1339 patrum
777 1298 825 1325 ac
855 1283 987 1338 plebis
1012 1284 1192 1325 Romam
1223 1291 1438 1333 venerunt,
1472 1284 1709 1336 donumque

345 1347 397 1389 ob
424 1362 514 1388 eam
540 1347 631 1388 on-i
662 1353 831 1400 optumo
856 1346 1035 1387 maximo
1061 1361 1254 1387 coronam
1280 1361 1447 1387 auream
1472 1346 1514 1386 in
1540 1344 1709 1400 Capito-

345 1411 445 1451 lium
469 1410 597 1450 tulere
621 1408 739 1463 parvi
763 1408 969 1462 ponderis,
996 1416 1117 1462 prout
1135 1423 1200 1449 res
1219 1408 1330 1449 haud
1349 1408 1567 1462 opulentae
1593 1415 1706 1448 erant

345 1471 664 1525 colebanturque
689 1470 908 1526 religiones
928 1471 994 1525 pie
1014 1470 1147 1525 magis
1167 1485 1291 1524 quam
1310 1470 1541 1525 magnifice.
1573 1469 1704 1510 isdem

345 1533 579 1575 auctoribus
618 1533 828 1587 cognitum
861 1539 940 1581 est,
979 1532 1151 1585 Aequos
1184 1531 1443 1585 Volscosque
1476 1547 1636 1574 summa
1666 1532 1706 1572 vi

344 1595 499 1636 bellum
524 1608 740 1649 apparare,
778 1594 916 1647 itaque
946 1594 1087 1648 partiri
1112 1594 1344 1648 provincias
1375 1594 1565 1635 consules
1591 1594 1704 1635 iussi.

344 1656 520 1697 Horatio
547 1655 712 1704 Sabini,
739 1654 906 1695 Valerio
930 1655 1070 1707 Aequi
1096 1669 1280 1695 evenere.
1330 1669 1423 1695 cum
1449 1656 1502 1696 ad
1527 1670 1575 1696 ca
1599 1655 1706 1697 bella

344 1717 539 1758 dilectum
564 1717 802 1765 edixissent,
829 1716 971 1757 favore
995 1715 1128 1770 plebis
1154 1730 1237 1757 non
1261 1716 1439 1758 iuniores
1465 1718 1606 1766 modo,
1634 1717 1706 1758 sed

345 1780 525 1821 emeritis
563 1779 686 1820 etiam
723 1779 938 1833 stipendiis
974 1793 1070 1833 pars
1108 1794 1260 1834 magna
1294 1779 1618 1820 voluntariorum
1653 1780 1706 1821 ad

342 1842 509 1883 nomina
533 1841 669 1882 danda
693 1852 857 1895 praesto
887 1840 1003 1882 fuere
1033 1855 1164 1894 eoque
1194 1855 1277 1882 non
1303 1841 1421 1895 copia
1451 1841 1593 1891 modo,
1633 1841 1705 1883 sed

342 1918 493 1959 genere
514 1904 637 1945 etiam
657 1903 846 1952 militum,
872 1903 1076 1944 veteranis
1097 1902 1302 1952 admixtis,
1328 1903 1483 1944 firmior
1501 1903 1705 1945 exercitus

343 1966 432 2007 fuit.
481 1966 723 2020 priusquam
748 1965 893 2006 urbem
918 1966 1227 2021 egrederentur,
1259 1965 1373 2020 leges
1398 1965 1704 2015 decemvirales,

343 2028 493 2082 quibus
519 2028 670 2070 tabulis
696 2028 915 2069 duodecim
941 2034 1003 2069 est
1028 2042 1196 2077 nomen,
1228 2027 1270 2067 in
1295 2041 1364 2068 aes
1389 2027 1540 2069 incisas
1565 2028 1607 2068 in
1631 2042 1706 2082 pu-

344 2090 449 2131 blico
479 2097 795 2145 proposuerunt.
847 2096 960 2139 sunt,
998 2090 1069 2143 qui
1104 2090 1223 2131 iussu
1258 2089 1514 2131 tribunorum
1551 2090 1704 2132 aediles

342 2153 507 2194 functos
533 2167 582 2193 eo
606 2152 832 2193 ministerio
859 2151 1051 2193 scribant.

427 2213 593 2255 LVIII.
645 2213 694 2255 C.
723 2212 944 2263 Claudius,
970 2213 1041 2266 qui
1065 2227 1238 2268 perosus
1264 2213 1590 2254 decemvirorum
1616 2228 1703 2254 sce-

341 2277 426 2317 lera
451 2282 491 2317 et
514 2282 608 2317 ante
633 2289 776 2317 omnes
801 2275 939 2316 fratris
964 2275 1022 2316 fili
1048 2275 1265 2330 superbiae
1295 2275 1469 2316 infestus
1494 2275 1702 2330 Regillum

343 2339 553 2391 antiquam
576 2338 619 2378 in
643 2338 818 2393 patriam
837 2352 880 2379 se
901 2337 1140 2387 contulerat,
1166 2337 1201 2379 is
1220 2352 1372 2392 magno
1389 2337 1471 2378 iam
1491 2344 1590 2378 natu
1609 2352 1702 2378 cum

343 2401 392 2441 ad
418 2400 599 2454 pericula
625 2400 712 2441 cius
738 2400 999 2454 deprecanda
1021 2399 1214 2449 redisset,
1253 2400 1370 2440 cuius
1401 2399 1501 2440 vitia
1525 2399 1701 2455 fugerat,

344 2462 577 2503 sordidatus
604 2476 698 2503 cum
723 2461 946 2517 gentilibus
973 2461 1273 2515 clientibusque
1297 2462 1338 2502 in
1364 2461 1452 2502 soro
1482 2460 1702 2516 prensabat

344 2524 528 2579 singulos
555 2523 792 2578 orabatque,
818 2538 870 2565 ne
891 2523 1091 2565 Claudiae
1110 2523 1223 2579 genti
1248 2538 1339 2564 cam
1364 2523 1544 2564 inustam
1563 2537 1702 2564 macu-

344 2585 424 2626 lam
449 2585 612 2635 vellent,
639 2592 684 2626 ut
709 2600 870 2627 carcere
896 2593 935 2626 et
954 2586 1128 2626 vinculis
1148 2585 1385 2626 viderentur
1403 2585 1529 2640 digni.
1566 2585 1698 2624 virum

344 2646 683 2689 honoratissimae
714 2648 905 2702 imaginis
937 2647 1121 2688 futurum
1152 2648 1205 2688 ad
1235 2654 1441 2702 posteros,
1478 2647 1617 2700 legum
1642 2645 1698 2685 la-

345 2717 473 2748 torem
498 2709 833 2764 conditoremque
858 2709 1036 2751 Romani
1066 2709 1184 2758 iuris,
1222 2710 1354 2749 iacere
1385 2708 1566 2747 vinctum
1596 2706 1699 2747 inter
