1835 3226
389 242 471 284 550
719 248 721 250 ’
805 240 1062 281 PERIOCHA
1083 244 1222 280 Lissm
1239 244 1325 280 xx.

786 407 1049 445 PERIOCHA
1079 408 1219 446 LIBRI
1248 409 1339 446 XX.

453 504 592 539 Falisci
620 515 701 538 cum
721 504 986 547 rebellassent,
1015 508 1118 539 sexto
1146 505 1204 539 die
1229 505 1427 550 perdomiti
1450 506 1488 541 in
1513 507 1739 544 deditionem

388 558 577 590 venerunt.
615 553 823 598 Spoletium
837 554 986 588 colonia
1000 555 1163 589 deducta
1181 560 1249 589 est.
1287 556 1465 591 adversus
1478 557 1638 602 Ligures
1651 562 1740 593 tunc

387 606 543 651 primum
557 604 740 639 exercitus
753 608 946 649 promotus
962 609 1029 639 est.
1078 603 1186 639 Sardi
1201 610 1238 640 et
1252 604 1358 640 Corsi
1377 617 1459 640 cum
1477 607 1738 652 rebellassent,

388 656 534 691 subacti
547 659 642 690 sunt.
690 655 833 690 Tuccia
846 656 951 701 virgo
965 655 1128 691 Vestalis
1142 656 1276 690 incesti
1291 657 1465 699 damnata
1486 662 1552 692 est.
1599 658 1739 693 bellum

386 706 523 752 Illyriis
537 709 691 751 propter
703 717 815 740 unum
830 717 874 740 ex
893 706 1049 751 legatis,
1077 705 1139 750 qui
1153 707 1200 740 ad
1221 717 1285 741 cos
1304 706 1407 740 missi
1427 711 1550 752 erant,
1576 708 1739 742 occisum

385 757 563 791 indictum
577 760 651 800 est,
679 755 899 800 subactique
914 756 952 790 in
967 757 1192 790 deditionem
1208 761 1400 792 venerunt.
1450 762 1661 802 praetorum
1674 769 1739 792 nu-

385 819 506 842 merus
522 807 720 851 ampliatus
735 810 807 850 est,
833 810 874 840 ut
893 811 1019 841 essent
1038 811 1226 852 quattuor.
1277 807 1377 842 Galli
1392 807 1649 853 Transalpini,
1677 808 1740 854 qui

384 858 421 891 in
441 858 588 892 Italiam
611 857 844 901 inruperant,
871 857 972 892 eaesi
998 862 1092 891 sunt.
1143 869 1187 892 eo
1214 858 1315 892 bello
1335 859 1514 902 populum
1532 859 1740 894 Romanum

386 907 443 941 sui
461 907 661 953 Latinique
682 908 840 942 nominis
860 911 1029 943 trecenta
1054 909 1155 943 milia
1179 913 1406 943 armatorum
1437 909 1613 945 habuisse
1639 910 1739 944 dicit.

385 959 610 993 exercitibus
629 958 807 993 Romanis
832 963 922 993 tune
946 959 1101 1004 primum
1125 964 1228 994 trans
1249 960 1391 994 Padum
1419 960 1539 994 ductis
1561 961 1660 996 Galli
1684 962 1739 994 ln-

385 1009 517 1043 subres
532 1008 676 1053 aliquot
695 1009 849 1053 proeliis
863 1009 987 1044 fusiin
1007 1010 1233 1044 deditionem
1252 1015 1447 1045 venerunt.
1497 1011 1546 1044 M.
1562 1011 1740 1045 Claudius

384 1058 586 1093 Marcellus
620 1060 751 1093 consul
783 1059 908 1094 occiso
936 1060 1129 1095 Gallorum
1154 1060 1367 1095 Insubrium
1398 1062 1492 1095 duce
1518 1061 1740 1095 Virdomaro

386 1110 508 1155 opima
523 1110 643 1154 spolia
657 1110 792 1145 retulit.
840 1111 960 1145 Histri
975 1112 1119 1146 subacti
1136 1116 1234 1146 sunt.
1284 1111 1373 1146 item
1386 1111 1505 1157 Illyrii
1525 1122 1606 1146 cum
1620 1111 1740 1146 rebel-

383 1160 544 1204 lassent,
572 1160 700 1194 domiti
726 1160 764 1194 in
790 1161 1017 1196 deditionem
1041 1167 1237 1197 venerunt.
1293 1162 1448 1196 lustrum
1474 1173 1496 1196 a
1522 1161 1740 1196 censoribus

384 1210 443 1244 bis
458 1210 648 1244 conditum
667 1215 740 1245 est:
766 1211 884 1256 primo
905 1212 1022 1246 lustro
1044 1223 1156 1247 censa
1178 1217 1263 1246 sunt
1283 1212 1416 1246 civium
1438 1212 1562 1256 capita
1580 1212 1740 1246 ducenta

385 1261 624 1306 septuaginta
638 1262 739 1296 milia
765 1263 926 1297 ducenta
946 1264 1122 1298 tredecim
1143 1264 1228 1286 ÷÷÷÷÷÷
1248 1263 1412 1298 libertini
1430 1263 1468 1296 in
1488 1267 1666 1307 quattuor
1679 1262 1737 1295 tri-

384 1312 455 1345 bus
474 1312 615 1346 redacti
636 1316 738 1355 sunt,
767 1323 849 1346 cum
869 1317 979 1347 antea
999 1314 1156 1358 dispersi
1178 1325 1244 1358 per
1259 1324 1386 1348 omncs
1405 1313 1580 1355 fuissent,
1606 1312 1737 1356 Esqui-

386 1362 515 1405 linam,
541 1361 767 1405 Palatinam,
796 1362 1046 1406 Suburanam,
1076 1363 1268 1397 Collinam.
1319 1362 1374 1405 [C.
1389 1362 1591 1397 Flaminius
1607 1373 1739 1396 censor

385 1412 480 1446 viam
493 1412 731 1455 Flaminiam]
748 1412 879 1446 muniit
893 1417 930 1446 et
944 1412 1078 1446 circum
1093 1413 1314 1446 Flaminium
1329 1412 1516 1446 exstruxit.
1566 1412 1736 1446 coloniae

386 1463 568 1497 deductae
583 1463 618 1496 in
633 1473 723 1507 agro
741 1463 820 1506 [de]
839 1462 958 1497 Gallis
974 1467 1102 1507 capto,
1130 1463 1323 1497 Placentia
1338 1466 1374 1496 ct
1388 1462 1597 1511 Cremona.]
