1780 3204
404 247 559 282 LIBER
583 247 676 292 1111,
701 247 823 282 40:49.
851 249 899 290 [a.
916 245 1162 290 0416-414]
1384 236 1465 277 239

115 354 222 395 facto
248 354 293 402 ii,
326 352 397 406 qui
421 351 651 407 praeparati
676 357 790 392 erant
814 350 946 406 gratia
969 350 1218 404 principum,
1257 364 1380 403 quam
1404 364 1469 390 ro-

113 415 321 471 gationem
347 430 371 455 a
395 414 564 469 collegis
594 413 897 468 promulgatam
929 418 1094 453 senatus
1126 418 1292 453 censeat
1322 411 1470 452 dissol-

114 478 271 518 vendae
301 476 360 517 rei
389 476 580 531 publicae
611 489 721 524 esse,
760 475 797 515 ei
829 489 872 515 se
903 474 1198 515 intercessuros
1236 474 1468 515 ostendunt.

114 539 268 594 gratiae
293 537 632 579 intercessoribus
659 537 710 578 ab
737 543 882 578 senatu
907 542 1034 577 actae.
1071 536 1219 577 latores
1244 535 1468 591 rogationis

115 601 302 642 contione
329 600 529 641 advocata
551 599 779 654 proditores
803 597 935 653 plebis
967 599 1278 640 commodorum
1308 612 1356 639 ac
1388 612 1469 639 ser-

115 678 188 704 vos
215 662 492 703 consularium
516 661 770 716 appellantes
797 660 957 714 aliaque
984 660 1088 701 truci
1114 660 1295 701 oratione
1321 659 1363 700 in
1388 659 1470 700 col-

114 725 229 780 legas
254 724 404 764 invecti
429 723 630 765 actionem
656 723 893 777 deposuere.

199 786 541 827 XXXXVIHI.
580 785 647 826 Ac
672 786 754 826 duo
778 784 886 826 bella
912 785 1131 838 insequens
1152 799 1283 825 annus
1303 783 1471 824 habuis-

116 856 189 898 set,
210 863 291 902 quo
305 848 353 889 P.
365 848 580 889 Cornelius
597 847 768 896 Cossus,
791 846 889 888 GV
892 847 1039 887 alerius
1053 846 1229 895 Potitus,
1252 845 1304 899 Q
1316 845 1471 899 Quinc-

116 912 196 952 tius
213 910 496 960 Cincinnatus,
521 910 572 951 N.
586 910 742 951 Fabius
757 909 988 950 Vibulanus
1010 909 1160 950 tribuni
1180 909 1354 949 militum
1375 923 1471 949 con-

117 973 241 1013 sulari
265 979 467 1027 potestate
492 972 673 1020 fuerunt,
712 971 753 1011 ni
778 970 932 1012 Veiens
963 970 1116 1012 bellum
1147 971 1290 1025 religio
1322 970 1471 1024 prinei-

116 1050 214 1089 pum
240 1034 477 1083 distulisset,
505 1048 677 1087 quorum
702 1048 823 1088 agros
844 1032 1005 1073 Tiberis
1033 1047 1156 1086 super
1179 1032 1288 1086 ripas
1315 1032 1471 1071 effusus

116 1097 293 1137 maxime
323 1096 451 1137 ruinis
482 1095 669 1135 villarum
701 1094 889 1135 vastavit.
939 1094 1061 1134 simul
1089 1093 1261 1146 Aequos
1298 1092 1471 1132 triennio

117 1165 209 1198 ante
235 1164 403 1212 accepta
427 1157 563 1198 clades
588 1155 798 1210 prohibuit
816 1155 998 1203 Bolanis,
1027 1169 1125 1194 suae
1151 1154 1284 1209 gentis
1303 1153 1470 1207 populo,

115 1219 365 1274 praesidium
389 1218 508 1258 ferre.
546 1217 808 1257 excursiones
827 1216 922 1256 inde
939 1215 982 1255 in
1001 1215 1203 1256 confinem
1223 1230 1367 1270 agrum
1386 1215 1473 1255 La-

116 1281 308 1322 bicanum
344 1279 477 1319 factae
514 1285 629 1318 erant
665 1277 866 1331 novisque
903 1276 1057 1318 colonis
1093 1276 1247 1318 bellum
1284 1277 1469 1317 inlatum.

115 1356 239 1395 quam
263 1355 414 1381 noxam
440 1354 533 1380 cum
560 1354 603 1380 se
629 1353 834 1380 consensu
858 1339 1040 1380 omnium
1060 1338 1304 1392 Aequorum
1329 1338 1473 1379 defen-

115 1417 232 1444 suros
265 1407 517 1457 sperassent,
554 1401 705 1442 deserti
736 1401 788 1442 ab
821 1401 906 1442 suis
937 1416 988 1442 ne
1019 1401 1275 1442 memorabili
1305 1401 1471 1454 quidem

114 1464 222 1506 bello
247 1479 320 1519 per
344 1463 600 1506 obsidionem
624 1464 839 1517 levemque
866 1478 989 1504 unam
1014 1478 1196 1519 pugnam
1217 1472 1257 1503 et
1275 1463 1472 1518 oppidum

116 1533 155 1568 et
178 1527 281 1568 fines
307 1526 492 1567 amisere.
542 1531 786 1580 temptatum
811 1524 862 1566 ab
886 1525 939 1566 L.
968 1524 1112 1567 Sextio
1138 1525 1300 1566 tribuno
1325 1524 1471 1579 plebis,

116 1595 160 1628 ut
183 1589 439 1643 rogationem
463 1588 598 1638 ferret,
625 1603 707 1641 qua
730 1588 856 1629 Bolas
882 1603 1046 1642 quoque
1074 1589 1177 1629 sicut
1196 1588 1380 1629 Labicos
1406 1602 1474 1628 co-

115 1649 199 1691 loni
224 1651 496 1699 mitterentur,
527 1665 600 1705 per
623 1650 960 1691 intercessionem
986 1650 1255 1704 collegarum,
1288 1650 1358 1703 qui
1383 1648 1474 1689 nul-

116 1711 201 1752 lum
230 1711 342 1765 plebi
373 1712 519 1752 scitum
550 1711 628 1752 nisi
659 1726 710 1752 ex
735 1712 974 1752 auctoritate
1006 1718 1171 1752 senatus
1200 1725 1397 1765 passmos
1430 1724 1474 1750 se

117 1772 290 1826 perferri
313 1773 591 1821 ostenderunt,
618 1773 853 1813 discussum
878 1779 952 1813 est.

1497 550 1535 579 16

203 1833 319 1874 Bolis
349 1833 589 1887 insequente
625 1848 732 1874 anno
767 1834 941 1887 receptis
973 1833 1112 1886 Aequi
1149 1833 1389 1886 coloniaque
1426 1847 1474 1874 eo
1503 1848 1517 1875 ῖ

120 1895 295 1935 deducta
318 1895 435 1935 novis
455 1895 610 1935 viribus
636 1895 833 1948 oppidum
856 1895 1080 1943 firmarunt,
1107 1894 1279 1935 tribunis
1300 1894 1474 1934 militum

123 1957 279 1997 Romae
304 1956 508 1997 consulari
532 1963 732 2010 potestate
754 1955 830 1997 Cn.
853 1955 1044 1997 Cornelio
1066 1955 1212 2005 Cosso,
1238 1957 1291 1996 L.
1309 1956 1474 1997 Valerio

121 2018 272 2066 Potito,
300 2017 352 2070 Q.
366 2017 498 2059 Fabio
516 2017 724 2059 Vibulano
742 2018 901 2067 iterum,
926 2017 988 2058 M.
1002 2017 1217 2059 Postumio
1231 2017 1472 2073 Regillensi.

122 2080 216 2120 huic
241 2079 394 2121 bellum
418 2081 615 2121 adversus
635 2080 805 2133 Aequos
826 2080 1072 2134 permissum
1092 2087 1165 2129 est,
1190 2095 1342 2134 pravae
1361 2094 1475 2121 men-

123 2142 173 2182 tis
198 2141 365 2191 homini,
391 2156 515 2195 quam
534 2148 669 2182 tamen
688 2142 857 2183 victoria
874 2142 1006 2197 magis
1026 2156 1149 2195 quam
1168 2141 1320 2183 bellum
1341 2148 1478 2183 osten-·

123 2203 193 2243 dit.
243 2219 338 2244 nam
364 2204 545 2244 exercitu
569 2204 727 2259 inpigre
754 2204 903 2258 scripto
929 2205 1132 2257 ductoque
1158 2205 1211 2245 ad
1228 2204 1355 2245 Bolas
1381 2218 1474 2245 cum

123 2263 281 2305 levibus
302 2265 470 2321 proeliis
496 2267 738 2319 Aequorum
762 2266 920 2307 animos
951 2265 1162 2321 fregisset,
1200 2272 1408 2320 postremo
1433 2266 1474 2306 in

124 2326 321 2379 oppidum
355 2326 519 2381 inrupit.
568 2327 715 2368 deinde
752 2327 803 2368 ab
839 2327 1027 2368 hostibus
1064 2328 1106 2368 in
1137 2328 1238 2368 civis
1270 2334 1473 2368 certamen

124 2388 243 2427 vertit
268 2393 325 2437 et,
363 2402 456 2428 cum
480 2388 585 2429 inter
615 2389 963 2444 oppugnationem
993 2389 1187 2444 praedam
1219 2389 1357 2430 militis
1387 2388 1476 2430 fore

125 2449 337 2498 edixisset,
369 2456 488 2504 capto
513 2451 664 2505 oppido
689 2451 813 2492 fidem
838 2451 1024 2492 mutavit.
1073 2465 1163 2492 eam
1189 2451 1322 2506 magis
1348 2451 1477 2492 addu-

126 2524 195 2551 cor
223 2517 268 2551 ut
298 2512 461 2552 credam
492 2512 575 2553 irae
605 2527 772 2554 causam
803 2513 998 2554 exercitui
1028 2512 1175 2562 fuisse,
1213 2527 1337 2566 quam
1368 2513 1478 2566 quod

126 2571 166 2611 in
195 2572 296 2613 urbe
326 2588 457 2628 nuper
486 2574 644 2629 direpta.
680 2575 918 2628 coloniaque
954 2589 1062 2616 nova
1097 2575 1232 2616 minus
1267 2575 1478 2630 praediea-

126 2634 234 2675 tione
264 2635 415 2676 tribuni
445 2637 620 2690 praedae
650 2637 783 2678 fuerit.
833 2637 946 2678 auxit
976 2651 1064 2677 eam
1101 2637 1221 2687 iram,
1258 2644 1477 2692 postquam

126 2695 177 2736 ab
201 2696 368 2751 collegis
395 2699 612 2740 arcesstius
637 2705 803 2754 propter
828 2698 1048 2740 seditiones
1080 2699 1316 2740 tribunicias
1347 2699 1389 2740 in
1413 2714 1478 2739 ur-

1500 2093 1518 2123 8

1502 2216 1518 2245 9

1504 2464 1544 2493 10

1505 2650 1541 2679 11
