1780 3204
480 200 634 235 LIBER
658 199 711 244 X,
738 198 863 236 1415.
891 202 940 245 [a.
958 199 1091 245 [2297]
1383 190 1467 233 509

114 305 390 361 praebuerunt
426 304 636 345 tumultus.
697 304 894 346 adversus
931 304 1119 346 incitatas
1157 310 1312 345 turmas
1355 304 1466 345 stetit

114 369 268 409 inmota
289 366 536 410 Samnitium
561 367 670 407 acies
696 381 772 407 nec
794 374 909 421 parte
934 367 1019 408 ulla
1042 366 1139 422 pelli
1164 373 1233 408 aut
1257 367 1468 421 perrumpi

114 431 257 484 potuit.
307 436 346 471 et
370 436 589 484 postquam
618 429 785 469 inritum
815 429 1022 483 inceptum
1055 435 1158 478 erat,
1190 429 1344 483 recepti
1372 435 1468 483 post

116 492 234 546 signa
262 492 417 547 proelio
448 498 723 532 excesserunt.
773 491 899 532 crevit
925 504 976 532 ex
1001 505 1049 532 eo
1079 490 1260 532 hostium
1291 490 1464 540 animus,

113 567 190 594 nec
210 554 409 594 sustinere
430 553 541 594 frons
560 553 692 607 prima
710 559 793 593 tam
818 552 987 607 longum
1007 559 1214 593 certamen
1237 552 1468 593 increscen-

114 622 278 669 temque
305 616 458 661 fiducia
483 616 547 656 sui
570 616 655 656 vim
679 615 898 670 potuisset,
931 615 974 656 ni
1005 615 1186 656 secunda
1211 615 1318 656 acies
1349 615 1466 656 iussu

115 678 295 719 consulis
320 679 362 718 in
380 678 557 733 primum
584 678 864 719 successisset.
902 677 959 718 ibi
983 678 1165 733 integrae
1183 677 1291 718 vires
1318 677 1467 718 sistunt

114 740 376 781 invehentem
407 755 451 781 se
486 741 568 784 iarn
600 739 846 789 Samnitem,
879 747 919 781 et
954 746 1136 795 tempore
1172 740 1380 795 inprovisa
1416 755 1467 780 ex

115 802 323 844 montibus
350 803 469 858 signa
488 803 721 855 clamorque
748 801 934 843 sublatus
954 817 1038 843 non
1055 817 1152 844 vero
1173 809 1329 843 tantum
1354 808 1466 843 metu

115 871 294 905 terruere
323 863 570 906 Samnitium
595 864 766 905 animos.
815 879 910 905 nam
936 871 975 905 et
999 864 1154 905 Fabius
1179 864 1359 905 Decium
1385 863 1467 904 col-

115 926 250 981 legam
276 926 604 981 adpropinquarc
630 926 891 975 exclamavit,
919 932 958 966 et
982 940 1056 980 pro
1082 940 1125 966 se
1151 926 1324 979 quisque
1349 925 1466 965 miles

116 989 261 1029 adesse
287 988 459 1028 alterum
485 987 713 1035 consulem,
747 988 892 1028 adesse
922 987 1104 1041 legiones
1135 987 1286 1042 gaudio
1312 987 1466 1028 alacres

115 1049 313 1098 fremunt3
352 1063 544 1102 errorque
574 1049 684 1089 utilis
710 1049 909 1089 Romanis
941 1048 1102 1089 oblatus
1133 1049 1258 1103 fugae
1283 1047 1468 1089 formidi-

115 1111 260 1164 nisque
294 1110 499 1152 Samnites
531 1110 701 1164 inplevit
731 1110 909 1150 maxime
946 1110 1126 1158 territos,
1164 1124 1215 1149 nc
1251 1108 1303 1150 ab
1340 1109 1466 1150 altero

116 1173 297 1213 exercitu
326 1173 484 1226 integro
515 1172 749 1224 intactoque
781 1171 882 1212 fessi
913 1171 1250 1225 opprimerentur.
1301 1176 1340 1210 et
1370 1170 1466 1223 quia

114 1235 271 1289 passim
295 1235 336 1274 in
368 1234 510 1288 fugam
536 1233 723 1287 dissipati
755 1240 867 1282 sunt,
899 1233 1032 1273 minor
1062 1233 1207 1273 caedes
1239 1246 1364 1285 quam
1393 1246 1467 1286 pro

115 1302 229 1336 tanta
252 1295 421 1336 victoria
450 1295 540 1334 fuit.
590 1294 667 1334 tria
691 1294 803 1334 milia
827 1300 867 1335 et
891 1293 1180 1349 quadringenti
1205 1293 1332 1343 caesi,
1359 1293 1467 1347 capti

115 1358 340 1413 octingenti
364 1358 493 1398 ferme
524 1364 563 1399 ct
593 1357 777 1412 triginta,
816 1357 934 1413 signa
958 1356 1148 1398 militaria
1178 1363 1298 1411 capta
1328 1356 1402 1397 tria
1428 1364 1467 1397 ct

114 1421 271 1475 viginti.

197 1481 299 1523 XV.
346 1481 603 1524 Samnitibus
631 1482 759 1537 Apuli
791 1497 833 1524 se
871 1489 963 1523 ante
993 1482 1194 1537 proelium
1231 1482 1466 1522 coniunxis-

115 1551 217 1594 sent,
243 1544 286 1584 ni
310 1544 358 1585 P.
384 1544 541 1585 Decius
568 1544 711 1585 consul
736 1545 784 1586 iis
811 1545 864 1585 ad
888 1544 1172 1585 Maleventum
1199 1550 1331 1584 castra
1355 1543 1467 1584 obie-

115 1607 250 1654 cisset,
281 1613 483 1647 extractos
511 1606 657 1646 deinde
684 1607 736 1647 ad
761 1614 966 1647 certamen
991 1606 1179 1646 fudisset.
1222 1605 1279 1646 ibi
1304 1619 1465 1658 quoque

113 1668 206 1723 plus
232 1668 356 1723 fugae
382 1668 458 1708 fuit
483 1683 606 1721 quam
639 1669 794 1709 caedis:
832 1669 913 1709 (luo
938 1669 1050 1709 milia
1074 1668 1308 1722 Apulorum
1333 1682 1464 1708 caesa.

117 1736 333 1784 spretoque
370 1745 418 1770 eo
448 1729 566 1770 hoste
596 1730 754 1771 Decius
790 1730 832 1770 in
865 1729 1081 1771 Samnium
1117 1730 1299 1785 legiones
1336 1729 1465 1770 duxit.

115 1792 171 1832 ibi
197 1791 277 1832 duo
303 1791 538 1832 consulares
570 1792 771 1832 exercitus
804 1792 975 1833 diversis
1001 1792 1140 1847 vagati
1169 1791 1354 1846 partibus
1380 1806 1467 1832 om-

115 1854 183 1894 nia.
221 1853 352 1908 spatio
389 1853 568 1906 quinque
604 1868 793 1894 mensum
824 1860 1071 1894 evastarunt.
1126 1854 1398 1909 quadraginta
1427 1860 1467 1894 et

116 1915 297 1968 quinque
321 1914 411 1955 loca
435 1915 477 1955 in
497 1914 666 1956 Samnio
691 1915 818 1964 fuere,
845 1915 887 1955 in
906 1915 1055 1968 quibus
1074 1915 1196 1956 Decii
1221 1922 1354 1956 castra
1378 1914 1467 1956 fue-

116 1984 228 2025 runt,
255 1976 421 2017 alterius
448 1977 626 2018 consulis
653 1991 726 2018 sex
751 1983 789 2017 et
815 1977 1035 2032 octoginta.
1083 1992 1159 2018 nec
1183 1977 1279 2018 valli
1310 1984 1465 2018 tantum

118 2053 165 2079 ac
201 2039 407 2079 fossarum
443 2039 618 2093 vestigia
652 2039 810 2088 relicta,
849 2039 922 2079 sed
963 2039 1091 2080 multo
1126 2039 1205 2080 illis
1241 2039 1467 2093 insigniora

118 2108 384 2142 monumenta
412 2102 614 2142 vastitatis
646 2101 753 2142 circa
788 2102 1083 2156 regionumque
1115 2102 1464 2156 depopulatarum.

116 2162 272 2204 Fabius
304 2163 426 2203 etiam
458 2163 601 2204 urbem
627 2162 851 2204 Cimetram
883 2163 1000 2217 cepit.
1054 2162 1112 2204 ibi
1143 2170 1262 2217 capta
1291 2170 1466 2204 armato-

116 2239 207 2266 rum
232 2224 313 2266 duo
339 2225 450 2265 milia
475 2225 688 2280 nongenti,
716 2225 825 2266 caesi
854 2231 1085 2280 pugnantes
1116 2224 1244 2265 ferme
1270 2225 1467 2280 nongenti

118 2286 296 2340 triginta.

201 2347 304 2388 Inde
341 2348 597 2389 comitiorum
633 2362 757 2389 causa
792 2348 969 2389 Romam
1003 2348 1212 2402 profectus
1248 2348 1465 2389 maturavit

118 2424 207 2450 eam
233 2424 318 2449 rem
345 2424 479 2464 agere.
523 2424 615 2450 cum
641 2410 771 2464 primo
796 2418 965 2451 vocatae
986 2409 1038 2462 Q
1053 2410 1229 2451 Fabium
1255 2410 1466 2451 consulem

117 2471 297 2511 dicerent
333 2485 474 2512 omnes
511 2472 733 2521 centuriae,
765 2471 848 2526 Ap.
876 2471 1075 2513 Claudius
1108 2471 1333 2513 consularis
1372 2485 1466 2512 can-

1493 318 1533 348 16

1493 504 1532 533 17

1493 688 1533 719 18

1494 875 1532 905 19

117 2532 298 2582 didatus,
336 2533 398 2573 vir
427 2547 520 2574 acer
551 2540 590 2574 et
619 2533 880 2583 ambitiosus,
917 2548 1000 2574 non
1036 2534 1099 2575 sui
1131 2534 1262 2588 magis
1299 2533 1464 2574 honoris
1489 2544 1509 2573 8

117 2609 242 2635 causa
272 2609 395 2648 quam
420 2602 464 2636 ut
492 2595 651 2649 patricii
680 2602 967 2650 recuperarent
997 2596 1078 2636 duo
1104 2595 1333 2636 consularia
1362 2595 1463 2644 loca,

116 2671 209 2697 cum
241 2657 326 2699 suis
357 2663 443 2698 tum
474 2658 596 2699 totius
622 2657 845 2699 nobilitatis
872 2657 1028 2699 viribus
1059 2657 1262 2707 incubuit,
1296 2672 1340 2699 se
1371 2672 1464 2699 cum
