1835 3226
254 462 271 487 15

255 1135 272 1162 [ὗ

299 212 353 251 84
648 216 801 250 LIBER
826 215 878 255 Π,
905 216 958 248 22.
978 216 1032 248 23.
1062 217 1158 257 [atu.
1175 215 1299 258 2259]

299 337 371 363 sex
397 321 507 361 milia
528 318 689 359 Latinis
715 318 963 358 remitterent
990 323 1028 357 et
1054 316 1104 357 (le
1124 316 1308 365 foedere,
1336 317 1450 369 quod,
1466 332 1591 372 prope
1612 320 1650 359 iu

298 388 538 437 perpetuum
574 386 771 434 negatum
808 378 958 427 fuerat,
1007 393 1093 418 rem
1129 379 1182 418 ad
1217 390 1346 418 novos
1389 379 1652 433 magistratus

299 444 525 484 traicerent.
587 441 796 481 enimvero
839 448 925 480 tum
962 440 1104 480 Latini
1147 440 1327 494 gaudere
1364 439 1492 489 facto,
1540 441 1652 494 pacis

298 511 483 545 auctores
520 503 562 542 in
596 502 754 556 ingenti
789 502 921 556 gloria
963 516 1066 543 csse.
1128 516 1319 542 eoronam
1361 514 1527 542 auream
1564 502 1652 542 Iovi

298 566 451 606 donum
482 565 523 604 in
550 564 801 618 Capitolium
835 564 1011 604 mittunt.
1062 578 1155 603 eum
1186 563 1333 618 legatis
1365 562 1554 616 donoque
1585 563 1654 616 qui

298 627 553 681 captivorum
585 626 747 666 remissi
778 626 830 666 ad
866 640 963 666 suos
1000 625 1181 673 fuerant,
1219 641 1371 680 magna
1407 626 1655 666 circumfusa

299 688 516 729 multitudo
537 688 660 727 venit.
704 693 881 742 pergunt
906 687 1049 727 domos
1077 702 1236 735 eorum,
1263 687 1373 740 apud
1398 701 1518 740 quem
1545 687 1656 740 quis-

298 765 377 804 que
404 750 646 799 servierant,
678 750 832 804 gratias
859 756 986 804 agunt
1011 749 1232 790 liberaliter
1257 749 1385 790 habiti
1411 750 1589 802 cultique
1613 750 1655 789 in

299 812 529 853 calamitate
549 827 636 861 sua,
662 812 757 852 inde
777 811 955 865 hospitia
973 811 1160 865 iungunt.
1199 825 1422 863 numquam
1443 811 1543 851 alias
1563 817 1655 851 ante

298 874 459 928 publice
478 874 751 928 privatimque
770 874 969 914 Latinum
989 887 1138 913 nomen
1157 872 1346 914 Romano
1365 873 1536 927 imperio
1561 887 1656 913 con-

300 936 477 977 iunctius
503 935 592 976 fuit.

382 997 560 1038 XXIII.
596 996 681 1039 Sed
706 1004 746 1038 et
770 997 924 1038 bellum
939 996 1140 1037 Volscum
1166 996 1404 1037 imminebat
1431 1004 1469 1037 et
1497 997 1652 1038 civitas.

300 1073 442 1099 secum
471 1059 562 1112 ipsa
587 1059 762 1108 discors,
794 1059 987 1099 intestino
1018 1059 1123 1099 inter
1152 1066 1289 1113 patres
1314 1058 1559 1113 plebemque
1584 1058 1657 1099 fla-

298 1121 445 1175 grabat
470 1121 583 1169 odio,
610 1121 787 1161 maxime
818 1129 985 1175 propter
1010 1136 1138 1161 nexos
1164 1121 1216 1161 ob
1243 1136 1312 1162 aes
1339 1121 1527 1161 alienum.
1576 1120 1656 1160 fre-

299 1182 477 1231 mebant,
499 1197 555 1231 se,
577 1182 676 1223 foris
703 1198 776 1237 pro
801 1182 988 1223 libertate
1014 1190 1053 1223 ct
1078 1182 1250 1236 imperio
1270 1183 1523 1230 dimicantes,
1545 1183 1655 1221 domi

301 1260 324 1284 a
355 1244 513 1286 civibus
547 1251 688 1298 captos
721 1252 759 1285 et
791 1259 1011 1298 oppressos
1044 1259 1135 1285 0550
1173 1244 1445 1297 tutioremque
1477 1244 1517 1284 in
1549 1243 1655 1284 bello

300 1321 423 1358 quam
455 1306 496 1346 in
527 1320 628 1360 pace
660 1314 699 1346 et
725 1307 829 1346 inter
853 1306 983 1347 hostis
1009 1320 1133 1359 quam
1159 1306 1264 1345 inter
1289 1305 1398 1346 cives
1424 1305 1654 1345 libertatem

301 1367 433 1421 plebis
461 1383 570 1417 esse,
598 1369 876 1421 invidiamque
903 1383 1011 1416 eam,
1039 1383 1113 1408 sua
1139 1375 1283 1422 sponte
1308 1367 1568 1422 gliscentem,
1596 1368 1656 1407 in-

302 1429 430 1483 signis
456 1429 578 1470 unius
605 1429 815 1470 calamitas
842 1430 1040 1470 accendit.

385 1490 543 1543 lNIagno
575 1498 674 1531 natu
704 1491 871 1544 quidam
909 1504 1002 1531 cum
1034 1491 1217 1530 omnium
1253 1491 1452 1531 malorum
1485 1506 1652 1531 suorum

300 1551 530 1605 insignibus
552 1567 595 1593 50
615 1553 656 1592 in
675 1553 810 1592 forum
828 1552 1010 1606 proiecit.
1048 1551 1182 1592 obsita
1201 1559 1287 1592 erat
1307 1553 1495 1605 squalore
1515 1553 1654 1595 vestis.

300 1612 458 1653 foedior
478 1614 657 1667 corporis
678 1613 842 1654 habitus
862 1613 1016 1666 pallore
1037 1627 1083 1653 :ie
1103 1613 1232 1653 macie
1258 1614 1477 1667 perempti,
1504 1614 1556 1654 ad
1580 1614 1656 1653 hoc

299 1674 502 1727 promissa
527 1675 655 1715 barba
681 1682 719 1715 et
741 1674 877 1728 capilli
902 1674 1173 1714 efferaverant
1194 1674 1373 1727 speciem
1392 1675 1486 1714 oris.
1524 1675 1658 1715 nosci-

300 1734 462 1775 tabatur
481 1742 618 1776 tamen
636 1736 678 1776 in
698 1743 811 1776 tanta
836 1735 1108 1783 deformitate,
1137 1742 1175 1775 ct
1195 1735 1357 1775 ordines
1384 1735 1552 1776 duxisse
1577 1736 1658 1776 aie-

300 1796 399 1837 bant
430 1798 590 1852 aliaque
622 1799 789 1839 militiae
821 1798 968 1839 decora
994 1798 1121 1852 vulgo
1148 1798 1389 1838 miserantes
1416 1813 1508 1838 eum
1534 1798 1659 1838 iacta-

302 1858 412 1908 bant,
439 1860 528 1914 ipse
554 1867 679 1901 testes
705 1860 970 1901 honestarum
996 1860 1151 1912 aliquot
1174 1859 1274 1900 locis
1300 1875 1532 1914 pugnarum
1553 1860 1657 1900 cica-

258 1951 263 1959 .
302 1920 423 1962 trices
449 1922 623 1963 adverso
648 1929 813 1976 pectore
834 1921 1078 1962 ostentabat.
1119 1921 1435 1970 sciscitantibus,
1457 1921 1565 1961 unde
1590 1921 1657 1961 ille

302 1982 479 2031 habitus,
508 1984 616 2024 unde
636 1984 890 2032 deformitas,
917 1998 1010 2024 cum
1032 1982 1281 2023 circumfusa
1301 1983 1419 2024 turba
1445 1990 1506 2023 est
1531 1997 1657 2037 prope

302 2045 341 2084 iu
368 2046 570 2087 contionis
596 2046 784 2094 modum,
813 2044 970 2086 Sabino
997 2044 1102 2085 bello
1128 2045 1183 2085 ait
1210 2059 1252 2085 se
1278 2045 1533 2092 militantem,
1560 2045 1658 2096 quia

302 2115 467 2161 propter
497 2108 785 2162 populationes
817 2108 905 2163 agri
936 2122 1018 2147 non
1049 2106 1186 2147 fructu
1217 2107 1338 2147 modo
1364 2106 1556 2154 caruerit,
1585 2106 1657 2145 sed

303 2169 398 2209 villa
422 2169 590 2209 incensa
608 2168 743 2216 fuerit,
764 2169 923 2222 direpta
943 2167 1092 2215 omnia,
1113 2181 1260 2221 pecora
1282 2166 1440 2214 abacta,
1461 2166 1657 2207 tributum

271 2255 275 2266 ι
303 2231 442 2283 iniquo
474 2245 548 2271 suo
581 2237 763 2284 tempore
795 2230 1044 2283 inperatum,
1078 2243 1147 2269 aes
1180 2228 1356 2268 alienum
1389 2228 1551 2268 fecisse.
1601 2228 1655 2276 id,

302 2291 554 2332 cumulatum
574 2292 722 2340 usuris,
743 2291 874 2345 primo
895 2305 938 2331 se
959 2305 1058 2344 agro
1077 2297 1246 2344 paterno
1266 2290 1457 2343 avitoque
1477 2289 1655 2338 exuisse,

301 2353 448 2394 deinde
473 2353 648 2394 fortunis
674 2353 782 2402 aliis,
808 2359 1016 2407 postremo
1043 2351 1154 2392 velut
1179 2351 1315 2392 tabem
1341 2351 1580 2405 pervenisse
1605 2351 1657 2391 ad

302 2428 468 2469 corpus:
501 2415 670 2455 ductum
701 2429 745 2455 50
777 2414 827 2455 ab
853 2414 1050 2454 creditore
1076 2428 1158 2453 non
1183 2413 1224 2453 in
1251 2413 1479 2461 servitium,
1514 2413 1587 2453 sed
1617 2413 1658 2452 in

303 2476 551 2529 ergastulum
585 2483 625 2517 et
655 2475 932 2517 carnificinam
963 2489 1068 2515 0550.
1123 2475 1217 2514 inde
1254 2481 1459 2515 ostentare
1497 2481 1656 2528 tergum

302 2537 468 2577 foedum
493 2538 725 2579 recentibus
751 2537 937 2592 vestigiis
964 2536 1192 2577 verberum.
1237 2537 1289 2577 ad
1313 2536 1414 2577 haec
1434 2536 1523 2576 visa
1542 2535 1656 2575 audi-

303 2605 423 2649 taque
449 2599 602 2639 clamor
621 2599 766 2654 ingens
787 2599 925 2639 oritur.
963 2613 1045 2638 non
1064 2598 1144 2638 iam
1164 2598 1255 2639 foro
1276 2613 1319 2639 se
1340 2598 1538 2638 tumultus
1565 2611 1655 2636 sus-

260 2674 277 2697 5
305 2658 413 2699 tinet.
437 2662 507 2700 sed
532 2661 686 2714 passim
708 2668 835 2702 totam
855 2660 998 2701 urbem
1019 2661 1216 2714 pervadit.
1256 2660 1349 2700 nexi
1371 2659 1493 2699 vincti
1515 2657 1654 2697 soluti-
