1780 3204
397 223 551 258 LIBER
576 223 611 267 1,
637 223 690 256 29.
710 223 763 256 30.
792 225 840 266 [a.
856 222 1107 265 effla—640]
1375 215 1428 254 33

77 331 210 371 ciente
236 328 408 370 consilio
433 327 742 382 rogitantesque
769 327 837 368 alii
869 326 990 374 alios,
1017 340 1126 366 nunc
1150 325 1193 365 in
1217 325 1427 366 liminibus

78 398 244 440 starent,
269 405 378 431 nunc
403 389 622 431 errabundi
647 389 790 430 domos
818 404 926 437 suaS,
947 388 1136 428 ultimum
1161 388 1263 429 illud
1288 389 1428 437 visuri,

77 459 411 508 pervagarentur.

161 514 222 555 Ut
246 528 343 555 vero
362 514 445 554 iam
464 513 647 566 equitum
667 513 820 553 clamor
845 513 956 553 exire
982 511 1211 552 iubentium
1236 511 1429 561 instabat,
1456 527 1477 554 4

78 578 160 617 iam
183 576 324 630 fragor
347 581 560 623 tectorum,
587 589 692 627 quae
718 573 994 622 diruebantur,
1020 573 1175 614 ultimis
1201 573 1314 614 urbis
1340 588 1434 628 par-

79 638 187 679 tibus
214 637 456 678 audiebatur
480 636 698 690 pulvisque
718 651 768 676 ex
787 635 1034 676 distantibus
1060 635 1161 676 locis
1187 642 1300 676 ortus
1320 635 1434 676 velut

78 699 188 741 nube
219 700 389 740 inducta
420 698 558 739 omnia
587 698 846 752 impleverat,
884 698 1032 751 raptim
1069 697 1220 750 quibus
1257 698 1433 751 quisque

80 769 238 817 poterat
263 761 399 810 elatis,
433 775 526 801 cum
550 760 678 800 larem
703 774 751 800 ac
774 767 946 813 penates
973 766 1181 812 tectaque,
1214 760 1256 799 in
1281 758 1431 812 quibus

80 832 200 865 natus
220 823 395 876 quisque
415 822 696 874 educatusque
717 828 837 869 esset,
858 821 1135 873 relinquentes
1163 821 1331 870 exirent,
1351 821 1434 861 iam

81 886 293 926 continens
319 898 468 939 agmen
492 882 756 937 migrantium
790 881 1016 935 inpleverat
1036 882 1137 922 vias.
1177 889 1215 923 et
1236 897 1434 936 conspec-

80 961 144 989 tus
170 947 342 988 aliorum
367 953 509 986 mutua
528 943 789 984 miseratione
814 943 1047 998 integrabat
1073 944 1264 985 lacrimas
1290 959 1434 985 voces-

81 1024 160 1063 que
185 1009 308 1049 etiam
331 1006 584 1048 miserabiles
610 1001 935 1046 exaudiebantur
957 1004 1175 1045 mulierum
1201 1006 1433 1059 praecipue,

83 1086 177 1112 cum
207 1070 379 1111 obsessa
408 1068 459 1109 ab
491 1067 657 1108 armatis
690 1066 842 1120 templa
879 1072 1055 1120 augusta
1091 1067 1358 1119 praeterirent
1388 1081 1436 1107 ac

82 1132 192 1172 velut
228 1137 367 1185 captos
403 1129 678 1182 relinquerent
709 1128 822 1168 deos.
872 1127 1051 1182 egressis
1083 1127 1227 1167 urbem
1258 1127 1435 1168 Albanis

82 1195 294 1235 Romanus
319 1192 475 1247 passim
500 1191 664 1245 publica
688 1190 930 1244 privataque
950 1189 1087 1230 omnia
1107 1197 1214 1230 tecta
1233 1190 1437 1242 adaequat

82 1255 168 1296 solo
192 1268 355 1307 unaque
380 1253 480 1294 hora
505 1252 899 1307 quadringentorum
926 1266 1126 1292 annorum
1146 1265 1264 1305 opus,
1286 1250 1436 1305 quibus

80 1316 192 1358 Alba
217 1322 394 1364 steterat,
416 1315 575 1355 excidio
595 1329 643 1355 ac
661 1314 789 1354 ruinis
815 1313 946 1362 ‹ledit3
973 1313 1135 1367 templis
1157 1322 1294 1354 tamen
1313 1313 1436 1353 deum

81 1403 135 1409 —
158 1379 216 1419 ita
240 1377 347 1418 enim
373 1377 551 1418 edictum
577 1376 628 1417 ab
653 1391 750 1431 rege
776 1376 910 1416 fuerat
935 1401 987 1405 —
1014 1382 1287 1430 temperatum
1313 1382 1386 1416 est.

165 1439 322 1480 XXX.
354 1439 489 1480 Roma
513 1439 674 1479 interim
701 1439 847 1479 crescit
860 1437 996 1479 Albae
1022 1438 1169 1478 ruinis:
1203 1437 1434 1492 duplicatur

84 1502 235 1542 civium
265 1507 478 1550 numerus,
507 1500 675 1542 Caelius
707 1501 871 1541 additur
901 1500 992 1541 urbi
1024 1515 1142 1541 mons
1175 1507 1215 1540 et
1245 1515 1327 1553 quo
1358 1499 1439 1539 fre-

83 1563 272 1617 quentius
303 1562 566 1611 habitaretur,
600 1577 691 1603 eam
722 1562 862 1603 sedem
888 1561 1036 1602 Tullus
1061 1562 1200 1616 regiae
1226 1562 1333 1615 capit
1364 1560 1440 1601 ibi-

83 1640 161 1679 que
187 1625 334 1667 deinde
358 1624 570 1666 habitavit.
620 1625 824 1679 principes
850 1623 1110 1664 Albanorum
1141 1624 1183 1663 in
1207 1629 1363 1678 patres,
1395 1630 1439 1661 ut

85 1702 134 1728 ea
156 1700 320 1740 quoque
344 1700 440 1740 pars
465 1687 525 1726 rei
548 1686 739 1740 publicae
765 1693 977 1733 cresceret,
1004 1685 1121 1739 legit:
1149 1684 1320 1731 Tullios,
1345 1681 1441 1724 Ser-

86 1749 217 1797 vilios,
244 1747 474 1800 Quinctios,
503 1746 729 1803 Geganios,
752 1746 972 1804 Curiatios,
1002 1746 1196 1795 Cloelios,
1223 1744 1442 1799 templum-

87 1824 166 1863 que
191 1810 323 1850 ordini
347 1809 398 1850 ab
425 1824 468 1850 se
493 1817 613 1850 aucto
639 1809 793 1849 curiam
819 1808 934 1856 fecit,
967 1822 1072 1860 quae
1097 1806 1281 1847 Hostilia
1310 1820 1442 1858 usque

88 1871 140 1912 ad
163 1878 325 1925 patrum
350 1878 583 1911 nostrorum
602 1877 778 1911 aetatem
803 1869 1008 1924 appellata
1027 1875 1100 1909 est.
1138 1874 1177 1909 et
1196 1874 1241 1908 ut
1259 1867 1441 1908 omnium

88 1933 277 1974 ordinum
302 1932 458 1973 viribus
484 1932 638 1985 aliquid
664 1947 714 1972 ex
739 1946 847 1972 novo
871 1931 1025 1985 populo
1050 1930 1296 1978 adiceretur,
1329 1929 1442 1982 equi-

89 2004 176 2036 tum
207 1995 350 2035 decem
381 2002 536 2035 turmas
563 2008 614 2034 ex
638 1993 815 2034 Albanis
846 1993 964 2048 legit,
996 1992 1180 2048 legiones
1213 1998 1253 2032 et
1282 1998 1441 2031 veteres

90 2057 234 2098 eodem
261 2056 545 2125 supplemento
571 2055 750 2110 explevit
775 2062 813 2095 et
838 2070 966 2095 novas
994 2054 1168 2108 scripsit.

175 2118 271 2159 Hac
312 2118 463 2158 fiducia
504 2117 652 2157 xirium
689 2116 836 2157 Tullus
882 2115 1048 2157 Sabinis
1092 2114 1245 2156 bellum
1288 2115 1442 2163 indicit,

90 2180 204 2235 genti
239 2195 288 2220 ea
323 2186 565 2234 tempestate
603 2178 828 2219 secundum
864 2177 1065 2218 Etruscos
1108 2176 1444 2231 opulentissimae

90 2242 189 2283 vilis
215 2242 434 2294 armisque.
473 2241 676 2294 utrimque
700 2240 871 2280 iniuriae
890 2240 1023 2280 factae
1043 2254 1091 2280 ac
1110 2253 1174 2279 res
1194 2238 1444 2291 nequiquam

91 2310 206 2344 erant
235 2304 448 2357 repetitae.
486 2303 634 2343 Tullus
665 2302 718 2343 ad
747 2301 948 2342 Feroniae
978 2301 1121 2342 fanum
1152 2307 1335 2340 mercatu
1364 2299 1444 2340 fre-

91 2365 232 2417 quenti
267 2365 542 2420 negotiatores
574 2364 786 2405 Romanos
837 2363 1142 2417 conprehensos
1179 2361 1442 2415 querebatur3

94 2426 239 2468 Sabini
265 2442 363 2468 suos
387 2427 501 2481 prius
521 2427 563 2466 in
581 2426 720 2466 lucum
746 2424 985 2480 confugisse
1005 2439 1052 2466 ac
1066 2424 1224 2465 Romae
1249 2430 1442 2465 retentos.

93 2489 169 2529 hae
194 2503 344 2529 causae
369 2488 465 2529 belli
490 2487 737 2528 ferebantur.

180 2549 336 2599 Sabini,
358 2550 458 2591 haut
480 2564 624 2604 parum
639 2563 855 2597 memores,
877 2559 915 2589 et
936 2563 1102 2589 suarum
1121 2548 1267 2588 virium
1286 2554 1444 2602 partem

92 2612 250 2654 Romae
282 2612 333 2653 ab
359 2610 480 2653 Tatio
511 2612 688 2652 locatam
719 2618 758 2651 et
783 2611 1015 2652 Romanam
1045 2624 1132 2650 rem
1162 2604 1293 2663 nuper
1322 2609 1445 2650 etiam

93 2675 318 2715 adiectione
355 2674 497 2728 populi
528 2672 682 2714 Albani
719 2680 901 2722 auctam,
941 2672 1256 2726 circumspicere
1292 2677 1331 2711 et
1366 2670 1446 2725 ipsi

162 2753 223 2778 ι’,ιϊι4
245 2753 298 2778 001.
316 2752 336 2778 1.
1198 2738 1218 2770 3

1466 1635 1483 1662 Na
