1835 3226
329 207 412 249 440
601 215 754 249 LIBER
779 214 887 258 v111,
914 215 967 248 39.
987 214 1040 249 40.
1070 217 1300 260 [a.u.e.432.
1319 217 1402 262 433]

268 334 306 363 15
333 318 546 361 subtraxit.
594 317 749 372 placuit
779 331 873 358 cum
903 331 1072 371 corpore
1107 316 1216 359 bona
1250 333 1414 373 quoque
1450 321 1537 362 eius
1574 322 1680 364 dedi.

283 825 301 854 10

329 380 430 421 nihil
456 386 594 420 tamen
618 393 759 419 earum
788 393 924 419 rerum
954 385 1115 434 praeter
1145 381 1328 435 captivos
1360 396 1408 423 ac
1438 382 1473 423 si
1503 397 1585 436 qua
1615 398 1682 425 co-

326 442 440 497 gnita
460 455 510 481 ex
528 441 682 495 praeda
701 447 796 481 sunt
820 447 1035 496 acceptum
1054 447 1128 491 est,
1151 449 1377 484 ceterarum
1401 459 1538 485 rerum
1563 445 1683 486 inrita.

327 504 405 545 fuit
429 504 594 545 deditio.
643 503 817 545 dictator
842 519 893 545 ex
918 511 1085 545 senatus
1111 505 1298 546 consulto
1323 507 1601 561 triumphavit.

412 565 619 606 XXXX.
656 565 753 607 Hoc
783 565 937 607 bellum
968 582 992 607 a
1016 567 1254 609 consulibus
1287 567 1483 609 bellatum
1514 569 1682 622 quidam

328 634 515 669 auctores
543 634 637 669 sunt
662 642 814 682 eosque
839 629 890 670 de
917 627 1172 671 Samnitibus
1198 629 1485 685 triumphasse,
1505 630 1683 672 Fabium

327 690 450 730 etiam
474 689 517 730 in
541 689 740 744 Apuliam
764 691 1016 745 processisse
1042 697 1164 745 atque
1189 692 1283 733 inde
1310 708 1481 748 magnas
1507 693 1680 748 praedas

327 752 475 807 egisse.
522 766 600 793 nec
624 752 842 807 discrepat,
869 753 970 806 quin
994 753 1168 795 dictator
1192 769 1240 795 eo
1266 769 1372 795 anno
1392 754 1446 795 A.
1463 754 1680 796 Cornelius

329 814 473 855 fuerit:
510 814 552 855 id
583 814 823 870 ambigitur,
849 814 998 857 belline
1023 816 1193 871 gerendi
1217 831 1343 858 causa
1368 824 1527 858 creatus
1553 818 1605 858 sit
1629 833 1683 858 an

327 882 373 916 ut
397 883 507 918 esset
531 877 602 930 qui
625 877 734 917 ludis
753 876 967 927 Romanis,
990 878 1085 932 quia
1097 878 1150 919 L.
1165 878 1353 920 Plautius
1378 888 1542 934 praetor
1565 880 1682 935 gravi
1737 892 1740 894 ’

326 937 470 980 morbo
501 938 606 980 forte
641 938 849 994 inplicitus
887 946 990 989 erat,
1024 940 1190 996 signum
1226 941 1434 982 mittendis
1470 941 1682 996 quadrigis

326 1000 441 1042 daret
470 1000 721 1055 functusque
747 1016 795 1042 eo
820 1001 931 1042 haud
962 1016 1060 1043 sane
1090 1003 1344 1043 memorandi
1374 1003 1533 1058 imperii
1563 1004 1683 1044 mini-

327 1063 449 1104 sterio
481 1078 525 1104 se
556 1063 759 1104 dictatura
792 1063 1019 1114 abdicaret3
1056 1079 1131 1105 nec
1162 1065 1282 1106 facile
1313 1072 1375 1106 est
1406 1072 1476 1106 aut
1505 1080 1591 1106 rem
1622 1065 1681 1106 rei

327 1131 398 1166 aut
422 1132 630 1166 auctorem
655 1127 811 1167 auctori
835 1126 1052 1180 praeferre.
1091 1127 1274 1167 vitiatam
1298 1127 1539 1168 memoriam
1563 1127 1681 1168 func-

325 1186 467 1228 bribus
493 1186 684 1228 laudibus
709 1202 801 1228 reor
831 1188 1029 1241 falsisque
1060 1189 1288 1243 imaginum
1317 1190 1463 1239 titulis,
1496 1190 1594 1230 dum
1619 1189 1681 1229 fa-

325 1249 437 1289 milia
462 1249 515 1290 ad
540 1263 584 1290 se
609 1263 796 1302 quaeque
822 1250 976 1291 famam
1000 1265 1137 1291 rerum
1161 1258 1372 1305 gestarum
1396 1251 1679 1304 honorumque

327 1310 484 1352 fallenti
510 1311 723 1352 mendacio
749 1311 925 1352 trahunt.
963 1312 1057 1352 inde
1083 1318 1191 1353 certe
1216 1319 1256 1353 et
1281 1313 1534 1367 singulorum
1560 1318 1680 1366 gesta

327 1379 367 1412 et
402 1372 567 1427 publica
608 1380 874 1414 monumenta
914 1388 1050 1414 rerum
1092 1373 1275 1415 confusa.
1342 1389 1417 1415 nec
1459 1374 1679 1427 quisquam

326 1434 510 1488 aequalis
548 1434 801 1489 temporibus
838 1435 917 1477 illis
950 1436 1123 1490 scriptor
1153 1442 1282 1486 extat,
1320 1451 1402 1490 quo
1433 1437 1531 1478 satis
1568 1444 1677 1477 certo

324 1502 490 1538 auctore
521 1502 661 1538 stetur.

694 1729 976 1781 [PERIOCHA
1000 1733 1140 1770 LIBRI
1164 1730 1314 1782 vnn]

395 1816 457 1860 [T.
471 1815 660 1860 Veturius,
683 1815 839 1861 Spurius
858 1818 1071 1852 Postumius
1091 1818 1264 1852 consules
1285 1817 1385 1862 apud
1405 1816 1529 1851 furcas
1548 1816 1679 1852 Caudi-

324 1878 391 1901 nas
413 1867 574 1902 deducto
595 1867 633 1901 in
652 1868 776 1901 locum
797 1871 916 1902 artum
937 1868 1119 1913 exercitu,
1146 1880 1228 1903 cum
1249 1879 1333 1912 spes
1354 1868 1458 1902 nulla
1478 1872 1576 1902 esset
1595 1879 1676 1902 eva-

326 1918 448 1961 dendi,
469 1918 622 1954 foedere
638 1929 719 1952 eum
734 1918 962 1953 Samnitibus
977 1918 1078 1953 facto
1094 1924 1131 1954 et
1145 1919 1326 1954 sescentis
1341 1918 1530 1963 equitibus
1543 1919 1678 1953 Roma-

324 1969 381 2003 nis
397 1969 593 2004 obsidibus
608 1969 705 2003 datis
719 1969 772 2004 ita
785 1970 985 2004 exercitum
1000 1971 1254 2014 abduxerunt,
1273 1974 1315 2003 ut
1329 1981 1455 2004 omnes
1471 1970 1538 2004 sub
1554 1969 1679 2014 iugum

323 2020 573 2064 mitterentur,
605 2019 777 2065 idemque
803 2025 955 2055 auctore
983 2020 1116 2065 Spurio
1138 2021 1329 2055 Postumio
1357 2021 1526 2063 consule,
1554 2020 1616 2065 qui
1641 2019 1679 2053 in

326 2075 458 2105 senatu
478 2075 664 2113 suaserat,
690 2075 732 2105 ut
751 2082 879 2105 eorum
900 2071 1107 2115 deditione,
1130 2082 1286 2116 quorum
1301 2071 1410 2115 culpa
1424 2075 1498 2105 tam
1513 2070 1678 2105 deforme

323 2120 457 2156 foedus
478 2121 592 2155 ictum
607 2125 704 2165 erat,
731 2121 883 2166 publica
897 2120 991 2156 fides
1005 2122 1239 2165 liberaretur,
1266 2133 1347 2155 cum
1362 2121 1508 2155 duobus
1521 2120 1678 2154 tribunis

323 2172 447 2217 plebis
472 2176 510 2207 et
535 2172 724 2216 omnibus,
750 2172 813 2216 qui
833 2172 968 2206 foedus
990 2173 1287 2217 spoponderant,
1314 2171 1429 2206 dediti
1449 2170 1677 2206 Samnitibus

324 2234 398 2257 non
419 2227 506 2258 sunt
523 2223 676 2268 recepti.
702 2234 773 2257 nee
792 2224 908 2257 multo
923 2227 1012 2268 post
1024 2223 1118 2257 fusis
1133 2235 1155 2258 a
1168 2223 1318 2268 Papirio
1334 2222 1493 2257 Cursore
1508 2221 1678 2257 Samniti-

322 2274 391 2308 bus
412 2278 450 2309 et
469 2274 537 2309 sub
557 2274 685 2319 iugum
698 2273 820 2308 missis
835 2274 1073 2319 receptisque
1087 2274 1268 2308 sescentis
1284 2273 1474 2318 equitibus
1487 2272 1677 2315 Romanis,

323 2325 385 2370 qui
405 2325 556 2360 obsides
577 2325 655 2359 dati
674 2328 799 2369 erant,
824 2325 947 2369 pudor
965 2324 1098 2370 flagitii
1117 2324 1251 2369 prioris
1273 2324 1435 2359 abolitus
1455 2327 1521 2358 cst.
1558 2323 1677 2357 tribus

325 2376 419 2410 duae
451 2376 621 2410 adiectae
655 2379 758 2420 sunt,
785 2375 990 2410 Oufentina
1015 2380 1053 2411 et
1075 2375 1257 2419 Falerna3
1295 2374 1432 2409 Suessa
1458 2379 1495 2409 et
1519 2374 1678 2409 Pontiae

323 2427 493 2461 coloniae
508 2427 691 2461 deductae
707 2429 803 2460 sunt.
846 2426 989 2471 Appius
1005 2425 1181 2461 Claudius
1197 2436 1330 2460 censor
1344 2436 1477 2470 aquam
1491 2424 1674 2469 perduxit,

323 2477 418 2510 viam
434 2477 563 2511 stravit
577 2488 672 2522 quae
685 2476 810 2521 Appia
822 2482 958 2512 vocata
973 2481 1047 2521 est,
1073 2477 1330 2511 libertinorum
1343 2474 1440 2510 filios
1456 2475 1493 2509 in
1508 2478 1676 2510 senatum

323 2527 431 2571 legit:
462 2528 641 2572 ideoque,
667 2528 844 2572 quoniam
866 2527 898 2561 is
920 2528 1012 2562 ordo
1039 2527 1202 2572 indignis
1228 2526 1443 2573 inquinatus
1468 2526 1675 2568 videbatur,

324 2579 512 2624 sequentis
556 2580 643 2614 anni
685 2580 858 2614 eonsules
897 2580 1205 2623 observaverunt,
1243 2578 1553 2624 quemadmodum
1589 2580 1675 2611 ante

324 2629 509 2672 proximos
531 2641 707 2665 censores
726 2630 861 2665 fuerat.
886 2642 946 2665 res
959 2634 1157 2676 praeterea
1170 2634 1300 2664 eontra
1312 2628 1476 2674 Apulos,
1496 2628 1675 2662 Etruscos

324 2683 361 2712 et
374 2679 535 2714 Umbros
550 2686 587 2715 et
601 2681 746 2716 Marsos
762 2686 798 2715 et
811 2681 1015 2727 Paelignos
1036 2685 1071 2716 et
1086 2680 1240 2725 Aequos
1261 2684 1297 2715 et
1312 2679 1512 2723 Samnites,
1540 2677 1674 2722 quibus
