1780 3204
420 272 575 307 LLBER
598 272 672 316 111,
699 272 752 305 64.
772 272 825 306 65.
855 275 902 316 [a.
919 272 1165 316 erla-447]
1392 265 1471 306 185

115 377 303 433 producti
335 377 386 417 ad
416 376 615 431 populum
645 376 984 431 interrogatique,
1019 377 1053 417 si
1084 391 1153 417 eos
1183 377 1361 432 populus
1386 377 1471 418 Ro-

113 454 280 488 manus,
313 453 470 479 memor
498 437 697 479 libertatis
728 453 801 492 per
824 438 915 479 illos
942 445 1129 493 receptae
1154 439 1283 490 domi,
1315 454 1472 480 memor

112 502 281 542 militiae
300 514 517 554 rerumque
537 507 759 554 gestarum,
787 500 976 541 consules
995 501 1144 541 iterum
1162 500 1328 551 faceret,
1355 502 1473 556 quid-

113 578 209 603 nam
234 562 381 603 faeturi
413 569 568 610 essent,
594 561 694 601 nihil
720 562 945 602 sententiae
971 577 1070 603 suae
1095 571 1343 614 mutassent,
1376 578 1472 604 con-

112 625 289 665 laudatis
316 623 572 671 consulibus,
600 623 709 676 quod
734 631 1045 678 perseverarent
1070 625 1123 665 ad
1140 625 1330 666 ultimum
1350 625 1472 666 dissi-

113 686 230 726 miles
265 685 593 725 decemxirorum
626 700 735 734 esse,
768 686 931 727 comitia
956 686 1101 727 habuit
1125 693 1166 727 et
1200 687 1379 740 quinque
1404 688 1473 728 tri-

113 748 233 788 bunis
270 747 382 802 plebi
418 747 584 796 creatis,
623 762 717 787 cum
751 762 849 802 prae
887 749 1033 789 studiis
1071 754 1209 803 aperte
1244 749 1471 804 petentium

111 824 260 851 novem
297 809 553 850 tribunorum
595 809 663 850 alii
705 810 911 850 candidati
952 810 1081 852 tribus
1123 825 1206 851 non
1247 811 1469 865 explerent,

112 872 329 912 concilium
372 871 526 911 dimisit
563 885 639 911 nec
675 871 822 912 deinde
860 872 1116 913 comitiorum
1153 887 1278 913 causa
1313 872 1468 913 habuit.

112 933 371 975 satisfactum
400 933 484 988 legi
515 933 667 982 aiebat,
700 948 805 986 quae
829 949 1000 975 numero
1025 949 1231 988 nusquam
1254 934 1469 988 praefinito

111 995 304 1045 tribunis,
341 996 464 1036 modo
495 1003 540 1035 ut
568 996 895 1049 relinquerentur
925 996 1100 1036 sanciret
1131 1003 1170 1037 et
1206 996 1257 1037 ab
1292 996 1362 1045 iis,
1400 996 1470 1049 qui

112 1059 237 1098 creati
262 1064 418 1107 essent,
446 1058 627 1112 cooptari
647 1058 826 1113 collegas
847 1057 1024 1106 iuberet,
1049 1057 1330 1110 recitabatque
1349 1073 1469 1112 roga-

111 1120 233 1160 tionis
265 1135 448 1168 earmen,
480 1121 523 1160 in
548 1135 648 1173 quo:
683 1120 736 1160 ‘si
761 1119 945 1160 tribunos
970 1119 1105 1173 plebei
1131 1120 1274 1160 decem
1298 1119 1467 1173 rogabo,

111 1182 145 1223 si
170 1182 241 1235 qui
265 1197 339 1223 vos
365 1182 500 1223 minus
526 1182 647 1222 hodie
673 1182 814 1222 decem
840 1181 1025 1222 tribunos
1051 1180 1184 1235 plebis
1211 1181 1408 1229 feceritis,
1439 1181 1468 1220 ii

110 1252 196 1284 tum
227 1245 303 1293 uti,
343 1259 446 1297 quos
479 1243 557 1284 sibi
593 1243 772 1298 collegas
809 1243 1081 1297 cooptassint,
1123 1249 1169 1282 ut
1203 1242 1262 1282 illi
1295 1242 1467 1296 legitimi

110 1306 253 1347 eadem
278 1307 369 1361 lege
394 1305 545 1346 tribuni
570 1305 705 1359 plebei
725 1305 824 1353 sint,
850 1312 895 1344 ut
913 1304 988 1353 illi,
1015 1318 1120 1357 quos
1139 1303 1261 1344 hodie
1281 1303 1467 1344 tribunos

108 1367 242 1422 plebei
266 1367 470 1408 feceritis.'
517 1366 700 1407 Duillius
732 1381 826 1406 cum
858 1366 911 1406 ad
942 1366 1131 1405 ultimum
1162 1372 1466 1420 perseverasset

109 1430 316 1484 negando,
343 1429 577 1483 quindecim
603 1428 786 1470 tribunos
813 1428 948 1483 plebei
971 1443 1058 1469 rem
1083 1428 1290 1483 publicam
1314 1428 1465 1469 habere

108 1506 248 1546 posse,
274 1492 383 1532 vieta
407 1491 659 1546 collegarum
684 1491 906 1545 eupiditate
930 1491 1082 1546 pariter
1105 1490 1290 1546 patribus
1310 1489 1466 1545 plebei-

112 1567 191 1607 que
217 1561 408 1609 acceptus
439 1554 685 1608 magistratu
709 1553 821 1594 abiit.

192 1615 336 1656 LXV.
385 1615 493 1656 Novi
523 1615 675 1656 tribuni
706 1615 838 1670 plebis
864 1616 905 1656 in
931 1615 1171 1670 cooptandis
1198 1615 1368 1670 collegis
1392 1629 1465 1669 pa-

110 1684 216 1717 trum
234 1677 486 1718 voluntatem
504 1677 707 1726 foverunt,
729 1678 832 1718 duos
855 1678 977 1718 etiam
996 1678 1189 1732 patricios
1210 1677 1467 1718 consulares-

109 1752 188 1791 que
216 1737 288 1793 Sp.
315 1739 538 1793 Tarpeium
569 1746 608 1779 et
632 1739 686 1780 A.
713 1738 933 1780 Aternium
964 1747 1220 1794 eooptavere.
1275 1738 1464 1780 consules

111 1800 236 1840 creati
274 1799 448 1854 Spurius
479 1801 741 1850 Herminius,
779 1801 828 1841 T.
856 1801 1080 1856 Verginius
1113 1800 1463 1848 Caelimontanus,

111 1862 211 1902 nihil
246 1877 495 1917 magnopere
533 1863 585 1903 ad
613 1870 777 1917 patrum
807 1871 877 1903 aut
906 1863 1040 1917 plebis
1072 1877 1239 1903 eausam
1269 1862 1463 1910 inclinati,

110 1924 239 1965 otium
264 1924 375 1965 domi
400 1939 448 1965 ae
471 1924 572 1965 foris
596 1924 791 1965 habuere.
839 1924 893 1965 L.
909 1924 1140 1965 Trebonius
1166 1924 1354 1965 tribunus
1379 1924 1465 1979 ple-

110 1986 174 2027 bis
200 1985 374 2026 infestus
399 1985 604 2040 patribus,
631 1986 741 2039 quod
767 2000 810 2026 se
830 1985 881 2026 ab
900 1986 949 2026 iis
969 1986 1009 2026 in
1030 1986 1270 2040 cooptandis
1291 1985 1463 2026 tribunis

110 2048 255 2089 fraude
281 2055 446 2102 captum
471 2048 758 2102 proditumque
784 2063 807 2088 a
833 2048 999 2102 collegis
1026 2047 1178 2096 aiebat,
1209 2048 1463 2102 rogationem

111 2110 219 2159 tulit,
251 2116 296 2150 ut
320 2111 390 2163 qui
413 2110 575 2164 plebem
603 2110 835 2151 Romanam
859 2109 1044 2150 tribunos
1074 2109 1186 2163 plebi
1215 2116 1397 2164 rogaret,
1428 2110 1464 2151 is

111 2185 242 2224 usque
268 2186 316 2212 eo
340 2178 520 2227 rogaret,
547 2172 646 2212 dum
671 2172 813 2212 decem
837 2170 1022 2212 tribunos
1048 2171 1184 2225 plebei
1207 2171 1377 2221 faceret,
1403 2171 1464 2212 in-'

111 2233 397 2286 sectandisque
432 2233 636 2288 patribus,
678 2234 787 2274 unde
822 2232 986 2288 Aspero
1023 2234 1145 2274 etiam
1186 2233 1361 2274 inditum
1401 2241 1464 2275 est

112 2310 358 2350 cognomen,
385 2295 634 2336 tribunatum
660 2295 801 2350 gessit.

195 2356 298 2397 Inde
327 2356 389 2397 M.
423 2355 636 2412 Geganius
668 2357 905 2398 Macerinus
943 2363 983 2397 et
1020 2355 1068 2397 C.
1100 2356 1232 2397 Iulius
1270 2357 1458 2398 consules

111 2418 209 2458 facti
240 2419 519 2460 contentiones
550 2418 803 2459 tribunorum
831 2419 1028 2459 adversus
1053 2418 1252 2460 nobilium
1275 2419 1464 2460 iuventu-

110 2488 193 2520 tem
228 2486 337 2521 ortas
376 2480 463 2521 sine
504 2481 770 2522 insectatione
811 2481 1026 2535 potestatis
1068 2481 1173 2529 eius,
1223 2488 1462 2522 conservata

110 2542 322 2583 maiestate
357 2550 520 2597 patrum
563 2543 772 2584 sedavere.
820 2542 983 2597 plebem
1021 2543 1184 2583 decreto
1220 2543 1272 2583 ad
1308 2543 1462 2584 bellum

109 2603 356 2644 Volscorum
387 2611 426 2645 et
450 2604 692 2658 Aequorum
723 2604 874 2645 dilectu
904 2605 1143 2645 sustinendo
1167 2619 1254 2645 rem
1278 2604 1329 2646 ab
1355 2605 1462 2646 sedi-

108 2665 288 2707 tionibus
314 2667 566 2716 continuere,
594 2667 748 2708 urbano
773 2681 936 2721 quoque
961 2667 1042 2707 otio
1067 2666 1167 2708 foris
1192 2667 1328 2708 omnia
1352 2673 1462 2708 tran-

108 2729 233 2782 quilla
270 2743 361 2770 esse
398 2729 678 2779 adfirmantes,
722 2744 795 2784 per
829 2729 1054 2770 discordias
1092 2729 1231 2771 civiles
1269 2736 1459 2771 externos

1497 576 1516 607 S

1498 1133 1537 1161 10

1496 1382 1529 1409 11

1491 1753 1508 1781 10

1490 1938 1508 1967 02
