1835 3226
294 226 347 265 24.»
667 232 819 265 Llssssu
844 232 879 274 1,
907 233 957 265 105.
974 232 1027 264 Π.
1048 224 1104 274 '[a.
1119 242 1153 265 u.
1169 243 1198 266 c.
1213 232 1271 275 38]

292 337 378 376 viro
409 334 610 374 nuntianti
641 333 742 372 haec
773 332 868 372 fidei
899 332 1021 372 fuerit
1051 346 1257 385 quamque
1288 333 1536 374 desiderium
1562 335 1644 375 Ro-

291 396 389 436 muli
421 394 530 448 apud
570 392 731 447 plebem
764 393 1070 445 exercitumque
1095 393 1204 434 facta
1237 393 1316 434 fide
1347 393 1644 436 inmortalitatis

292 457 461 497 lenitum
487 456 550 496 sit.

376 516 525 557 XVH.
568 516 741 557 Patrum
766 517 928 557 interim
954 517 1112 557 animos
1139 527 1347 557 certamen
1371 519 1487 572 regni
1511 533 1557 558 ac
1579 533 1647 558 cu-

290 579 384 633 pido
405 577 608 619 versabat.
651 578 828 618 necdum
848 578 900 618 ad
920 578 1118 632 singulos,
1146 578 1242 631 quia
1260 593 1381 619 nemo
1399 594 1648 634 magnopere

290 640 495 682 eminebat
531 641 575 681 in
611 655 718 681 novo
753 641 925 694 populo,
962 648 1223 695 pervenerat3
1261 640 1508 693 factionibus
1544 642 1649 683 inter

291 702 453 744 ordines
480 702 723 743 certabatur.
768 702 929 743 oriundi
955 701 1006 742 ab
1029 700 1210 751 Sabinis,
1236 717 1300 751 ne,
1327 703 1422 756 quia
1441 712 1535 756 post
1555 703 1647 744 Tati

290 771 462 805 mortem
489 763 541 804 ab
568 779 643 804 sua
666 772 780 818 parte
806 779 888 804 non
913 770 999 804 erat
1023 772 1259 818 regnatum,
1296 764 1338 804 in
1364 765 1557 805 societate
1583 779 1649 806 ac-

289 841 369 880 qua
399 826 705 880 possessionem
734 826 897 880 imperii
928 826 1179 874 amitterent,
1219 826 1282 866 sui
1313 826 1494 880 corporis
1521 827 1647 867 creari

291 902 429 942 regem
454 887 658 937 volebant,
685 887 862 928 Romani
883 895 1042 928 veteres
1066 888 1329 942 peregrinum
1348 902 1488 942 regem
1510 902 1648 941 asper-

247 965 263 989 ;;
292 949 506 990 nabantur.
566 950 609 990 in
644 949 767 990 variis
805 948 1086 990 voluntatibus
1123 949 1286 1003 regnari
1327 956 1465 990 tamen
1506 963 1647 989 omnes

227 2449 264 2477 lt]

227 2633 260 2660 11

293 1011 495 1059 volebant,
522 1010 721 1052 libertatis
746 1010 962 1051 dulcedine
987 1011 1169 1051 nondum
1196 1018 1376 1065 experta.
1432 1011 1554 1051 timor
1578 1011 1648 1051 de-

290 1073 383 1113 inde
408 1083 545 1128 patres
570 1073 756 1121 incessit,
784 1088 835 1113 ne
861 1072 916 1113 cix
928 1073 1068 1112 itatem
1094 1073 1180 1113 sine
1206 1073 1397 1127 imperio,
1425 1073 1648 1113 exercitum

290 1135 376 1175 sine
401 1135 524 1184 duce,
556 1134 778 1175 multarum
803 1134 914 1175 circa
939 1134 1165 1174 eivitatium
1189 1135 1362 1175 inritatis
1389 1135 1554 1183 animis,
1587 1134 1648 1174 vis

289 1196 426 1249 aliqua
456 1204 624 1237 externa
661 1196 899 1236 adoriretur.
955 1204 995 1236 et
1031 1210 1122 1237 esse
1160 1196 1286 1250 igitur
1322 1196 1489 1248 aliquod
1525 1205 1648 1249 caput

290 1257 477 1311 placebat
503 1268 543 1298 et
567 1273 688 1299 nemo
715 1257 830 1298 alteri
854 1257 1078 1298 concedere
1103 1258 1145 1297 in
1170 1258 1354 1298 animuin
1378 1256 1610 1298 inducebat.

374 1319 437 1360 Ita
462 1334 548 1360 rem
578 1320 682 1360 inter
714 1334 756 1360 se
783 1327 948 1360 centum
978 1326 1114 1374 patres
1146 1319 1288 1360 decem
1320 1319 1496 1360 decuriis
1527 1319 1646 1359 factis

291 1381 547 1436 singulisque
572 1382 612 1421 in
640 1381 825 1436 singulas
857 1381 1044 1426 decurias
1070 1382 1235 1430 creatis,
1274 1382 1344 1434 qui
1376 1395 1560 1421 summae
1586 1395 1648 1420 rc-

289 1458 378 1483 rum
414 1452 670 1498 praeessent,
709 1443 958 1484 consociant.
1015 1443 1157 1484 decem
1193 1442 1502 1497 imperitabant,
1540 1457 1647 1482 unus

290 1518 383 1545 cum
408 1505 640 1559 insignibus
665 1505 825 1559 imperii
851 1512 890 1546 et
914 1504 1125 1546 lictoribus
1152 1515 1255 1553 erat,
1282 1505 1463 1558 quinque
1488 1504 1647 1544 dierum

291 1567 422 1620 spatio
453 1566 671 1607 finiebatur
700 1567 918 1620 imperium
950 1581 996 1607 ac
1029 1581 1101 1621 per
1133 1581 1274 1607 omnes
1306 1566 1348 1606 in
1379 1565 1519 1607 orbem
1550 1564 1647 1613 ibat,

289 1642 555 1680 annuumque
586 1628 847 1668 intervallum
878 1629 995 1683 regni
1020 1628 1109 1668 suit.
1164 1629 1206 1668 id
1231 1628 1282 1669 ab
1308 1643 1368 1677 rc,
1407 1627 1518 1680 quod
1542 1641 1649 1667 nunc

289 1703 451 1742 quoque
478 1697 587 1730 tenet
612 1704 775 1738 nomen,
802 1690 1081 1744 interregnum
1108 1689 1370 1744 appellatum.

373 1750 567 1791 Fremere
592 1751 738 1791 deinde
763 1750 900 1805 plebs:
927 1751 1240 1805 multiplicatam
1267 1751 1524 1800 servitutem,
1551 1765 1646 1792 cen-

289 1822 375 1852 tum
400 1827 473 1867 pro
499 1828 580 1853 uno
606 1813 794 1854 dominos
821 1813 970 1862 factos,
1008 1828 1085 1854 nec
1115 1813 1220 1854 ultra
1250 1813 1329 1854 nisi
1359 1827 1512 1868 regem,
1532 1819 1571 1853 et
1596 1812 1648 1853 ab

288 1874 389 1928 ipsis
416 1882 598 1915 creatum
624 1875 869 1915 videbantur
892 1875 1067 1929 passuri.
1118 1889 1212 1916 cum
1239 1874 1466 1916 sensissent
1491 1888 1540 1915 ea
1563 1888 1652 1914 mo-

289 1936 374 1976 veri
398 1944 548 1990 patres,
575 1937 833 1978 offerendum
858 1937 964 1977 ultro
989 1937 1066 1977 rati
1091 1937 1201 1990 quod
1227 1936 1418 1978 amissuri
1442 1942 1568 1985 erant,
1595 1935 1652 1976 ita

288 1998 464 2052 gratiam
488 1999 630 2040 ineunt
655 2014 818 2040 summa
841 2006 1045 2054 potestate
1069 1999 1223 2054 populo
1247 1998 1468 2053 permissa,
1501 2005 1545 2038 ut
1569 2012 1652 2038 non

288 2060 381 2114 plus
407 2060 551 2101 darent
574 2061 673 2102 iuris
700 2076 824 2114 quam
849 2061 1089 2101 detinerent.
1139 2061 1409 2102 decreverunt
1434 2059 1561 2108 enim,
1593 2066 1650 2107 ut,

290 2137 382 2162 cum
407 2123 585 2177 populus
610 2138 752 2178 regem
776 2123 978 2171 iussisset,
1005 2122 1047 2163 id
1073 2123 1131 2163 sic
1155 2130 1290 2163 ratum
1310 2128 1432 2169 esset,
1460 2121 1495 2161 si
1513 2127 1650 2175 patres

289 2192 476 2225 auctores
507 2183 663 2225 fierent.
712 2184 834 2225 hodie
866 2198 1029 2237 quoquc
1061 2184 1103 2224 in
1126 2184 1290 2239 legibus
1322 2181 1652 2238 magistratibus-

288 2260 368 2298 que
393 2246 589 2302 rogandis
615 2254 836 2301 usurpatur
860 2245 969 2286 idem
1000 2246 1064 2286 ius
1092 2245 1131 2286 η’
1162 2246 1371 2300 adempta:
1410 2245 1651 2298 priusquam

290 2307 466 2361 populus
499 2308 744 2363 suffragium
775 2308 902 2356 ineat,
941 2307 983 2347 in
1015 2307 1213 2348 incertum
1239 2307 1498 2348 comitiorum
1530 2319 1652 2346 even-

291 2380 378 2409 tum
403 2378 540 2424 patres
566 2378 753 2412 auctores
780 2370 893 2410 fiunt.

377 2431 485 2472 Tum
510 2433 687 2473 interrex
712 2432 899 2473 contione
921 2431 1120 2472 advocata
1147 2431 1276 2484 ‘quod
1295 2430 1450 2471 bonum
1468 2428 1651 2470 faustum

292 2494 472 2547 felixque
499 2495 548 2535 sit
559 2495 581 2543 ‚’
612 2494 743 2548 inquit
771 2493 992 2546 ‘Qun-stes,
1031 2507 1171 2548 regem
1197 2499 1349 2533 create:
1386 2492 1443 2532 ita
1466 2490 1651 2546 patribus

291 2558 425 2598 visum
451 2567 523 2598 est.
560 2566 698 2613 patres
718 2556 879 2605 deinde,
908 2557 943 2596 si
961 2556 1145 2610 dignum,
1171 2555 1242 2608 qui
1263 2555 1469 2596 secundus
1495 2553 1547 2594 ab
1567 2552 1651 2595 Ro-

293 2619 402 2659 mulo
428 2627 674 2669 numeretur,
703 2618 896 2667 crearitis‚
924 2625 1110 2658 auctores
1137 2617 1261 2658 fient.'
1293 2617 1396 2657 adeo
1422 2615 1464 2656 id
1488 2621 1650 2669 gratum

292 2680 400 2733 plebi
426 2681 520 2729 fuit,
547 2692 608 2730 ut,
642 2697 690 2722 ne
718 2680 813 2721 victi
838 2679 1037 2721 beneficio
1062 2679 1309 2727 viderentur,
1337 2679 1378 2719 id
1403 2676 1524 2717 modo
1550 2674 1650 2715 scis-
