1780 3204
403 196 557 231 LIBER
581 195 691 239 vm,
717 194 748 228 3.
768 193 800 228 4.
829 191 1115 237 [a.o.341.340]
1359 181 1442 222 399

93 302 251 343 sulibus
283 300 472 342 abdicare
503 313 547 340 se
578 299 839 354 magistratu,
877 311 958 351 quo
990 295 1188 336 maturius
1219 295 1316 336 novi
1346 309 1442 335 con—

93 365 203 406 sules
246 364 444 405 adversus
487 367 642 402 tantam
684 361 834 401 molem
870 359 967 400 belli
1004 364 1255 407 crearentur,
1297 357 1442 412 religio

91 427 276 475 incessit,
309 425 360 466 ab
386 425 464 473 eis,
495 438 668 477 quorum
699 422 944 463 inminutum
969 421 1185 475 imperium
1216 426 1343 467 esset,
1376 434 1445 460 eo-

93 488 208 528 mitia
232 487 387 528 haberi.
441 487 578 539 itaque
603 485 880 539 interregnum
905 484 1063 524 initum.
1112 483 1194 524 duo
1219 483 1442 536 interreges

95 550 262 590 fuerunt
302 549 363 590 M.
396 548 586 589 Valerius
629 562 676 588 ae
717 547 779 588 M.
815 546 995 587 Fabius:
1042 544 1247 601 [Fabius]
1293 545 1445 585 creavit

92 612 282 652 consules
319 611 369 651 T.
406 610 612 651 Manlium
649 607 905 662 Torquatum
947 608 1127 657 tertium,
1182 607 1231 648 P.
1261 606 1442 648 Decium

92 673 271 714 BIurem.

175 735 242 775 Eo
267 750 373 776 anno
397 734 682 775 Alexandrum
709 733 825 787 Epiri
849 747 989 787 regem
1014 732 1056 772 in
1080 731 1243 772 Italiam
1269 730 1443 772 classem

92 797 301 851 appulisse
332 804 508 845 constat,
546 796 657 849 quod
687 795 857 844 bellum,
897 795 931 835 si
961 794 1093 848 prima
1124 794 1222 834 satis
1248 808 1446 848 prospera

91 860 285 909 fuissent,
329 860 439 900 haud
475 859 597 900 dubie
634 859 687 899 ad
721 858 932 899 Romanos
975 857 1241 912 pervenisset.
1303 856 1445 897 eadem

94 929 206 962 aetas
242 936 378 962 rerum
414 921 554 975 magni
585 920 814 960 Alexandri
850 927 929 968 est,
974 934 1116 972 quem,
1155 933 1292 959 sorore
1323 918 1445 958 huius

93 990 245 1031 ortum,
272 984 313 1023 in
337 983 416 1023 alio
437 989 568 1023 tractu
587 982 697 1023 orbis
717 982 913 1022 invictum
934 981 1051 1022 bellis
1071 981 1263 1021 iuvenem
1283 980 1447 1020 fortuna

92 1045 235 1086 morbo
261 1046 444 1086 extinxit.

179 1107 374 1148 Ceterum
399 1107 593 1155 Romani,
632 1107 709 1146 etsi
740 1105 915 1146 defectio
948 1105 1153 1145 sociorum
1184 1104 1445 1156 nominisque

92 1169 234 1210 Latini
258 1169 367 1209 haud
393 1168 518 1209 dubia
542 1175 644 1217 erat,
673 1175 827 1216 tamen,
860 1174 1070 1219 tamquam
1096 1166 1147 1206 de
1174 1164 1444 1214 Samnitibus,

91 1246 173 1271 non
209 1231 259 1271 de
296 1246 340 1271 se
376 1245 514 1271 euram
551 1236 736 1285 agerent,
779 1229 922 1269 decem
958 1228 1164 1282 principes
1199 1228 1447 1268 Latinorum

90 1293 269 1332 Romam
311 1299 603 1340 evocaverunt,
652 1291 802 1344 quibus
845 1291 1093 1345 imperarent
1134 1304 1239 1343 quae
1282 1289 1445 1330 vellent.

90 1360 298 1408 praetores
325 1360 409 1393 tum
436 1353 539 1394 duos
560 1354 731 1394 Latium
756 1352 952 1402 habebat,
980 1353 1032 1393 L.
1048 1352 1234 1392 Annium
1258 1351 1446 1393 Setinum

91 1422 131 1456 et
155 1416 208 1456 L.
229 1415 464 1456 Numisium
491 1415 800 1464 Cerceiensem,
828 1414 949 1456 ambo
975 1429 1027 1455 ex
1052 1414 1207 1455 colonis
1232 1414 1446 1455 Romanis.

90 1492 164 1532 per
192 1492 295 1531 quos
326 1485 487 1532 praeter
519 1476 709 1533 Signiam
734 1478 1013 1531 Velitrasque,
1053 1485 1091 1518 et
1121 1477 1233 1532 ipsas
1265 1477 1447 1518 colonias

93 1539 320 1588 Romanas,
347 1539 491 1581 Volsci
516 1541 639 1581 etiam
665 1540 787 1581 exciti
812 1540 865 1581 ad
890 1555 1003 1580 arma
1028 1546 1154 1580 erant.
1216 1553 1286 1580 eos
1317 1538 1448 1579 nomi-

92 1602 219 1642 natim
245 1602 407 1642 evocari
430 1602 596 1656 placuit.
649 1602 747 1643 haut
774 1602 965 1655 cuiquam
991 1601 1163 1642 dubium
1189 1607 1292 1650 erat,
1325 1615 1449 1654 super

91 1677 174 1716 qua
203 1679 246 1704 re
278 1664 516 1704 aecirentur.
565 1665 702 1718 itaque
733 1664 904 1705 coneilio
936 1664 1048 1718 prius
1074 1663 1214 1705 habito
1239 1669 1447 1717 praetores

92 1739 217 1778 quam
242 1726 419 1766 Romam
444 1726 809 1780 proficiscerentur,
843 1732 1033 1766 evocatos
1060 1740 1104 1766 se
1129 1724 1180 1765 ab
1207 1731 1351 1765 senatu
1376 1724 1448 1764 do-

94 1794 187 1828 cent
211 1787 401 1828 Romano
427 1796 465 1827 et
490 1802 595 1840 quae
620 1796 756 1828 aetum
782 1788 829 1828 iri
861 1802 1003 1828 seeum
1033 1787 1217 1836 credant,
1250 1786 1447 1840 quidnam

95 1849 219 1903 adea
244 1849 481 1903 responderi
507 1849 666 1903 placeat
690 1849 884 1889 referunt.

179 1911 284 1951 IIII.
335 1910 443 1951 Cum
469 1911 579 1951 aliud
604 1911 672 1951 alii
698 1917 928 1960 censerent,
955 1916 1042 1950 tum
1067 1909 1251 1951 Annius:
1286 1913 1447 1963 ‘quam-

95 1987 220 2026 quam
254 1973 344 2027 ipse
380 1988 457 2027 ego
488 1973 642 2022 rettuli,
680 1973 778 2026 quid
806 1973 1047 2027 responderi
1075 1972 1273 2026 placeret,
1311 1980 1450 2013 tamen

96 2035 230 2090 magis
267 2035 319 2075 ad
356 2050 559 2076 summam
595 2049 731 2076 rerum
767 2042 999 2076 nostrarum
1029 2034 1231 2088 pertinere
1263 2033 1447 2083 arbitror,

95 2097 195 2150 quid
231 2097 437 2152 agendum
472 2097 590 2138 nobis
627 2112 749 2150 quam
787 2098 886 2150 quid
920 2097 1172 2150 loquendum
1205 2097 1268 2137 sit.
1328 2096 1448 2147 facile

96 2160 171 2199 erit
202 2160 413 2213 explicatis
446 2159 624 2200 consiliis
657 2160 965 2200 accommodare
996 2159 1118 2200 rebus
1155 2159 1293 2200 verba.
1353 2174 1448 2200 nam

98 2221 133 2261 si
163 2221 285 2261 etiam
316 2235 425 2261 nunc
457 2220 532 2261 sub
566 2220 711 2262 umbra
741 2222 918 2262 foederis
950 2221 1070 2275 aequi
1102 2221 1339 2261 servitutem
1364 2222 1449 2276 pati

97 2282 323 2337 possimus,
357 2283 456 2335 quid
480 2282 613 2331 abest,
645 2283 742 2336 quin
768 2284 937 2338 proditis
966 2282 1159 2324 Sidicinis
1190 2298 1272 2323 non
1296 2283 1450 2324 Roma-

97 2359 243 2384 norum
281 2344 431 2393 solum,
476 2345 549 2385 sed
587 2344 835 2386 Samnitium
871 2360 1035 2399 quoque
1078 2345 1186 2385 dicto
1228 2360 1446 2399 pareamus

98 2406 503 2460 respondeamusque
527 2406 744 2455 Romanis,
777 2422 870 2457 nos,
896 2407 968 2448 ubi
992 2406 1214 2457 innuerint,
1240 2408 1446 2462 posituros

1474 868 1489 896 *1

1476 1614 1516 1642 10

1475 2171 1493 2200 10

98 2468 236 2508 arma?
274 2468 337 2508 sin
367 2475 504 2508 autem
535 2469 700 2509 tandem
730 2469 927 2510 libertatis
959 2470 1207 2510 desiderium
1243 2470 1447 2510 remordet
1473 2484 1491 2513 3

98 2530 274 2579 animos,
308 2531 342 2571 si
367 2530 513 2572 foedus
539 2539 617 2580 est,
650 2531 684 2572 si
716 2532 908 2581 societas,
947 2532 1135 2585 aequatio
1165 2532 1264 2573 iuris
1296 2539 1375 2581 est,
1414 2533 1449 2573 si

98 2593 426 2648 consanguineos
452 2608 526 2635 nos
552 2594 833 2635 Romanorum
859 2609 968 2644 esse,
995 2595 1105 2648 quod
1131 2594 1228 2635 olim
1252 2595 1445 2649 pudebat,

98 2669 207 2695 nunc
236 2655 401 2710 gloriari
433 2655 544 2706 licet,
584 2656 619 2697 si
650 2656 811 2698 socialis
842 2657 922 2698 illis
954 2657 1155 2698 exereitus
1181 2657 1217 2697 is
1249 2664 1328 2707 est,
1365 2672 1446 2712 quo
