1890 3303
243 267 346 296 XXX

743 269 793 293 DE
820 268 908 292 vrrA
933 267 984 293 Ac
1010 267 1172 294 SCRIP'I'IS

242 345 324 388 ipso
343 341 382 376 C.
399 341 494 376 Iulio
515 341 734 375 Caesarem
748 339 857 382 dixit,
888 339 949 373 de·
978 350 1094 383 opera
1119 340 1318 375 continuae
1348 352 1469 376 rerum
1500 347 1689 387 gestarum

241 391 460 429 monstrant,
477 386 568 420 satis
588 385 708 418 libera
725 383 856 427 lingua
870 394 952 417 cum

241 434 405 467 locutum
431 441 533 472 esse3
569 439 639 462 nec
665 428 710 470 ei,
743 428 807 471 qui
833 429 951 461 ‘num-

242 488 351 522 quam
365 475 436 509 nisi
455 472 830 508 honorificentissime
844 473 952 506 Pom-

240 522 363 565 peium
383 518 628 563 appellat,‘2l5
642 517 731 551 vitio
751 521 952 560 vertemus,

243 566 273 599 si
288 564 424 599 debitis
440 563 614 597 laudibus
623 562 733 597 etiam
741 561 951 606 Augustum

241 609 445 654 principem
458 612 571 652 atque
588 607 745 641 amicum
758 607 951 652 prosequi-

240 661 317 697 tur,
343 665 367 688 a
380 664 452 698 quo
475 655 580 697 ‘post
593 653 732 686 bellum
746 652 952 686 Actiacum'

239 711 312 744 pax
340 702 459 732 ‘terra
479 697 645 742 marique
664 697 789 741 parta’
810 700 952 740 erat‚216

242 743 483 788 ‘templorum
519 742 682 776 omnium
721 742 951 777 conditorem

241 793 305 823 aut
317 788 594 822 restitutorem*
603 790 652 814 *21⁷

284 833 368 867 Hae
393 844 481 867 vero
507 833 639 867 laudes
660 836 760 866 certe
783 831 950 867 sincerae

241 882 365 912 erant:
391 889 478 912 nam
490 877 639 921 Livius,
666 877 722 911 vir
741 888 763 911 a
781 877 950 921 partibus

238 923 468 968 reipublicae
495 922 656 965 alienus,
694 922 812 956 literis
838 926 949 967 atque

239 969 315 1002 otio
353 968 518 1011 deditus,
557 967 827 1001 discordiarum
866 967 951 1000 civi-

239 1014 328 1047 lium
348 1012 458 1047 finem
477 1013 578 1046 haud
602 1012 723 1046 minus
751 1016 949 1056 exoptasse

240 1059 448 1093 censendus
475 1062 533 1092 est
558 1069 668 1102 quam
687 1058 837 1102 templis
864 1068 950 1091 con-

240 1104 326 1138 ditis
341 1108 378 1138 et
392 1102 572 1137 restitutis
592 1103 754 1137 laetatus
775 1113 857 1136 esse
871 1106 950 1136 tan-

240 1159 351 1194 quam
370 1148 559 1182 luculento
581 1153 693 1193 atque
715 1147 861 1183 efficaci
874 1147 948 1192 pie·

239 1193 327 1228 tatis
359 1204 450 1238 erga
489 1193 579 1227 deos
616 1192 806 1227 redeuntis
839 1193 950 1226 docu-

238 1242 375 1273 mento.
424 1242 504 1272 erat
529 1238 626 1272 enim
644 1237 700 1271 vir
719 1238 884 1282 priscae,
909 1242 951 1271 ut

239 1284 354 1318 verbo
373 1282 587 1328 Apuleiano
613 1283 667 1316 uti
692 1283 822 1325 liceat,
851 1282 949 1317 ‘reli-

239 1328 514 1372 giositatis,'21S
539 1328 698 1372 simplici
725 1328 886 1373 quadam
905 1339 949 1362 ae

239 1373 366 1408 nativa
378 1374 519 1419 pietate
532 1373 725 1417 praeditus
735 1400 743 1416 ,
764 1378 805 1406 ut
819 1373 948 1408 eadem

240 1423 382 1462 aetate,
420 1429 494 1463 qua
523 1418 694 1463 plerique
727 1422 816 1452 san'e
846 1418 950 1461 parci

241 1464 395 1498 deorum
426 1463 589 1498 cultores
622 1467 748 1497 essent
773 1467 810 1497 et
839 1462 950 1497 infre-

240 1513 411 1554 quentes,
432 1508 611 1542 maiorum
626 1519 716 1553 erga
736 1508 827 1542 deos
846 1518 948 1542 reve-

239 1554 396 1588 rentiam
411 1553 482 1598 piis
497 1553 671 1588 laudibus
691 1553 951 1596 extolleret,21⁹

238 1599 298 1633 vel
310 1598 567 1643 prodigiorum
580 1598 732 1632 sedulus
743 1603 949 1641 enarrator,

239 1643 406 1689 quamvis
433 1655 456 1678 a
479 1654 596 1687 prava
620 1643 803 1688 religione
829 1654 874 1677 ae
893 1654 950 1677 su-

238 1688 459 1734 perstitione
473 1689 551 1722 fere
566 1688 780 1722 alienus-220

282 1733 368 1768 Hoc
392 1744 480 1768 vero
515 1733 732 1777 ‘praecipue
762 1732 801 1766 in
827 1732 951 1777 cogni-

238 1779 339 1813 tione
354 1789 475 1812 rerum
490 1778 640 1812 salubre
655 1789 699 1812 ac
719 1777 950 1822 frugiferum'

238 1824 273 1858 ei
293 1835 374 1858 esse
388 1823 545 1867 videtur,
572 1823 709 1857 ‘omnis
734 1827 771 1857 te
792 1823 951 1867 exempli

239 1869 466 1903 documenta
490 1869 528 1902 in
553 1868 701 1902 inlustri
725 1868 851 1912 posita
875 1879 951 1901 mo-

238 1918 415 1948 numento
447 1913 601 1948 intueri:
632 1913 737 1947 inde’
774 1913 949 1958 inquit221

239 1959 319 1993 ‘tibi
334 1959 435 2004 quod
448 1958 592 1993 imitere
608 1958 747 2003 capias,
769 1958 856 1993 inde
870 1958 948 1993 foe-

239 2004 326 2038 dum
352 2005 520 2048 inceptu,
547 2003 698 2038 foedum
724 2003 824 2038 exitu
850 2004 950 2049 quod

238 2049 354 2084 vites!
404 2049 571 2094 quamvis
602 2048 717 2094 igitur
746 2060 830 2083 raro
864 2049 951 2083 data

272 2143 321 2166 ‘214
340 2141 405 2165 Sen.
426 2143 483 2165 nat.
503 2143 611 2171 quaest.
625 2141 659 2169 V,
674 2141 716 2169 18,
731 2141 756 2170 4,
782 2141 847 2165 Liv.
868 2141 900 2165 sr.

237 2176 285 2199 8οῑ
300 2175 368 2199 Drb.
384 2176 416 2199 fr.
431 2175 463 2199 48
477 2182 504 2205 p.
520 2175 595 2198 XIII.
610 2174 714 2198 Wssb.:
731 2175 816 2205 ‘quod
831 2175 864 2198 de
879 2174 950 2199 Cae-

238 2216 299 2234 sare
318 2210 424 2233 maiore
444 2208 530 2238 vulgo
549 2208 710 2232 dictitatum
729 2212 771 2233 est
791 2212 819 2232 et
837 2215 853 2231 a
866 2208 949 2232 Livio

238 2244 372 2274 positum,
393 2243 421 2266 in
436 2243 544 2266 incerto
559 2248 632 2270 esse,
653 2246 746 2266 utrum
766 2242 844 2266 illum
859 2243 949 2271 magis

239 2277 316 2301 nasci
340 2276 512 2307 reipublicae
543 2276 681 2307 profuerit
710 2282 746 2299 an
777 2282 834 2300 non
859 2276 947 2305 nasci,

238 2310 292 2335 dici
307 2311 391 2334 etiam
406 2310 440 2334 de
453 2310 547 2334 ventis
560 2309 673 2341 potest.'

271 2345 320 2369 215
339 2348 405 2368 sunt
418 2343 503 2368 verba
517 2342 663 2368 Ciceronis
682 2342 716 2367 ad
735 2343 801 2367 fam.
815 2343 864 2372 VI,
879 2344 903 2373 6,
918 2344 950 2368 10

238 2378 272 2402 dc
287 2378 407 2402 Caesare
421 2378 574 2408 loquentis.

273 2413 323 2436 216
342 2412 365 2439 1.
380 2412 421 2439 19,
437 2412 463 2435 3.

273 2447 321 2470 217
340 2446 404 2474 1111,
418 2446 460 2474 20,
476 2446 501 2470 7.

272 2480 321 2504 218
341 2480 376 2504 cf.
390 2480 547 2511 Queckium
561 2477 694 2509 nain-riae
707 2485 756 2503 zm·
767 2477 950 2504 Chnrakleri-

239 2512 297 2539 stik
311 2512 360 2538 des
374 2512 472 2539 Livius
485 2514 531 2543 (1).
552 2513 739 2537 Sondershus.
755 2513 830 2537 1347.
851 2512 885 2536 de
904 2519 950 2537 su-

238 2548 404 2579 perstitione
428 2547 504 2571 Livii
536 2554 620 2577 saepe
651 2547 718 2570 olim
744 2547 772 2571 in
804 2550 948 2577 utramque

239 2584 345 2611 partem
366 2581 539 2612 disputatum
565 2584 608 2605 est
632 2588 659 2604 v.
680 2587 750 2610 quos
770 2581 790 2605 l.
812 2580 949 2604 Baehrius

238 2615 304 2639 hist.
319 2615 361 2639 lit.
375 2615 439 2639 Lat.
455 2615 478 2645 ξ.
493 2616 542 2639 220
556 2622 584 2639 n.
598 2616 640 2643 26,
654 2614 690 2641 Π,
707 2615 755 2638 100
769 2614 813 2638 ed.
827 2617 892 2638 tert.

979 384 1088 418 seriei
1107 389 1172 418 aut
1190 385 1327 419 iudicia
1347 397 1415 420 sua
1434 387 1479 421 de
1499 387 1687 422 hominum

977 439 1173 474 rerumque
1215 430 1337 473 pretio
1380 434 1445 464 aut
1484 439 1688 476 praecepta

979 484 1280 525 communesque,
1296 474 1359 519 qui
1372 481 1566 519 vocantur,
1584 477 1688 511 locos

977 523 1195 562 immisceat,
1221 524 1346 553 tamen
1365 530 1447 553 cum
1465 520 1583 564 ipsius
1606 533 1689 555 nar-

977 563 1133 597 rationis
1158 564 1283 598 colore
1297 564 1503 610 habituque
1517 570 1595 599 tum
1608 577 1687 600 ora-

977 608 1143 643 tionibus
1186 609 1336 642 insertis
1372 609 1425 643 ita
1467 610 1689 645 sententiam

979 665 1082 688 suam
1107 654 1306 698 patefacit,
1342 659 1384 688 ut
1407 654 1510 688 facili
1535 656 1688 700 negotio

978 698 1232 743 dignoscatur,
1249 710 1343 744 quae
1356 699 1488 743 pulcra
1501 699 1687 745 bonaque,

978 754 1073 788 quae
1093 755 1208 788 prava
1228 755 1272 778 ac
1291 744 1404 778 foeda
1422 744 1494 789 ipsi
1507 744 1589 779 visa
1602 746 1687 788 sint,

978 799 1073 834 quae
1105 789 1326 834 aequalibus
1356 786 1553 834 imitanda,
1593 801 1688 835 quae

979 835 1189 878 spernenda
1203 845 1284 868 esse
1300 839 1464 869 censeat.

1023 878 1126 920 Quae
1147 879 1271 914 omnia
1295 880 1444 924 longius
1465 889 1687 922 enarrarem,

976 923 1048 957 nisi
1080 934 1161 958 cum
1191 923 1285 958 fines
1316 924 1425 958 huius
1459 924 1688 969 prolusionis

978 969 1171 1003 coartandi
1219 980 1303 1003 esse
1349 969 1564 1003 viderentur
1604 970 1688 1013 ipsa

977 1014 1248 1048 emendationis
1267 1014 1525 1056 fundamenta,
1553 1014 1687 1058 quibus

977 1063 1013 1093 et
1027 1058 1122 1093 haec
1137 1059 1250 1092 editio
1265 1063 1302 1093 et
1317 1059 1421 1092 crisis
1435 1058 1595 1093 Liviana
1608 1059 1686 1092 uni-

976 1114 1084 1138 versa
1104 1103 1252 1147 nititur,
1277 1114 1345 1147 pro
1361 1104 1483 1147 operis
1502 1103 1687 1148 propositi

975 1148 1121 1183 ratione
1140 1149 1254 1193 paulo
1275 1148 1491 1193 diligentius
1523 1149 1683 1193 explica-

976 1198 1077 1237 turo,
1105 1197 1183 1227 tum
1196 1204 1445 1239 unaquaeque
1465 1193 1546 1228 sere
1561 1194 1684 1237 operis

976 1238 1123 1273 Liviani
1148 1238 1287 1283 pagina
1313 1239 1535 1273 documenta
1559 1249 1687 1272 eorum

975 1284 1182 1328 praeberet.
1220 1283 1355 1328 quodsi
1369 1294 1455 1318 vero
1477 1294 1572 1328 quae
1598 1284 1686 1318 huc-

976 1340 1094 1373 usque
1126 1328 1317 1373 disputata
1349 1332 1435 1362 sunt
1471 1339 1546 1362 uuo
1580 1329 1686 1374 quasi

977 1374 1109 1408 obtutu
1124 1373 1242 1407 oculis
1258 1373 1471 1415 subicimus,
1493 1384 1568 1407 non
1583 1373 1687 1407 dubi-

975 1418 1136 1453 tabimus
1151 1418 1348 1455 affirmare.
1369 1418 1514 1451 Livium
1530 1418 1686 1452 annales

975 1464 1131 1508 priscos,
1146 1464 1232 1498 inde
1247 1475 1269 1498 a
1284 1463 1454 1504 Q.Fabio
1463 1463 1613 1497 Pictore
1627 1474 1686 1496 us—

977 1520 1047 1554 que
1068 1509 1116 1543 ad
1136 1512 1296 1543 aetatem
1316 1508 1506 1542 Sullanam
1532 1519 1614 1542 sese
1633 1508 1686 1542 in—

975 1554 1091 1588 vicem
1106 1554 1184 1588 fere
1199 1553 1439 1597 excipientes,
1454 1564 1529 1587 non
1543 1557 1687 1587 tantum

976 1599 1076 1633 ‘dias
1102 1599 1140 1632 in
1171 1599 1318 1632 luminis
1349 1599 1451 1632 oras'
1481 1598 1685 1641 reduxisse,

977 1644 1042 1678 sed
1057 1644 1192 1686 ethico,
1206 1649 1248 1677 ut
1260 1643 1312 1677 ita
1327 1643 1458 1686 dicam,
1468 1643 1685 1678 fundamen-

976 1694 1013 1722 to
1042 1689 1257 1723 substructo
1288 1688 1431 1722 ieiunas
1456 1687 1541 1722 illas
1573 1692 1686 1732 atque

976 1734 1183 1778 incomptas
1196 1744 1318 1768 rerum
1333 1744 1354 1767 a
1367 1733 1546 1767 Romanis
1565 1739 1686 1778 gesta-

975 1790 1055 1812 rum
1092 1778 1387 1813 enumerationes
1417 1778 1543 1822 potius
1577 1789 1687 1823 quam

976 1823 1232 1858 enarrationes
1270 1823 1441 1857 omnibus
1477 1823 1566 1856 artis
1599 1824 1686 1857 scri-

976 1868 1089 1903 bendi
1109 1879 1153 1902 ac
1172 1867 1351 1903 sermonis
1369 1867 1517 1901 interim
1537 1868 1688 1902 adaucti

975 1913 1200 1959 purgatique
1248 1912 1503 1946 instrumentis
1559 1913 1686 1947 dextre

976 1969 1172 2004 gnaveque
1199 1957 1378 1992 adhibitis
1403 1957 1554 1992 ‘laetas'
1573 1962 1686 2004 atque

977 2004 1237 2038 ‘amabiles’m
1263 2002 1481 2038 reddidisse.
1529 2014 1600 2038 nec
1624 2003 1685 2038 de-

975 2049 1046 2083 fuit
1057 2049 1143 2094 piae
1158 2053 1407 2093 strenuaeque
1428 2059 1563 2092 operae
1578 2059 1686 2083 even—

975 2099 1046 2128 tus.
1094 2105 1180 2128 nam
1205 2093 1350 2128 etiamsi
1375 2093 1532 2126 maxima
1563 2093 1686 2137 operis

922 2148 949 2172 p·
975 2139 1143 2173 immensi
1155 2149 1244 2183 pars
1257 2138 1379 2182 periit,
1394 2137 1582 2182 hodieque
1597 2138 1686 2172 duo-

976 2185 1046 2218 bus
1062 2183 1140 2217 fere
1161 2194 1341 2217 annorum
1359 2182 1508 2216 milibus
1523 2186 1687 2226 praeter-

975 2228 1090 2273 lapsis
1122 2228 1270 2271 Livius,
1309 2232 1492 2272 quatenus
1530 2227 1687 2262 disiecta

975 2273 1052 2307 eius
1067 2273 1231 2307 membra
1246 2277 1392 2307 servata
1408 2276 1589 2315 sunt,non
1604 2277 1685 2306 tan-

974 2323 1067 2357 tum,
1093 2318 1131 2352 id
1157 2318 1257 2363 quod
1278 2317 1603 2358 Quintilianumm
1628 2329 1686 2352 ae-

976 2363 1148 2408 qualibus
1176 2363 1251 2396 suis
1284 2363 1564 2396 commendasse
1595 2362 1686 2396 vidi-

975 2420 1066 2452 mus,
1077 2413 1264 2453 tamquam
1274 2406 1559 2442 candidissimus
1569 2411 1686 2442 etma-

975 2454 1068 2487 xime
1083 2453 1275 2498 expositus
1290 2464 1312 2487 a
1350 2452 1448 2487 ueris
1462 2452 1609 2497 legitur,
1620 2453 1686 2487 sed

975 2498 1147 2532 omnibus
1177 2509 1299 2532 rerum
1362 2508 1577 2531 omanarum
1608 2497 1685 2532 sive

976 2543 1152 2577 studiosis
1167 2543 1243 2577 sive
1263 2542 1391 2587 peritis
1412 2542 1626 2577 deliciarum
1641 2553 1684 2576 ac

976 2588 1182 2623 studiorum
1206 2587 1349 2622 fontem
1373 2587 1532 2632 praebet
1554 2597 1683 2631 percn-

272 2649 321 2673 219
340 2649 376 2672 cf.
396 2649 534 2679 imprimis
553 2649 584 2673 11.
603 2655 619 2673 a
638 2648 774 2673 Soeltelio
792 2648 811 2672 l.
831 2655 856 2672 c.
876 2655 904 2679 p.
919 2649 950 2672 14
976 2645 1058 2668 Hem
1073 2638 1184 2678 atque
1197 2633 1468 2667 inexhaustum.

239 2682 374 2740 δῃὲΊ-Ξὸῗ.
398 2715 482 2740 modo
507 2716 534 2744 1,
556 2717 604 2745 31,
625 2717 640 2741 e
664 2715 784 2745 xxx-11,
805 2716 852 2744 23,
872 2716 887 2740 2
913 2715 949 2740 cs.

239 2749 356 2777 xxnn,
372 2750 453 2774 10.G.

273 2784 319 2807 221
341 2783 428 2813 praes.
443 2782 466 2813 ξ.
480 2783 520 2806 10.

1009 2749 1058 2772 222
1077 2748 1160 2771 Lucr.
1175 2747 1197 2775 1,
1212 2748 1243 2771 22
1258 2753 1298 2778 sq.

1009 2782 1058 2806 223
1077 2782 1095 2805 l.
1109 2787 1174 2805 ann.
1190 2781 1238 2805 105
1252 2780 1269 2803 Ι.
