1780 3204
441 243 596 278 LIBER
619 243 674 288 X,
702 241 826 277 13.14.
855 240 1144 286 [a.0.298.297]
1392 230 1475 273 507

115 348 317 403 increpari
337 347 602 402 magistratus
619 345 880 396 Samnitium,
900 345 1011 400 quod
1030 345 1255 386 exereitum
1275 344 1476 386 adversus

116 411 337 451 Lucanum
361 410 522 451 hostem
548 416 814 464 conparatum
839 408 1063 451 obiecerint
1086 408 1305 457 Romanis3
1337 408 1476 461 itaque

118 473 202 514 suis
230 473 517 526 sociorumque
542 472 697 513 viribus
724 486 972 527 consurgere
996 470 1137 512 hostes
1164 471 1218 512 ad
1242 470 1409 520 bellum,
1438 477 1478 511 et

117 535 438 588 haudquaquam
461 534 550 589 pari
576 534 888 590 defungendum
913 548 1004 574 esse
1030 527 1287 582 certamine.)
1307 533 1374 573 hic
1398 539 1475 574 ter-

118 612 323 646 ror,-cum
347 597 539 637 inlustres
565 596 641 637 viri
667 597 925 638 consulatum
950 601 1153 650 peterent,
1187 609 1329 636 omnes
1354 595 1397 636 in
1423 594 1475 647 Q.

119 658 297 699 Fabium
321 658 556 699 Maximum
579 658 711 713 primo
736 674 820 700 non
848 664 1075 713 petentem,
1102 657 1268 707 deinde,
1296 663 1339 697 ut
1363 656 1478 697 incli-

119 728 215 761 nata
253 721 389 761 studia
425 720 543 769 vidit,
582 720 705 761 etiam
739 727 1000 761 recusantem
1031 720 1242 760 convertit.
1298 719 1397 772 quid
1434 733 1477 760 se

119 783 201 823 iam
228 797 368 823 senem
394 797 441 823 ac
465 782 727 837 perfunctum
752 782 961 824 laboribus
987 782 1256 835 laborumque
1282 781 1476 836 praemiis

122 845 416 885 sollicitarent?
450 859 526 885 1100
563 845 743 898 corporis
779 859 855 885 nee
892 844 1017 885 animi
1046 845 1232 899 vigorem
1267 857 1478 884 remanere

123 906 317 956 eundem,
351 912 391 947 et
420 906 627 947 fortunam
652 906 786 960 ipsam
811 906 959 955 vereri,
992 920 1042 946 ne
1069 906 1134 947 0111
1159 906 1329 947 deorum
1354 905 1480 945 nimia

119 968 202 1009 iam
226 968 268 1008 in
294 983 337 1009 se
363 974 403 1009 et
428 968 689 1017 constantior,
711 983 835 1021 quam
860 968 986 1009 velint
1010 968 1215 1008 humanae
1239 982 1318 1017 res,
1343 967 1480 1007 videa-

121 1038 196 1070 tur.
247 1036 286 1070 et
311 1045 354 1071 se
380 1030 534 1085 gloriae
560 1030 768 1071 seniorum
794 1029 1072 1079 subcrevisse,
1105 1036 1144 1070 et
1171 1030 1223 1070 ad
1248 1044 1364 1070 suam
1390 1029 1479 1083 glo-

119 1092 223 1132 riam
260 1098 556 1147 consurgentes
594 1092 694 1133 alios
736 1092 888 1132 laetum
932 1091 1128 1146 aspicere.
1188 1106 1264 1131 nee
1299 1091 1476 1132 honores

120 1169 294 1208 magnos
336 1154 570 1194 fortissimis
613 1153 710 1194 viris
747 1153 905 1194 Romae
948 1167 1025 1193 nee
1066 1152 1290 1193 honoribus
1334 1152 1479 1192 deesse

120 1215 246 1256 fortes
279 1216 400 1256 viros.
451 1215 623 1256 acuebat
652 1214 730 1255 hac
760 1215 1039 1256 moderatione
1071 1221 1154 1254 tam
1185 1214 1293 1254 iusta
1325 1214 1478 1262 studia3

121 1293 225 1331 quae
251 1277 497 1318 verecundia
521 1277 661 1331 legum
686 1277 981 1332 restinguenda
1005 1283 1132 1325 ratus,
1159 1276 1295 1331 legem
1319 1275 1480 1316 recitari

120 1340 257 1388 iussit,
298 1353 380 1392 qua
415 1338 521 1378 intra
557 1339 701 1379 (1000111
738 1354 866 1379 annos
905 1338 1082 1379 eundem
1119 1338 1331 1379 consulem
1368 1338 1480 1378 refici

119 1416 203 1441 non
227 1400 380 1440 liceret.
430 1399 500 1440 vix
530 1415 627 1454 prae
661 1400 833 1455 strepitu
864 1401 1003 1441 audita
1033 1400 1100 1441 lex
1132 1406 1212 1450 est,
1246 1399 1479 1453 tribunique

119 1461 251 1517 plebis
277 1461 378 1502 nihil
402 1462 445 1502 id
474 1462 742 1517 inpedimenti
767 1463 951 1503 futurum
978 1462 1160 1504 aiebant:
1200 1477 1242 1503 se
1269 1463 1321 1503 ad
1351 1477 1482 1516 popu-

121 1525 206 1565 lum
243 1524 417 1574 laturos,
455 1525 515 1565 uti
551 1525 713 1580 legibus
752 1525 1023 1569 solveretui·.t
1058 1535 1097 1566 et
1133 1525 1199 1565 ille
1237 1525 1404 1578 quidem
1440 1524 1482 1563 in

119 1587 347 1628 recusando
372 1587 599 1641 perstabat,
632 1588 731 1640 quid
762 1602 860 1642 ergo
886 1588 1075 1628 attineret
1106 1587 1220 1642 leges
1251 1587 1348 1627 ferri
1372 1587 1483 1641 rogi-

120 1657 229 1697 tans,
263 1648 414 1702 quibus
444 1663 518 1703 per
549 1650 717 1690 eosdem
748 1650 817 1703 qui
849 1649 1039 1690 tulissent
1069 1649 1183 1689 fraus
1214 1649 1353 1689 fieret?
1399 1648 1483 1689 iam

119 1711 209 1765 regi
233 1710 360 1765 leges,
381 1725 463 1750 non
481 1726 635 1765 regere.
674 1711 850 1765 populus
877 1710 1002 1752 nihilo
1022 1711 1156 1751 minus
1185 1710 1383 1765 suffragia
1407 1709 1484 1750 ini-

121 1773 208 1821 bat,
242 1778 281 1812 et
312 1778 355 1812 ut
386 1786 573 1825 quaeque
604 1772 710 1813 intro
741 1779 888 1813 vocata
919 1778 1003 1813 erat
1035 1773 1236 1821 centuria,
1269 1772 1481 1813 consulem

121 1835 233 1875 haud
258 1834 382 1874 dubie
406 1833 585 1875 Fabium
611 1834 817 1880 dicebat]
836 1842 922 1875 tum
949 1835 1114 1875 demum
1147 1850 1353 1876 consensu
1383 1835 1482 1875 civi-

123 1897 216 1937 tatis
242 1896 394 1937 victus:
429 1896 513 1936 ‘dei
538 1896 783 1951 adprobent'
808 1897 940 1950 inquit
967 1901 977 1919 ·‘
987 1898 1096 1950 quod
1122 1897 1243 1952 agitis
1271 1898 1481 1950 acturique

123 1959 234 2007 estis,
257 1958 453 2011 Quirites.
497 1966 689 2009 ceterum,
717 1959 911 2012 quoniam
936 1960 977 1999 in
1002 1974 1080 2008 me,
1108 1960 1219 2013 quod
1243 1975 1317 2001 vos
1342 1960 1480 2008 vultis,

122 2021 271 2061 facturi
297 2020 415 2070 estis,
447 2020 489 2060 111
515 2021 672 2076 collega
699 2021 750 2062 sit
775 2036 890 2062 meae
923 2022 1035 2076 apud
1066 2037 1140 2063 vos
1166 2023 1322 2077 gratiae
1347 2022 1480 2063 locus:

122 2083 170 2124 P.
185 2083 378 2132 Decium,
396 2089 611 2137 expertum
631 2083 731 2123 mihi
751 2084 941 2125 concordi
962 2083 1135 2139 collegio
1148 2084 1294 2133 virum,
1310 2084 1481 2139 dignum

122 2145 260 2194 vobis,
288 2146 460 2200 dignum
485 2153 653 2199 parente
680 2160 773 2195 suo,
801 2160 954 2199 quaeso
985 2161 1146 2186 mecum
1178 2146 1390 2187 consulem
1421 2146 1483 2186 fa-

123 2207 264 2247 ciatis?
301 2207 409 2248 iusta
435 2207 676 2262 suffragatio
696 2207 797 2248 visa.
836 2222 978 2249 omnes
999 2222 1103 2261 quae
1131 2214 1370 2263 supererant
1389 2223 1483 2249 cen-

124 2269 252 2310 turiae
280 2268 332 2322 Q.
352 2269 543 2319 Fabium,
569 2269 618 2310 P.
638 2269 818 2310 Decium
846 2270 1037 2311 eonsules
1063 2270 1214 2311 dixere.

207 2330 273 2372 Eo
299 2346 405 2372 anno
435 2331 643 2386 plerisque
675 2332 761 2373 (lies
793 2332 901 2373 dicta
927 2332 978 2373 ab
1009 2332 1229 2382 aedilibus,
1262 2332 1359 2386 quia
1387 2332 1480 2387 plus

124 2408 248 2447 quam
274 2393 385 2446 quod
415 2393 507 2448 lege
532 2394 692 2434 finitum
718 2400 803 2435 erat
829 2395 917 2450 agri
947 2394 1216 2449 possiderent.
1264 2409 1341 2435 nee
1371 2394 1484 2447 quis-

125 2470 249 2509 quam
275 2455 403 2496 ferme
430 2463 492 2496 est
516 2462 736 2511 purgatus,
762 2457 1055 2510 vinculumque
1080 2456 1227 2512 ingens
1252 2457 1482 2498 inmodicae

126 2517 359 2571 cupiditatis
386 2517 581 2558 iniectum
608 2524 682 2558 est.

203 2578 357 2619 XIIII.
398 2578 603 2620 Consules
629 2580 724 2621 novi
751 2579 802 2632 Q.
818 2579 974 2621 Fabius
988 2579 1200 2621 Maximus
1227 2587 1417 2634 quartum
1443 2586 1482 2621 ct

126 2640 173 2680 P.
200 2640 359 2682 Decius
386 2640 484 2682 Mus
517 2642 680 2682 tertium
712 2657 805 2683 cum
836 2643 941 2683 inter
972 2657 1015 2682 se
1047 2642 1266 2697 agitarent,
1298 2642 1356 2682 uti
1383 2642 1484 2683 alter

128 2700 335 2744 Samnites
367 2703 526 2753 hostes,
554 2703 655 2745 alter
679 2704 880 2746 Etruscos
908 2704 1123 2760 deligeret,
1150 2711 1408 2758 quantaeque
1440 2705 1481 2745 in

1511 1537 1549 1566 10

1511 1724 1546 1753 11

1512 1847 1548 1876 1⁵3

1532 1869 1548 1876 ..ι

1510 2098 1548 2126 13

1509 2345 1549 2374 14

1510 2594 1524 2623 1

1508 2718 1526 2736 ·)

1509 2739 1525 2746 -ι
