1835 3226
312 192 314 194 ¹
340 211 420 251 30&
655 217 807 251 LmER
832 217 902 260 vi,
929 217 959 250 3.
980 217 1010 249 4.
1039 219 1135 259 [a.u.
1152 218 1270 252 2365.
1290 218 1372 262 360]

340 321 479 376 populi
498 320 693 368 Romani,
719 318 953 369 obsidebat,
981 333 1155 372 quorum
1178 319 1303 374 legati
1328 335 1447 374 opem
1472 322 1594 363 rebus
1619 324 1691 364 ad-

340 383 457 423 fectis
483 387 645 421 orantes
672 395 767 420 cum
794 386 981 421 senatum
1007 380 1208 429 adissent,
1241 381 1449 422 decretum
1475 383 1620 434 tulere,
1647 392 1692 426 ut

340 445 513 484 dictator
542 443 674 497 primo
705 457 870 496 quoque
901 449 1084 496 tempore
1114 443 1313 484 auxilium
1345 442 1523 486 Sutrinis
1555 446 1689 488 ferret.

296 523 313 548 z:
340 505 456 546 cuius
489 505 576 559 spei
607 520 762 545 moram
795 519 889 545 cum
918 505 1003 559 pati
1034 504 1199 546 fortuna
1223 505 1488 548 obsessorum
1514 522 1596 548 non
1620 523 1692 562 po-

279 2320 316 2347 l«)

303 2569 310 2595 l

296 2628 313 2655 2

340 568 485 608 tuisset
518 567 787 620 confectaque
817 567 1003 621 paucitas
1030 567 1331 622 oppidanorum
1354 583 1494 623 opere,
1527 570 1691 625 vigiliis,

340 628 596 678 vulneribus,
622 643 728 682 quae
754 643 916 683 semper
936 629 1103 670 eosdem
1124 629 1343 684 urgebant,
1369 645 1442 685 per
1461 631 1692 700 pactionem

340 690 439 731 urbe
465 689 654 731 hostibus
680 690 846 739 tradita,
880 690 1046 731 inermis
1073 705 1166 731 cum
1193 691 1366 746 singulis
1392 693 1543 734 emissa
1567 693 1692 734 vesti-

339 753 487 794 mentis
525 752 748 794 miserabili
784 753 948 808 aomine
983 760 1153 808 penates
1195 754 1459 807 relinqueret,
1503 770 1551 796 eo
1587 755 1692 796 sorte

341 824 523 870 tempore
555 814 757 856 Camillus
791 830 884 855 cum
915 815 1096 856 exercitu
1126 815 1314 856 Romano
1350 816 1579 857 intervenit.
1628 817 1691 858 cui

340 893 434 919 cum
463 893 506 919 se
532 886 689 919 maesta
714 877 834 919 turba
858 878 911 918 ad
935 878 1061 932 pedes
1086 893 1188 932 prox
1190 878 1357 919 olvisset
1382 878 1694 933 principumque

341 940 564 981 orationem
595 940 841 981 necessitate
871 940 1015 981 ultima
1046 955 1285 995 expressam
1320 940 1440 981 fletus
1477 940 1692 982 mulierum

341 1017 387 1044 ac
418 1018 658 1057 puerorum,
696 1003 766 1056 qui
797 1003 907 1044 exilii
939 1003 1108 1045 comites
1134 1003 1418 1053 trahebantur,
1451 1004 1692 1059 excepisset,

342 1079 508 1118 parcere
539 1065 729 1106 lamentis
758 1064 949 1107 Sutrinos
980 1066 1118 1106 iussit:
1155 1065 1345 1107 Etruscis
1377 1081 1420 1106 se
1450 1065 1606 1108 luctum
1637 1066 1695 1107 la-

342 1127 572 1179 crimasque
611 1127 730 1167 ferre.
792 1128 973 1168 sarcinas
1009 1127 1103 1168 inde
1141 1128 1290 1182 deponi
1328 1126 1602 1182 Sutrinosque
1639 1128 1695 1170 ibi

342 1188 553 1229 considere
586 1189 746 1229 modico
778 1190 981 1243 praesidio
1011 1190 1170 1239 relicto,
1209 1206 1322 1231 arma
1352 1205 1492 1232 secum
1524 1190 1693 1231 militem

342 1251 447 1291 ferre
473 1249 596 1290 iubet.
634 1250 690 1290 ita
711 1251 901 1305 expedito
922 1252 1101 1292 exercitu
1120 1252 1329 1306 profectus
1349 1252 1402 1292 ad
1423 1251 1627 1300 Sutrium,
1653 1252 1694 1292 id

343 1313 453 1366 quod
478 1312 655 1361 rebatur,
684 1312 817 1353 soluta
837 1313 974 1353 omnia
993 1313 1135 1362 rebus,
1161 1321 1206 1354 ut
1224 1313 1287 1362 fit,
1315 1314 1506 1354 secundis
1526 1314 1692 1362 invenit,

345 1375 498 1415 nullam
524 1374 741 1416 stationem
767 1381 859 1416 ante
885 1376 1064 1425 moenia,
1096 1383 1281 1430 patentes
1306 1383 1465 1430 portas,
1497 1376 1693 1416 victorem

310 1454 316 1479 ;
345 1452 495 1491 vagum
520 1437 714 1491 praedam
741 1451 791 1477 ex
816 1436 996 1477 hostium
1022 1437 1137 1478 tectis
1164 1446 1409 1492 egerentem.
1447 1437 1594 1478 iterum
1619 1438 1695 1492 igi-

343 1508 408 1539 tur
438 1498 581 1539 eodem
614 1498 679 1539 die
713 1497 897 1539 Sutrium
929 1500 1104 1553 capitur3
1142 1499 1315 1540 victores
1341 1499 1508 1540 Etrusci
1539 1500 1693 1554 passim

343 1560 597 1601 trucidantur
622 1560 673 1601 ab
699 1575 806 1601 novo
830 1560 948 1602 hoste
974 1576 1106 1615 neque
1134 1576 1176 1602 se
1203 1561 1476 1616 conglobandi
1501 1561 1694 1603 coeundi-

342 1638 420 1676 que
445 1623 487 1662 iu
512 1637 639 1662 unum
665 1629 735 1662 aut
759 1637 872 1663 arma
897 1623 1089 1677 capiundi
1114 1623 1233 1664 datur
1259 1624 1448 1678 spatium.
1503 1638 1595 1665 cum
1621 1638 1694 1677 pro

342 1699 386 1725 se
415 1684 589 1737 quisque
622 1684 834 1724 tenderent
864 1684 916 1724 ad
946 1692 1102 1738 portas,
1136 1685 1171 1725 si
1195 1700 1277 1738 qua
1301 1685 1405 1725 forte
1431 1700 1474 1726 se
1500 1685 1542 1725 in
1573 1700 1693 1740 agros

342 1747 471 1787 eicere
497 1752 686 1800 possent,
713 1745 874 1786 clausas
895 1771 948 1775 —
969 1746 1011 1786 id
1036 1747 1145 1786 enim
1169 1747 1347 1801 primum
1372 1747 1544 1787 dictator
1567 1747 1695 1801 impe-

342 1815 502 1849 raverat
527 1833 581 1837 —
605 1814 746 1862 portas
776 1808 1001 1849 inveniunt.
1050 1809 1145 1850 inde
1176 1808 1244 1849 alii
1274 1824 1388 1850 arma
1417 1823 1581 1863 capere,
1614 1809 1694 1857 alii,

341 1885 443 1924 quos
469 1870 575 1911 forte
600 1876 778 1910 armatos
799 1869 997 1911 tumultus
1018 1878 1309 1926 occupaverat,
1337 1885 1563 1912 convocare
1584 1885 1694 1918 suos,

343 1940 385 1973 ut
414 1932 617 1987 proelium
646 1931 805 1972 inirent.
856 1933 966 1986 quod
992 1947 1213 1974 accensum
1238 1933 1289 1974 ab
1315 1932 1599 1987 desperatione
1623 1932 1696 1973 ho-

343 1995 465 2035 stium
497 1993 663 2042 fuisset,
696 1994 737 2034 ni
761 2008 986 2048 praecones
1012 2010 1084 2049 per
1108 1994 1253 2036 urbem
1278 1995 1438 2036 dimissi
1462 1994 1559 2049 poni
1584 2009 1697 2035 arma

341 2064 380 2097 et
404 2055 517 2111 parci
541 2055 686 2096 inermi
711 2055 928 2097 iussissent
953 2071 1027 2097 nec
1052 2064 1214 2111 praeter
1238 2063 1416 2098 armatos
1447 2070 1696 2109 quemquam

342 2118 496 2159 violari.
546 2124 634 2158 tum
665 2117 787 2159 etiam
818 2117 968 2171 quibus
1000 2119 1126 2160 animi
1156 2119 1199 2159 in
1231 2133 1303 2174 spe
1335 2119 1478 2159 ultima
1503 2117 1696 2159 obstinati

341 2180 394 2221 ad
424 2179 718 2220 decertandum
749 2180 929 2229 fuerant,
967 2188 1185 2235 postquam
1219 2181 1314 2222 data
1345 2195 1439 2235 spes
1477 2179 1583 2220 vitae
1621 2188 1694 2229 est,

340 2243 491 2284 iactare
520 2242 677 2297 passim
708 2258 822 2283 arma
851 2243 1129 2297 inermesque,
1162 2244 1273 2297 quod
1297 2243 1423 2284 tutius
1449 2243 1613 2284 fortuna
1637 2243 1697 2284 fe-

343 2313 469 2354 cerat,
521 2320 564 2346 se
600 2305 710 2346 hosti
747 2305 906 2346 offerre.
967 2321 1119 2362 magna
1155 2306 1374 2347 multitudo
1410 2306 1451 2346 in
1488 2305 1695 2346 custodias

341 2367 473 2408 divisa
481 2384 492 2416 3
520 2367 718 2421 oppidum
738 2374 831 2408 ante
851 2374 1012 2408 noctem
1033 2369 1238 2409 redditum
1255 2366 1433 2410 Sutrinis
1454 2367 1695 2409 inviolatum

341 2430 628 2485 integrumque
654 2429 705 2471 ab
727 2429 838 2471 omni
858 2429 972 2470 clade
993 2429 1106 2480 belli,
1133 2431 1229 2484 quia
1249 2445 1329 2471 non
1350 2430 1390 2470 vi
1411 2441 1595 2485 captum,
1623 2429 1696 2470 sed

342 2492 535 2533 traditum
560 2507 634 2547 per
659 2492 921 2533 condiciones
948 2491 1093 2533 suerat.

425 2554 529 2596 IIII.
580 2554 781 2596 Camillus
814 2555 856 2595 in
886 2554 1030 2596 urbem
1065 2555 1320 2609 triumphans
1351 2555 1469 2596 rediit
1496 2555 1617 2595 trium
1644 2554 1697 2594 si-

341 2616 425 2656 mul
449 2616 649 2658 bellorum
675 2617 816 2659 victor.
854 2617 976 2672 longe
1001 2616 1199 2671 plurimos
1225 2617 1410 2672 captivos
1436 2631 1487 2657 ex
1506 2615 1694 2656 Etruscis

340 2683 431 2717 ante
464 2693 628 2720 currum
660 2679 797 2729 duxit,
832 2678 981 2732 quibus
1015 2678 1091 2720 sub
1122 2678 1241 2720 hasta
1267 2678 1511 2720 venundatis
1538 2684 1694 2717 tantum
