1835 3226
340 279 420 320 236
614 283 768 318 LIBER
793 282 887 325 1111,
913 282 967 316 45.
985 281 1040 316 46.
1068 284 1116 325 [a.
1131 293 1164 315 u.
1181 292 1210 316 c.
1225 282 1418 326 336—338]

294 406 312 433 s
339 404 476 431 curam
502 386 614 428 urbis
641 393 684 427 ut
713 386 935 441 ingratam,
974 384 1198 441 ignobilem
1230 384 1451 439 aspernari.
1503 399 1595 425 cum
1619 400 1692 440 pa-

337 465 427 492 rum
458 450 652 490 decorum
687 448 792 488 inter
829 447 1008 502 collegas
1046 453 1253 487 certamen
1289 445 1522 486 mirabundi
1556 453 1692 500 patres

338 511 632 566 conspicerent,
660 509 712 563 Q.
731 508 931 551 Servilius
958 509 1142 562 ‘quando
1167 522 1243 548 nec
1267 508 1420 549 ordinis
1447 507 1569 548 huius
1594 507 1693 548 ulla'

337 574 468 627 inquit
498 576 593 613 ‘nec
621 572 681 612 rei
709 570 899 626 publicae
935 576 997 611 est
1032 569 1298 619 verecundia,
1334 569 1466 624 patria
1500 569 1693 610 maiestas

337 635 642 677 altercationem
667 634 789 674 istam
814 633 988 673 dirimet.
1021 632 1130 673 filius
1155 646 1272 672 meus
1299 638 1413 672 extra
1433 637 1585 672 sortem
1602 630 1695 671 urbi

336 697 523 752 praeerit.
572 695 727 737 bellum
757 694 914 735 utinam
944 694 1014 748 qui
1039 694 1238 748 adpetunt
1267 692 1565 735 consideratius
1597 707 1693 733 con-

338 759 584 812 cordiusque
610 772 735 811 quam
761 757 931 811 cupiunt
955 756 1125 811 gerant.'

298 838 308 865 1
422 819 694 862 XXXXVI.
742 818 955 860 Dilectum
979 817 1121 859 haberi
1145 832 1228 858 non
1253 832 1305 858 ex
1329 823 1413 858 toto
1443 816 1598 872 passim
1622 830 1696 871 po-

336 883 434 938 pulo
449 882 620 937 placuit:
647 882 791 923 decem
806 880 935 922 tribus
951 886 1058 921 sorte
1079 880 1225 921 ductae
1246 886 1353 920 sunt.
1380 878 1506 920 exhis
1522 878 1694 933 scriptos

296 960 313 988 *2
341 946 518 987 iuniores
545 945 627 985 duo
653 943 806 985 tribuni
836 944 889 984 ad
919 942 1073 985 bellum
1104 943 1271 983 duxere.
1321 947 1466 996 coepta
1494 941 1600 981 inter
1624 954 1695 981 eos

336 1008 379 1048 in
403 1007 503 1049 urbe
529 1006 751 1048 certamina
775 1005 997 1060 cupiditate
1036 1005 1179 1046 eadem
1205 1004 1365 1058 imperii
1395 1003 1523 1044 multo
1553 1003 1696 1057 inpen-

338 1070 423 1111 sius
447 1069 491 1110 in
514 1069 658 1110 castris
683 1068 870 1109 accendi:
907 1066 1008 1108 nihil
1040 1067 1190 1107 sentire
1221 1066 1349 1116 idem,
1387 1080 1461 1120 pro
1494 1065 1696 1106 sententia

337 1145 539 1186 pugnare,
579 1145 653 1171 sua
684 1130 856 1170 consilia
885 1129 1008 1178 velle,
1048 1143 1123 1169 sua
1152 1128 1323 1183 imperia
1355 1127 1443 1168 sola
1471 1133 1560 1168 rata
1590 1141 1694 1175 esse,

293 1208 311 1236 3
338 1199 596 1234 contemnere
620 1191 797 1232 invicem
823 1197 862 1231 et
887 1191 1111 1239 contemni,
1149 1191 1280 1230 donec
1311 1188 1608 1244 castigantibus
1639 1188 1695 1229 le-

336 1255 443 1311 gatis
468 1254 635 1295 tandem
659 1254 716 1294 ita
742 1260 1023 1308 comparatum
1049 1259 1123 1302 est,
1150 1259 1195 1292 ut
1220 1252 1384 1292 alternis
1411 1251 1556 1292 diebus
1584 1265 1694 1291 sum-

293 1332 311 1359 4
337 1332 447 1357 mam
477 1316 637 1370 imperii
667 1315 876 1356 haberent.
925 1328 1030 1368 quae
1062 1328 1157 1354 cum
1187 1313 1310 1354 allata
1333 1313 1511 1354 Romam
1543 1318 1692 1360 essent,

338 1379 485 1420 dicitur
511 1377 562 1430 Q.
586 1376 798 1426 Servilius,
826 1382 958 1417 aetate
984 1382 1023 1416 et
1047 1390 1126 1417 usu
1152 1375 1309 1423 doctus,
1335 1380 1525 1429 precatus
1545 1373 1596 1414 ab
1617 1374 1693 1414 diis

337 1440 638 1489 inmortalibus,
671 1455 722 1480 ne
754 1439 959 1480 discordia
993 1438 1251 1479 tribunorum
1277 1436 1512 1478 damnosior
1536 1437 1593 1477 rei
1619 1451 1694 1491 pu-

338 1503 468 1544 blicae
493 1509 602 1544 esset
627 1517 750 1556 quam
776 1502 828 1542 ad
853 1501 981 1542 Veios
1013 1500 1178 1549 fuisset,
1217 1506 1257 1541 et
1287 1499 1399 1540 velut
1429 1499 1539 1539 haud
1570 1498 1695 1539 dubia

337 1565 453 1606 clade
472 1565 707 1612 inminente,
734 1563 932 1604 institisse
951 1563 1049 1612 filio,
1076 1569 1121 1603 ut
1140 1562 1290 1603 milites
1311 1562 1504 1603 scriberet
1525 1568 1564 1602 et
1583 1577 1693 1602 arma

293 1641 311 1670 5
336 1633 509 1682 pararet.
546 1641 623 1667 nec
647 1627 778 1667 falsus
804 1632 919 1666 vates
945 1625 1035 1665 fuit.
1072 1640 1168 1665 nam
1193 1625 1320 1666 ductu
1339 1625 1392 1665 L.
1417 1623 1550 1680 Sergi,
1577 1625 1693 1665 cuius

338 1689 425 1730 dies
450 1689 610 1743 imperii
640 1695 743 1737 erat,
779 1687 870 1728 loco
900 1687 1040 1740 iniquo
1067 1686 1143 1727 sub
1174 1686 1354 1727 hostium
1386 1687 1548 1736 castris,
1586 1700 1693 1734 cum,

337 1751 433 1805 quia
465 1750 655 1791 simulato
685 1756 797 1790 metu
827 1755 1038 1803 receperat
1069 1763 1112 1789 se
1143 1748 1273 1789 hostis
1305 1749 1358 1789 ad
1389 1748 1561 1797 vallum,
1600 1762 1694 1802 spes

337 1828 444 1854 vana
468 1812 733 1867 expugnandi
754 1817 888 1852 castra
908 1825 956 1851 eo
976 1811 1179 1859 traxisset,
1206 1810 1418 1865 repentino
1437 1810 1592 1864 impetu
1610 1810 1696 1850 Ae-

337 1890 511 1929 quorum
535 1889 609 1929 per
634 1874 825 1929 supinam
849 1873 999 1914 vallem
1024 1872 1107 1913 fusi
1133 1879 1247 1921 sunt,
1284 1872 1484 1925 multique
1514 1872 1557 1912 in
1580 1872 1697 1912 ruina

295 1954 312 1981 0·
339 1937 490 1978 maiore
521 1951 644 1991 quam
676 1937 778 1992 fuga
807 1935 995 1991 oppressi
1026 1935 1352 1988 obtruncatique.
1403 1941 1617 1987 castraque
1649 1948 1696 1974 eo

339 2000 404 2040 die
429 2014 552 2054 aegre
577 2005 752 2048 retenta,
789 2005 955 2053 postero
980 1997 1046 2038 die
1077 1997 1338 2038 circumfusis
1364 1996 1445 2036 iam
1470 2011 1622 2051 magna
1647 2009 1696 2036 ex

338 2068 452 2116 parte
477 2060 665 2102 hostibus
691 2075 765 2115 per
789 2075 976 2101 aversam
1001 2065 1161 2114 portam
1187 2059 1289 2113 fuga
1314 2058 1421 2112 turpi
1441 2058 1695 2098 deseruntur.

339 2124 464 2165 duces
495 2123 702 2178 legatique
734 2130 773 2163 et
804 2122 915 2176 quod
946 2122 1053 2163 circa
1090 2121 1209 2176 signa
1243 2120 1402 2161 roboris
1434 2120 1485 2160 de
1516 2119 1696 2159 exercitu

296 2201 311 2228 7
338 2186 416 2226 fuit
441 2185 670 2226 Tusculum
694 2185 859 2239 petiere.
908 2184 1034 2239 palati
1059 2183 1127 2223 alii
1157 2198 1231 2238 per
1260 2197 1381 2237 agros
1412 2181 1567 2236 passim
1593 2180 1698 2221 mul-

338 2248 388 2289 tis
414 2247 627 2288 itineribus
653 2247 818 2288 maioris
844 2261 969 2300 quam
994 2252 1163 2300 accepta
1188 2251 1274 2285 erat
1304 2244 1431 2284 cladis
1457 2242 1588 2283 nuntii
1612 2242 1698 2283 Ro-

295 2325 312 2352 s
339 2326 449 2350 mam
475 2309 782 2350 contenderunt.
831 2308 967 2349 minus
993 2307 1274 2362 trepidationis
1305 2306 1402 2354 fuit,
1440 2305 1551 2358 quod
1576 2319 1698 2345 even-

339 2380 404 2413 tus
441 2371 575 2412 timori
605 2371 817 2412 hominum
849 2385 1081 2425 congruens
1113 2369 1248 2410 fuerat
1279 2375 1318 2409 et
1354 2368 1464 2420 quod
1501 2366 1697 2415 subsidia,

340 2448 444 2487 quae
468 2433 718 2488 respicerent
741 2433 782 2473 in
802 2447 846 2473 re
869 2432 1039 2486 trepida,
1067 2436 1309 2486 praeparata
1329 2436 1443 2470 erant
1463 2428 1514 2469 ab
1535 2427 1697 2469 tribuno

296 2510 312 2537 9
340 2497 527 2537 militum.
576 2497 774 2549 iussuque
801 2495 1004 2544 eiusdem,
1036 2509 1110 2549 per
1133 2494 1311 2534 minores
1343 2491 1608 2547 magistratus
1635 2505 1698 2531 se-

341 2558 436 2598 dato
461 2558 503 2598 in
528 2557 628 2599 urbe
653 2557 848 2606 tumultu,
887 2556 1164 2611 speculatores
1189 2569 1362 2610 propere
1392 2553 1508 2594 missi
1537 2551 1697 2593 nuntia-

340 2634 447 2669 vere,
474 2619 647 2661 Tusculi
671 2619 798 2660 duces
818 2619 1125 2672 exercitumque
1144 2632 1248 2667 esse,
1274 2618 1436 2658 hostem
1457 2621 1590 2656 castra
1606 2613 1695 2653 loco

278 2693 316 2722 10
342 2696 423 2721 non
447 2682 639 2722 moxisse.
678 2689 729 2731 ct,
756 2681 868 2735 quod
892 2680 1115 2735 plurimum
1140 2680 1371 2721 animorum
1389 2677 1497 2725 fecit,
1524 2675 1695 2715 dictator

344 2756 394 2782 ex
420 2750 584 2784 senatus
611 2743 797 2785 consulto
823 2743 955 2784 dictus
983 2741 1035 2795 Q.
1059 2741 1258 2784 Servilius
1283 2741 1465 2788 Priscus,
1491 2737 1553 2777 vir
1577 2735 1692 2777 cuius
