1780 3204
485 349 636 383 Llssssn
663 349 730 392 VI,
756 348 786 382 4.
815 350 862 391 [a.
880 347 1008 382 oasa
1028 349 1109 392 ass]
1386 339 1467 379 309

125 456 228 497 aeris
254 455 464 496 redactum
489 460 568 502 est,
595 460 638 493 ut
662 452 791 506 pretio
816 466 889 506 pro
916 466 1014 493 auro
1040 452 1234 492 matronis
1261 451 1467 506 persoluto

126 534 176 559 cx
201 533 248 559 eo
274 518 383 571 quod
409 522 616 571 supererat
641 522 721 556 tres
742 521 904 569 paterae
924 528 1069 555 aureae
1089 514 1220 555 factae
1241 514 1338 563 sint,
1366 528 1468 567 quas

126 596 218 621 cum
251 579 365 620 titulo
396 578 570 619 nominis
598 577 761 619 Camilli
792 583 884 618 ante
911 576 1161 631 Capitolium
1191 577 1404 618 incensum
1428 577 1469 617 in

127 643 237 683 lovis
264 642 364 682 cella
389 647 548 682 constat
572 648 664 681 ante
689 639 815 695 pedes
840 640 1011 681 Iunonis
1037 641 1192 694 positas
1218 640 1360 681 fuisse.

209 704 275 744 Eo
301 718 406 744 anno
432 703 473 743 in
497 703 702 743 civitatem
728 703 902 756 accepti,
930 702 999 755 qui
1018 701 1253 743 Veientium
1281 700 1468 756 Capena-

127 768 306 819 tiumque
333 780 380 806 ac
403 766 656 806 Faliscorum
683 779 755 818 pel·
779 779 827 805 ea
852 764 959 805 bella
983 764 1286 819 transfugerant
1310 765 1362 804 ad
1386 764 1471 805 Ro-

126 843 288 877 manos,
327 842 505 882 agerque
540 827 603 867 his
639 827 756 867 novis
793 826 950 867 civibus
988 826 1240 881 adsignatus.
1289 826 1467 867 revocati

126 904 287 942 quoque
314 889 355 928 in
378 889 519 930 urbem
546 894 710 929 senatus
737 887 922 929 consulto
942 887 1113 937 aVeiis,
1141 888 1209 941 qui
1229 888 1470 929 aedificandi

126 951 281 992 Romae
312 951 476 1006 pigritia
506 950 713 1004 occupatis
744 949 800 990 ibi
831 950 971 991 vacuis
1003 950 1120 990 tectis
1146 949 1272 990 Veios
1306 964 1348 990 se
1374 964 1471 990 con-

127 1013 311 1053 tulerant.
362 1019 400 1052 et
429 1012 561 1066 primo
590 1012 776 1052 fremitus
802 1011 878 1052 fuit
904 1011 1208 1065 aspernantium
1234 1011 1469 1065 imperium3

126 1076 212 1115 dies
239 1075 384 1114 deinde
409 1074 649 1128 praestituta
674 1074 941 1127 capitalisque
964 1088 1114 1127 poena,
1150 1074 1219 1126 qui
1244 1088 1324 1113 non
1351 1074 1471 1113 remi-

124 1142 283 1191 grasset
296 1136 489 1184 Romam,
517 1149 567 1175 ex
587 1135 791 1175 ferocibus
817 1135 1018 1175 universis
1046 1135 1230 1189 singulos
1257 1141 1368 1174 metu
1394 1148 1469 1174 suo

124 1212 327 1251 quemque
353 1197 615 1238 oboedientes
641 1196 749 1236 fecit.
793 1202 832 1236 et
850 1196 985 1237 Roma
1009 1211 1101 1236 cum
1127 1196 1357 1248 frequentia
1382 1210 1469 1236 cre-

125 1273 255 1307 scere,
282 1265 367 1298 tum
389 1264 472 1298 tota
492 1258 612 1298 simul
632 1272 851 1311 exsurgere
871 1257 1066 1297 aedificiis
1087 1263 1126 1298 ct
1150 1272 1192 1298 re
1218 1257 1385 1311 publica
1408 1257 1469 1297 in-

122 1335 271 1374 pensas
297 1320 515 1360 adiuvante
541 1327 579 1359 et
604 1320 804 1361 aedilibus
829 1320 940 1360 velut
964 1320 1176 1374 publicum
1207 1320 1467 1375 exigentibus

123 1396 224 1435 opus
251 1388 290 1421 et
313 1381 412 1435 ipsis
438 1381 934 1435 privatis—admonebat
959 1382 1067 1422 enim
1093 1382 1341 1423 desiderium
1367 1397 1467 1423 usus

123 1443 476 1484 —festinantibus
502 1443 554 1484 ad
579 1443 770 1484 effectum
795 1444 942 1498 operis.
980 1444 1165 1498 intraque
1186 1459 1338 1485 annum
1365 1459 1471 1485 nova

122 1504 218 1546 urbs
245 1504 366 1545 stetit.

204 1565 333 1606 Exitu
364 1566 459 1606 anni
489 1567 653 1608 comitia
683 1567 938 1608 tribunorum
968 1568 1143 1608 militum
1169 1568 1374 1609 consulari
1398 1583 1471 1622 po-

122 1634 266 1668 testate
291 1628 442 1669 habita.
498 1629 621 1670 creati
646 1629 695 1669 T.
724 1628 942 1682 Quinctius
971 1629 1258 1679 Cincinnatus,
1293 1629 1344 1682 Q.
1375 1628 1471 1670 Ser-

123 1690 242 1730 vilius
261 1689 440 1731 Fidenas
465 1691 671 1743 quintum,
696 1691 749 1731 L.
770 1691 902 1731 Iulius
924 1691 1056 1740 Iulus,
1084 1692 1136 1731 L.
1153 1690 1345 1744 Aquilius
1369 1690 1471 1732 Cor-

124 1766 212 1800 vus,
240 1752 293 1791 L.
313 1752 534 1792 Lucretius
556 1752 834 1806 Tricipitinus,
863 1752 951 1794 Ser.
970 1752 1178 1807 Sulpicius
1199 1753 1335 1793 Rufus
1356 1767 1471 1793 exer-

125 1813 250 1852 citum
275 1812 446 1853 alterum
469 1814 512 1852 in
531 1813 701 1866 Aequos
728 1829 808 1853 non
834 1815 886 1854 ad
905 1814 1124 1855 bellum—
1139 1815 1267 1855 victos
1294 1829 1470 1867 namque

126 1889 169 1914 se
193 1874 427 1914 fatebantur
451 1899 522 1924 ——‚
563 1876 635 1915 sed
665 1876 716 1916 ab
747 1877 840 1916 odio
871 1877 922 1916 ad
947 1877 1241 1930 pervastandos
1268 1877 1388 1926 fines,
1420 1892 1471 1917 ne

126 1936 223 1988 quid
244 1936 295 1976 ad
315 1951 422 1976 nova
441 1937 610 1977 consilia
628 1938 901 1991 relinquerent
921 1938 1079 1987 virium,
1106 1939 1272 1988 duxere,
1299 1939 1471 1979 alterum

127 1998 167 2037 in
193 2013 337 2051 agrum
363 1997 715 2051 Tarquiniensem.

211 2059 275 2100 Ibi
317 2059 468 2113 oppida
502 2059 773 2101 Etruscorum
811 2060 1013 2102 Cortuosa
1058 2068 1096 2102 et
1134 2061 1395 2103 Contenebra
1431 2063 1471 2102 vi

128 2128 257 2174 capta.
307 2121 360 2160 ad
386 2119 632 2161 Cortuosam
657 2121 757 2162 nihil
781 2123 1012 2163 certaminis
1039 2122 1133 2163 fuit:
1166 2123 1374 2177 inproviso
1400 2123 1479 2163 ad-

129 2181 204 2221 orti
228 2182 357 2235 primo
384 2181 559 2223 clamore
585 2189 705 2236 atque
730 2183 886 2237 impetu
916 2198 1071 2238 cepere.
1121 2185 1323 2239 direptum
1356 2185 1471 2239 oppi-

128 2243 225 2283 dum
262 2249 383 2296 atque
420 2244 633 2284 incensum
671 2251 744 2285 est.
794 2244 1055 2286 Contenebra
1090 2261 1244 2300 paucos
1281 2246 1368 2287 dies
1400 2261 1471 2300 op-

127 2305 421 2358 pugnationem
452 2306 661 2355 sustinuit,
692 2306 889 2360 laborque
919 2308 1136 2348 continuus
1167 2323 1248 2348 non
1274 2308 1357 2357 die,
1390 2323 1471 2348 non

128 2372 246 2405 nocte
280 2366 475 2406 remissus
513 2366 676 2422 subegit
711 2383 793 2409 eos.
843 2384 936 2409 cum
972 2369 1014 2409 in
1045 2384 1117 2410 sex
1146 2375 1282 2424 partes
1315 2369 1470 2410 divisus

128 2427 330 2467 exereitus
356 2427 567 2469 Romanus
595 2429 703 2470 senis
728 2430 837 2471 horis
863 2431 904 2471 in
930 2431 1071 2472 orbem
1096 2432 1332 2472 succederet
1356 2447 1472 2486 proe-

128 2487 200 2536 lio,
234 2489 460 2543 oppidanos
493 2490 656 2531 eosdem
682 2491 840 2546 integro
867 2507 1028 2547 semper
1052 2493 1261 2533 certamini
1287 2494 1470 2547 paucitas

127 2549 261 2590 fessos
292 2550 488 2600 obiceret,
526 2566 685 2593 cessere
716 2554 898 2603 tandem,
934 2554 1131 2607 locusque
1161 2555 1381 2595 invadendi
1407 2570 1472 2595 ur-

129 2611 221 2651 bem
235 2612 434 2653 Romanis
455 2614 573 2654 datus
593 2621 666 2655 est.
709 2614 907 2669 publicari
925 2617 1118 2670 praedam
1139 2616 1311 2658 tribunis
1337 2617 1473 2671 place-

127 2672 216 2722 bat3
260 2675 333 2714 sed
367 2674 583 2728 imperium
619 2691 740 2729 quam
778 2677 991 2718 consilium
1028 2678 1194 2733 segnius
1232 2678 1325 2719 fuit:
1374 2679 1470 2719 dum

129 2741 381 2784 cunctantur,
409 2737 489 2776 iam
508 2737 681 2778 militum
700 2739 851 2793 praeda
871 2748 955 2780 erat
979 2754 1054 2780 nec
1079 2740 1156 2781 nisi
1182 2755 1254 2799 per
1277 2740 1472 2781 invidiam

129 2796 251 2837 adimi
277 2805 445 2851 poterat.

1500 2255 1538 2283 ιο

1502 2625 1534 2653 ll
