<?xml version="1.0" encoding="UTF-8"?>
<!DOCTYPE html PUBLIC "-//W3C//DTD XHTML 1.0 Transitional//EN"
    "http://www.w3.org/TR/xhtml1/DTD/xhtml1-transitional.dtd">
<html xmlns="http://www.w3.org/1999/xhtml" xml:lang="en" lang="en">
 <head>
  <title>
</title>
<meta http-equiv="Content-Type" content="text/html;charset=utf-8" />
  <meta name='ocr-system' content='tesseract 3.04.00' />
  <meta name='ocr-capabilities' content='ocr_page ocr_carea ocr_par ocr_line ocrx_word'/>
</head>
<body>
  <div class='ocr_page' id='page_1' title='image "./aburbeconditalib01livyuoft_0542.png"; bbox 0 0 1835 3226; ppageno 0'>
   <div class='ocr_carea' id='block_1_1' title="bbox 252 830 292 860">
    <p class='ocr_par' dir='ltr' id='par_1_1' title="bbox 252 830 292 860">
     <span class='ocr_line' id='line_1_1' title="bbox 252 830 292 860; baseline 0 0"><span class='ocrx_word' id='word_1_1' title='bbox 252 830 292 860; x_wconf 84' lang='lat'>10</span> 
     </span>
    </p>
   </div>
   <div class='ocr_carea' id='block_1_2' title="bbox 252 1081 286 1108">
    <p class='ocr_par' dir='ltr' id='par_1_2' title="bbox 252 1081 286 1108">
     <span class='ocr_line' id='line_1_2' title="bbox 252 1081 286 1108; baseline 0 0"><span class='ocrx_word' id='word_1_2' title='bbox 252 1081 286 1108; x_wconf 87' lang='lat'>11</span> 
     </span>
    </p>
   </div>
   <div class='ocr_carea' id='block_1_3' title="bbox 254 1830 290 1859">
    <p class='ocr_par' dir='ltr' id='par_1_3' title="bbox 254 1830 290 1859">
     <span class='ocr_line' id='line_1_3' title="bbox 254 1830 290 1859; baseline 0.028 -2"><span class='ocrx_word' id='word_1_3' title='bbox 254 1830 290 1859; x_wconf 70' lang='lat'>13</span> 
     </span>
    </p>
   </div>
   <div class='ocr_carea' id='block_1_4' title="bbox 256 2077 291 2106">
    <p class='ocr_par' dir='ltr' id='par_1_4' title="bbox 256 2077 291 2106">
     <span class='ocr_line' id='line_1_4' title="bbox 256 2077 291 2106; baseline -0.029 0"><span class='ocrx_word' id='word_1_4' title='bbox 256 2077 291 2106; x_wconf 56' lang='lat' dir='ltr'>ll</span> 
     </span>
    </p>
   </div>
   <div class='ocr_carea' id='block_1_5' title="bbox 277 2518 288 2545">
    <p class='ocr_par' dir='ltr' id='par_1_5' title="bbox 277 2518 288 2545">
     <span class='ocr_line' id='line_1_5' title="bbox 277 2518 288 2545; baseline 0 0"><span class='ocrx_word' id='word_1_5' title='bbox 277 2518 288 2545; x_wconf 88' lang='lat'>1</span> 
     </span>
    </p>
   </div>
   <div class='ocr_carea' id='block_1_6' title="bbox 273 2638 291 2667">
    <p class='ocr_par' dir='ltr' id='par_1_6' title="bbox 273 2638 291 2667">
     <span class='ocr_line' id='line_1_6' title="bbox 273 2638 291 2667; baseline 0 0"><span class='ocrx_word' id='word_1_6' title='bbox 273 2638 291 2667; x_wconf 78' lang='lat'>‘2</span> 
     </span>
    </p>
   </div>
   <div class='ocr_carea' id='block_1_7' title="bbox 319 215 1344 267">
    <p class='ocr_par' dir='ltr' id='par_1_7' title="bbox 319 215 1344 267">
     <span class='ocr_line' id='line_1_7' title="bbox 319 215 1344 267; baseline 0.001 -11"><span class='ocrx_word' id='word_1_7' title='bbox 319 215 401 256; x_wconf 68' lang='lat'>3132</span> <span class='ocrx_word' id='word_1_8' title='bbox 653 220 807 254; x_wconf 80' lang='lat' dir='ltr'>LIBER</span> <span class='ocrx_word' id='word_1_9' title='bbox 832 220 922 265; x_wconf 80' lang='lat' dir='ltr'>vn,</span> <span class='ocrx_word' id='word_1_10' title='bbox 950 220 1076 255; x_wconf 68' lang='lat'>1213.</span> <span class='ocrx_word' id='word_1_11' title='bbox 1106 222 1344 267; x_wconf 53' lang='lat' dir='ltr'>[amesae]</span> 
     </span>
    </p>
   </div>
   <div class='ocr_carea' id='block_1_8' title="bbox 315 323 1676 2745">
    <p class='ocr_par' dir='ltr' id='par_1_8' title="bbox 315 323 1676 1484">
     <span class='ocr_line' id='line_1_8' title="bbox 319 323 1675 380; baseline 0.005 -15"><span class='ocrx_word' id='word_1_12' title='bbox 319 325 468 366; x_wconf 82' lang='lat' dir='ltr'>multos</span> <span class='ocrx_word' id='word_1_13' title='bbox 494 330 666 364; x_wconf 87' lang='lat' dir='ltr'>terrores</span> <span class='ocrx_word' id='word_1_14' title='bbox 694 323 846 364; x_wconf 90' lang='lat' dir='ltr'>solacio</span> <span class='ocrx_word' id='word_1_15' title='bbox 872 323 949 364; x_wconf 88' lang='lat' dir='ltr'>fuit</span> <span class='ocrx_word' id='word_1_16' title='bbox 972 339 1055 378; x_wconf 86' lang='lat' dir='ltr'>pax</span> <span class='ocrx_word' id='word_1_17' title='bbox 1073 324 1238 366; x_wconf 85' lang='lat' dir='ltr'>Latinis</span> <span class='ocrx_word' id='word_1_18' title='bbox 1256 326 1490 380; x_wconf 87' lang='lat' dir='ltr'>petentibus</span> <span class='ocrx_word' id='word_1_19' title='bbox 1517 328 1611 370; x_wconf 85' lang='lat' dir='ltr'>data</span> <span class='ocrx_word' id='word_1_20' title='bbox 1635 337 1675 372; x_wconf 88' lang='lat' dir='ltr'>ct</span> 
     </span>
     <span class='ocr_line' id='line_1_9' title="bbox 319 385 1674 443; baseline 0.005 -18"><span class='ocrx_word' id='word_1_21' title='bbox 319 401 469 441; x_wconf 87' lang='lat' dir='ltr'>magna</span> <span class='ocrx_word' id='word_1_22' title='bbox 493 385 556 426; x_wconf 77' lang='lat' dir='ltr'>vis</span> <span class='ocrx_word' id='word_1_23' title='bbox 581 385 757 426; x_wconf 89' lang='lat' dir='ltr'>militum</span> <span class='ocrx_word' id='word_1_24' title='bbox 783 385 834 427; x_wconf 90' lang='lat' dir='ltr'>ab</span> <span class='ocrx_word' id='word_1_25' title='bbox 860 386 924 426; x_wconf 88' lang='lat' dir='ltr'>his</span> <span class='ocrx_word' id='word_1_26' title='bbox 945 400 996 426; x_wconf 85' lang='lat' dir='ltr'>ex</span> <span class='ocrx_word' id='word_1_27' title='bbox 1014 386 1180 428; x_wconf 87' lang='lat' dir='ltr'>foedere</span> <span class='ocrx_word' id='word_1_28' title='bbox 1198 394 1379 438; x_wconf 78' lang='lat' dir='ltr'>vetusto,</span> <span class='ocrx_word' id='word_1_29' title='bbox 1407 390 1516 443; x_wconf 90' lang='lat' dir='ltr'>quod</span> <span class='ocrx_word' id='word_1_30' title='bbox 1536 391 1674 433; x_wconf 87' lang='lat' dir='ltr'>multis</span> 
     </span>
     <span class='ocr_line' id='line_1_10' title="bbox 321 448 1674 504; baseline 0.004 -16"><span class='ocrx_word' id='word_1_31' title='bbox 321 448 624 489; x_wconf 80' lang='lat' dir='ltr'>intermiserant</span> <span class='ocrx_word' id='word_1_32' title='bbox 649 448 785 497; x_wconf 90' lang='lat' dir='ltr'>annis,</span> <span class='ocrx_word' id='word_1_33' title='bbox 813 455 993 502; x_wconf 87' lang='lat' dir='ltr'>accepta.</span> <span class='ocrx_word' id='word_1_34' title='bbox 1031 463 1113 502; x_wconf 90' lang='lat' dir='ltr'>quo</span> <span class='ocrx_word' id='word_1_35' title='bbox 1132 450 1338 504; x_wconf 88' lang='lat' dir='ltr'>praesidio</span> <span class='ocrx_word' id='word_1_36' title='bbox 1364 465 1457 492; x_wconf 92' lang='lat' dir='ltr'>cum</span> <span class='ocrx_word' id='word_1_37' title='bbox 1482 452 1586 493; x_wconf 88' lang='lat' dir='ltr'>fulta</span> <span class='ocrx_word' id='word_1_38' title='bbox 1608 468 1674 494; x_wconf 85' lang='lat' dir='ltr'>res</span> 
     </span>
     <span class='ocr_line' id='line_1_11' title="bbox 316 509 1674 564; baseline 0.004 -14"><span class='ocrx_word' id='word_1_39' title='bbox 316 509 506 551; x_wconf 88' lang='lat' dir='ltr'>Romana</span> <span class='ocrx_word' id='word_1_40' title='bbox 537 517 665 560; x_wconf 87' lang='lat' dir='ltr'>essct,</span> <span class='ocrx_word' id='word_1_41' title='bbox 702 510 834 551; x_wconf 79' lang='lat' dir='ltr'>levius</span> <span class='ocrx_word' id='word_1_42' title='bbox 865 510 962 560; x_wconf 89' lang='lat' dir='ltr'>fuit,</span> <span class='ocrx_word' id='word_1_43' title='bbox 1000 511 1110 564; x_wconf 89' lang='lat' dir='ltr'>quod</span> <span class='ocrx_word' id='word_1_44' title='bbox 1143 510 1287 553; x_wconf 83' lang='lat' dir='ltr'>Gallos</span> <span class='ocrx_word' id='word_1_45' title='bbox 1323 528 1421 554; x_wconf 83' lang='lat' dir='ltr'>mox</span> <span class='ocrx_word' id='word_1_46' title='bbox 1450 513 1674 556; x_wconf 79' lang='lat' dir='ltr'>Praeneste</span> 
     </span>
     <span class='ocr_line' id='line_1_12' title="bbox 316 572 1672 626; baseline 0.004 -14"><span class='ocrx_word' id='word_1_47' title='bbox 316 572 479 613; x_wconf 77' lang='lat' dir='ltr'>venisse</span> <span class='ocrx_word' id='word_1_48' title='bbox 510 579 633 626; x_wconf 90' lang='lat' dir='ltr'>atque</span> <span class='ocrx_word' id='word_1_49' title='bbox 664 572 760 613; x_wconf 89' lang='lat' dir='ltr'>inde</span> <span class='ocrx_word' id='word_1_50' title='bbox 791 572 900 613; x_wconf 88' lang='lat' dir='ltr'>circa</span> <span class='ocrx_word' id='word_1_51' title='bbox 923 572 1086 613; x_wconf 88' lang='lat' dir='ltr'>Pedum</span> <span class='ocrx_word' id='word_1_52' title='bbox 1118 575 1355 616; x_wconf 76' lang='lat' dir='ltr'>consedisse</span> <span class='ocrx_word' id='word_1_53' title='bbox 1386 576 1572 617; x_wconf 87' lang='lat' dir='ltr'>auditum</span> <span class='ocrx_word' id='word_1_54' title='bbox 1597 586 1672 618; x_wconf 90' lang='lat' dir='ltr'>est.</span> 
     </span>
     <span class='ocr_line' id='line_1_13' title="bbox 316 633 1672 689; baseline 0.004 -15"><span class='ocrx_word' id='word_1_55' title='bbox 316 634 555 675; x_wconf 87' lang='lat' dir='ltr'>dictatorem</span> <span class='ocrx_word' id='word_1_56' title='bbox 582 634 662 675; x_wconf 91' lang='lat' dir='ltr'>dici</span> <span class='ocrx_word' id='word_1_57' title='bbox 684 633 732 675; x_wconf 87' lang='lat' dir='ltr'>C.</span> <span class='ocrx_word' id='word_1_58' title='bbox 756 633 987 689; x_wconf 88' lang='lat' dir='ltr'>Sulpicium</span> <span class='ocrx_word' id='word_1_59' title='bbox 1006 634 1178 689; x_wconf 79' lang='lat' dir='ltr'>placuit:</span> <span class='ocrx_word' id='word_1_60' title='bbox 1205 636 1349 677; x_wconf 89' lang='lat' dir='ltr'>consul</span> <span class='ocrx_word' id='word_1_61' title='bbox 1374 637 1426 678; x_wconf 88' lang='lat' dir='ltr'>ad</span> <span class='ocrx_word' id='word_1_62' title='bbox 1451 638 1493 678; x_wconf 89' lang='lat' dir='ltr'>id</span> <span class='ocrx_word' id='word_1_63' title='bbox 1518 639 1672 680; x_wconf 90' lang='lat' dir='ltr'>accitus</span> 
     </span>
     <span class='ocr_line' id='line_1_14' title="bbox 317 695 1672 751; baseline 0.004 -15"><span class='ocrx_word' id='word_1_64' title='bbox 317 695 366 737; x_wconf 80' lang='lat' dir='ltr'>C.</span> <span class='ocrx_word' id='word_1_65' title='bbox 393 695 582 737; x_wconf 87' lang='lat' dir='ltr'>Plautius</span> <span class='ocrx_word' id='word_1_66' title='bbox 609 696 728 746; x_wconf 79' lang='lat' dir='ltr'>dixit,</span> <span class='ocrx_word' id='word_1_67' title='bbox 760 696 959 751; x_wconf 88' lang='lat' dir='ltr'>magister</span> <span class='ocrx_word' id='word_1_68' title='bbox 988 697 1173 750; x_wconf 92' lang='lat' dir='ltr'>equitum</span> <span class='ocrx_word' id='word_1_69' title='bbox 1203 698 1389 739; x_wconf 81' lang='lat' dir='ltr'>dictatori</span> <span class='ocrx_word' id='word_1_70' title='bbox 1421 700 1584 741; x_wconf 89' lang='lat' dir='ltr'>additus</span> <span class='ocrx_word' id='word_1_71' title='bbox 1610 700 1672 741; x_wconf 89' lang='lat' dir='ltr'>M.</span> 
     </span>
     <span class='ocr_line' id='line_1_15' title="bbox 315 757 1674 803; baseline 0.003 -5"><span class='ocrx_word' id='word_1_72' title='bbox 315 757 520 799; x_wconf 85' lang='lat' dir='ltr'>Valerius.</span> <span class='ocrx_word' id='word_1_73' title='bbox 557 757 599 798; x_wconf 89' lang='lat' dir='ltr'>hi</span> <span class='ocrx_word' id='word_1_74' title='bbox 618 758 767 799; x_wconf 87' lang='lat' dir='ltr'>robora</span> <span class='ocrx_word' id='word_1_75' title='bbox 786 758 961 799; x_wconf 85' lang='lat' dir='ltr'>militum</span> <span class='ocrx_word' id='word_1_76' title='bbox 984 773 1035 799; x_wconf 83' lang='lat' dir='ltr'>ex</span> <span class='ocrx_word' id='word_1_77' title='bbox 1060 758 1222 800; x_wconf 87' lang='lat' dir='ltr'>duobus</span> <span class='ocrx_word' id='word_1_78' title='bbox 1249 760 1533 803; x_wconf 83' lang='lat' dir='ltr'>consularibus</span> <span class='ocrx_word' id='word_1_79' title='bbox 1559 776 1674 802; x_wconf 80' lang='lat' dir='ltr'>excr-</span> 
     </span>
     <span class='ocr_line' id='line_1_16' title="bbox 318 818 1675 864; baseline 0.003 -4"><span class='ocrx_word' id='word_1_80' title='bbox 318 819 466 861; x_wconf 87' lang='lat' dir='ltr'>citibus</span> <span class='ocrx_word' id='word_1_81' title='bbox 504 819 633 861; x_wconf 84' lang='lat' dir='ltr'>electa</span> <span class='ocrx_word' id='word_1_82' title='bbox 669 820 869 862; x_wconf 85' lang='lat' dir='ltr'>adversus</span> <span class='ocrx_word' id='word_1_83' title='bbox 901 818 1047 862; x_wconf 83' lang='lat' dir='ltr'>Gallos</span> <span class='ocrx_word' id='word_1_84' title='bbox 1084 821 1300 862; x_wconf 80' lang='lat' dir='ltr'>duxerunt.</span> <span class='ocrx_word' id='word_1_85' title='bbox 1349 822 1499 864; x_wconf 90' lang='lat' dir='ltr'>lentius</span> <span class='ocrx_word' id='word_1_86' title='bbox 1530 823 1573 864; x_wconf 90' lang='lat' dir='ltr'>id</span> <span class='ocrx_word' id='word_1_87' title='bbox 1603 824 1675 864; x_wconf 91' lang='lat' dir='ltr'>ali-</span> 
     </span>
     <span class='ocr_line' id='line_1_17' title="bbox 317 881 1673 938; baseline 0.003 -16"><span class='ocrx_word' id='word_1_88' title='bbox 317 888 471 935; x_wconf 88' lang='lat' dir='ltr'>quanto</span> <span class='ocrx_word' id='word_1_89' title='bbox 506 881 661 923; x_wconf 85' lang='lat' dir='ltr'>bellum</span> <span class='ocrx_word' id='word_1_90' title='bbox 697 897 823 936; x_wconf 91' lang='lat' dir='ltr'>quam</span> <span class='ocrx_word' id='word_1_91' title='bbox 857 883 963 937; x_wconf 89' lang='lat' dir='ltr'>parti</span> <span class='ocrx_word' id='word_1_92' title='bbox 1000 883 1161 937; x_wconf 89' lang='lat' dir='ltr'>utrique</span> <span class='ocrx_word' id='word_1_93' title='bbox 1196 883 1387 938; x_wconf 81' lang='lat' dir='ltr'>placebat</span> <span class='ocrx_word' id='word_1_94' title='bbox 1429 884 1519 925; x_wconf 89' lang='lat' dir='ltr'>fuit.</span> <span class='ocrx_word' id='word_1_95' title='bbox 1580 900 1673 926; x_wconf 90' lang='lat' dir='ltr'>cum</span> 
     </span>
     <span class='ocr_line' id='line_1_18' title="bbox 316 941 1676 998; baseline 0.004 -15"><span class='ocrx_word' id='word_1_96' title='bbox 316 943 448 998; x_wconf 89' lang='lat' dir='ltr'>primo</span> <span class='ocrx_word' id='word_1_97' title='bbox 475 941 586 986; x_wconf 88' lang='lat' dir='ltr'>Galli</span> <span class='ocrx_word' id='word_1_98' title='bbox 611 951 770 985; x_wconf 89' lang='lat' dir='ltr'>tantum</span> <span class='ocrx_word' id='word_1_99' title='bbox 796 945 906 985; x_wconf 73' lang='lat' dir='ltr'>avidi</span> <span class='ocrx_word' id='word_1_100' title='bbox 931 946 1165 986; x_wconf 81' lang='lat' dir='ltr'>certaminis</span> <span class='ocrx_word' id='word_1_101' title='bbox 1191 946 1386 996; x_wconf 90' lang='lat' dir='ltr'>fuissent,</span> <span class='ocrx_word' id='word_1_102' title='bbox 1418 947 1565 988; x_wconf 87' lang='lat' dir='ltr'>deinde</span> <span class='ocrx_word' id='word_1_103' title='bbox 1591 947 1676 989; x_wconf 84' lang='lat' dir='ltr'>Ro-</span> 
     </span>
     <span class='ocr_line' id='line_1_19' title="bbox 317 1006 1671 1063; baseline 0.003 -17"><span class='ocrx_word' id='word_1_104' title='bbox 317 1021 462 1047; x_wconf 89' lang='lat' dir='ltr'>manus</span> <span class='ocrx_word' id='word_1_105' title='bbox 488 1006 606 1048; x_wconf 88' lang='lat' dir='ltr'>miles</span> <span class='ocrx_word' id='word_1_106' title='bbox 631 1007 787 1048; x_wconf 89' lang='lat' dir='ltr'>ruendo</span> <span class='ocrx_word' id='word_1_107' title='bbox 813 1007 855 1047; x_wconf 93' lang='lat' dir='ltr'>in</span> <span class='ocrx_word' id='word_1_108' title='bbox 880 1023 994 1048; x_wconf 85' lang='lat' dir='ltr'>arma</span> <span class='ocrx_word' id='word_1_109' title='bbox 1019 1022 1067 1049; x_wconf 86' lang='lat' dir='ltr'>ac</span> <span class='ocrx_word' id='word_1_110' title='bbox 1092 1007 1396 1049; x_wconf 86' lang='lat' dir='ltr'>dimicationem</span> <span class='ocrx_word' id='word_1_111' title='bbox 1418 1008 1671 1063; x_wconf 88' lang='lat' dir='ltr'>aliquantum</span> 
     </span>
     <span class='ocr_line' id='line_1_20' title="bbox 318 1067 1672 1126; baseline 0.003 -18"><span class='ocrx_word' id='word_1_112' title='bbox 318 1067 521 1109; x_wconf 83' lang='lat' dir='ltr'>Gallicam</span> <span class='ocrx_word' id='word_1_113' title='bbox 546 1069 743 1110; x_wconf 87' lang='lat' dir='ltr'>ferociam</span> <span class='ocrx_word' id='word_1_114' title='bbox 768 1070 968 1119; x_wconf 73' lang='lat' dir='ltr'>vinceret,</span> <span class='ocrx_word' id='word_1_115' title='bbox 995 1070 1182 1111; x_wconf 84' lang='lat' dir='ltr'>dictatori</span> <span class='ocrx_word' id='word_1_116' title='bbox 1207 1071 1445 1124; x_wconf 84' lang='lat' dir='ltr'>neutiquam</span> <span class='ocrx_word' id='word_1_117' title='bbox 1470 1071 1672 1126; x_wconf 85' lang='lat' dir='ltr'>placebat,</span> 
     </span>
     <span class='ocr_line' id='line_1_21' title="bbox 316 1131 1675 1187; baseline 0.003 -17"><span class='ocrx_word' id='word_1_118' title='bbox 316 1131 481 1184; x_wconf 87' lang='lat' dir='ltr'>quando</span> <span class='ocrx_word' id='word_1_119' title='bbox 511 1131 624 1172; x_wconf 87' lang='lat' dir='ltr'>nulla</span> <span class='ocrx_word' id='word_1_120' title='bbox 653 1139 819 1187; x_wconf 89' lang='lat' dir='ltr'>cogeret</span> <span class='ocrx_word' id='word_1_121' title='bbox 847 1147 932 1181; x_wconf 87' lang='lat' dir='ltr'>res,</span> <span class='ocrx_word' id='word_1_122' title='bbox 965 1133 1154 1174; x_wconf 85' lang='lat' dir='ltr'>fortunae</span> <span class='ocrx_word' id='word_1_123' title='bbox 1181 1148 1224 1174; x_wconf 89' lang='lat' dir='ltr'>se</span> <span class='ocrx_word' id='word_1_124' title='bbox 1251 1133 1504 1174; x_wconf 87' lang='lat' dir='ltr'>committere</span> <span class='ocrx_word' id='word_1_125' title='bbox 1530 1134 1675 1174; x_wconf 80' lang='lat' dir='ltr'>adver-</span> 
     </span>
     <span class='ocr_line' id='line_1_22' title="bbox 317 1193 1672 1248; baseline 0.001 -14"><span class='ocrx_word' id='word_1_126' title='bbox 317 1207 387 1234; x_wconf 89' lang='lat' dir='ltr'>sus</span> <span class='ocrx_word' id='word_1_127' title='bbox 429 1193 609 1242; x_wconf 84' lang='lat' dir='ltr'>hostem,</span> <span class='ocrx_word' id='word_1_128' title='bbox 653 1208 776 1247; x_wconf 91' lang='lat' dir='ltr'>quem</span> <span class='ocrx_word' id='word_1_129' title='bbox 812 1201 975 1248; x_wconf 85' lang='lat' dir='ltr'>tempus</span> <span class='ocrx_word' id='word_1_130' title='bbox 1014 1195 1258 1236; x_wconf 85' lang='lat' dir='ltr'>deteriorem</span> <span class='ocrx_word' id='word_1_131' title='bbox 1293 1195 1336 1236; x_wconf 90' lang='lat' dir='ltr'>in</span> <span class='ocrx_word' id='word_1_132' title='bbox 1372 1196 1458 1237; x_wconf 89' lang='lat' dir='ltr'>dies</span> <span class='ocrx_word' id='word_1_133' title='bbox 1496 1203 1536 1236; x_wconf 88' lang='lat' dir='ltr'>et</span> <span class='ocrx_word' id='word_1_134' title='bbox 1570 1196 1672 1236; x_wconf 91' lang='lat' dir='ltr'>locis</span> 
     </span>
     <span class='ocr_line' id='line_1_23' title="bbox 318 1255 1672 1311; baseline 0.002 -16"><span class='ocrx_word' id='word_1_135' title='bbox 318 1255 461 1296; x_wconf 90' lang='lat' dir='ltr'>alicnis</span> <span class='ocrx_word' id='word_1_136' title='bbox 487 1255 640 1297; x_wconf 85' lang='lat' dir='ltr'>faceret</span> <span class='ocrx_word' id='word_1_137' title='bbox 667 1256 753 1297; x_wconf 90' lang='lat' dir='ltr'>sinc</span> <span class='ocrx_word' id='word_1_138' title='bbox 778 1265 1021 1311; x_wconf 86' lang='lat' dir='ltr'>praeparato</span> <span class='ocrx_word' id='word_1_139' title='bbox 1047 1264 1299 1307; x_wconf 89' lang='lat' dir='ltr'>commeatu,</span> <span class='ocrx_word' id='word_1_140' title='bbox 1328 1258 1415 1298; x_wconf 89' lang='lat' dir='ltr'>sinc.</span> <span class='ocrx_word' id='word_1_141' title='bbox 1439 1258 1557 1299; x_wconf 89' lang='lat' dir='ltr'>firmo</span> <span class='ocrx_word' id='word_1_142' title='bbox 1583 1273 1672 1298; x_wconf 89' lang='lat' dir='ltr'>mu-</span> 
     </span>
     <span class='ocr_line' id='line_1_24' title="bbox 317 1317 1674 1374; baseline 0.001 -16"><span class='ocrx_word' id='word_1_143' title='bbox 317 1317 498 1359; x_wconf 90' lang='lat' dir='ltr'>nimento</span> <span class='ocrx_word' id='word_1_144' title='bbox 523 1325 769 1367; x_wconf 87' lang='lat' dir='ltr'>morantem,</span> <span class='ocrx_word' id='word_1_145' title='bbox 797 1319 848 1359; x_wconf 87' lang='lat' dir='ltr'>ad</span> <span class='ocrx_word' id='word_1_146' title='bbox 868 1319 945 1360; x_wconf 90' lang='lat' dir='ltr'>hoc</span> <span class='ocrx_word' id='word_1_147' title='bbox 964 1319 1013 1359; x_wconf 90' lang='lat' dir='ltr'>iis</span> <span class='ocrx_word' id='word_1_148' title='bbox 1035 1319 1274 1374; x_wconf 88' lang='lat' dir='ltr'>corporibus</span> <span class='ocrx_word' id='word_1_149' title='bbox 1297 1320 1545 1373; x_wconf 83' lang='lat' dir='ltr'>animisque,</span> <span class='ocrx_word' id='word_1_150' title='bbox 1572 1335 1674 1374; x_wconf 89' lang='lat' dir='ltr'>quo-</span> 
     </span>
     <span class='ocr_line' id='line_1_25' title="bbox 316 1382 1673 1437; baseline 0.002 -17"><span class='ocrx_word' id='word_1_151' title='bbox 316 1396 408 1421; x_wconf 87' lang='lat' dir='ltr'>rum</span> <span class='ocrx_word' id='word_1_152' title='bbox 433 1382 564 1422; x_wconf 89' lang='lat' dir='ltr'>omnis</span> <span class='ocrx_word' id='word_1_153' title='bbox 591 1382 631 1422; x_wconf 91' lang='lat' dir='ltr'>in</span> <span class='ocrx_word' id='word_1_154' title='bbox 656 1382 812 1436; x_wconf 87' lang='lat' dir='ltr'>impetu</span> <span class='ocrx_word' id='word_1_155' title='bbox 837 1382 899 1422; x_wconf 73' lang='lat' dir='ltr'>vis</span> <span class='ocrx_word' id='word_1_156' title='bbox 926 1390 1052 1431; x_wconf 90' lang='lat' dir='ltr'>esset,</span> <span class='ocrx_word' id='word_1_157' title='bbox 1079 1397 1206 1436; x_wconf 78' lang='lat' dir='ltr'>parva</span> <span class='ocrx_word' id='word_1_158' title='bbox 1225 1383 1369 1423; x_wconf 87' lang='lat' dir='ltr'>cadcm</span> <span class='ocrx_word' id='word_1_159' title='bbox 1388 1382 1673 1437; x_wconf 80' lang='lat' dir='ltr'>languesceret</span> 
     </span>
     <span class='ocr_line' id='line_1_26' title="bbox 317 1458 443 1484; baseline 0 0"><span class='ocrx_word' id='word_1_160' title='bbox 317 1458 443 1484; x_wconf 89' lang='lat' dir='ltr'>mora.</span> 
     </span>
    </p>

    <p class='ocr_par' dir='ltr' id='par_1_9' title="bbox 316 1506 1674 2496">
     <span class='ocr_line' id='line_1_27' title="bbox 402 1506 1671 1563; baseline 0.002 -16"><span class='ocrx_word' id='word_1_161' title='bbox 402 1506 484 1548; x_wconf 91' lang='lat' dir='ltr'>His</span> <span class='ocrx_word' id='word_1_162' title='bbox 533 1508 712 1548; x_wconf 88' lang='lat' dir='ltr'>consiliis</span> <span class='ocrx_word' id='word_1_163' title='bbox 755 1508 929 1548; x_wconf 89' lang='lat' dir='ltr'>dictator</span> <span class='ocrx_word' id='word_1_164' title='bbox 970 1507 1124 1548; x_wconf 89' lang='lat' dir='ltr'>bellum</span> <span class='ocrx_word' id='word_1_165' title='bbox 1166 1507 1371 1557; x_wconf 89' lang='lat' dir='ltr'>trahebat,</span> <span class='ocrx_word' id='word_1_166' title='bbox 1420 1523 1671 1563; x_wconf 78' lang='lat' dir='ltr'>gravemque</span> 
     </span>
     <span class='ocr_line' id='line_1_28' title="bbox 317 1568 1670 1626; baseline 0.002 -18"><span class='ocrx_word' id='word_1_167' title='bbox 317 1568 500 1609; x_wconf 81' lang='lat' dir='ltr'>edixerat</span> <span class='ocrx_word' id='word_1_168' title='bbox 530 1584 724 1623; x_wconf 90' lang='lat' dir='ltr'>poenam,</span> <span class='ocrx_word' id='word_1_169' title='bbox 764 1570 799 1610; x_wconf 92' lang='lat' dir='ltr'>si</span> <span class='ocrx_word' id='word_1_170' title='bbox 834 1570 926 1623; x_wconf 87' lang='lat' dir='ltr'>quis</span> <span class='ocrx_word' id='word_1_171' title='bbox 963 1570 1123 1611; x_wconf 87' lang='lat' dir='ltr'>iniussu</span> <span class='ocrx_word' id='word_1_172' title='bbox 1158 1570 1200 1610; x_wconf 92' lang='lat' dir='ltr'>in</span> <span class='ocrx_word' id='word_1_173' title='bbox 1236 1570 1395 1611; x_wconf 80' lang='lat' dir='ltr'>hostem</span> <span class='ocrx_word' id='word_1_174' title='bbox 1432 1579 1670 1626; x_wconf 81' lang='lat' dir='ltr'>pugnasset.</span> 
     </span>
     <span class='ocr_line' id='line_1_29' title="bbox 317 1630 1671 1687; baseline 0.004 -18"><span class='ocrx_word' id='word_1_175' title='bbox 317 1630 466 1672; x_wconf 89' lang='lat' dir='ltr'>milites</span> <span class='ocrx_word' id='word_1_176' title='bbox 498 1646 619 1686; x_wconf 80' lang='lat' dir='ltr'>aegre</span> <span class='ocrx_word' id='word_1_177' title='bbox 650 1632 693 1672; x_wconf 84' lang='lat' dir='ltr'>id</span> <span class='ocrx_word' id='word_1_178' title='bbox 716 1632 918 1686; x_wconf 88' lang='lat' dir='ltr'>patientes</span> <span class='ocrx_word' id='word_1_179' title='bbox 945 1632 1077 1686; x_wconf 86' lang='lat' dir='ltr'>primo</span> <span class='ocrx_word' id='word_1_180' title='bbox 1102 1632 1145 1672; x_wconf 89' lang='lat' dir='ltr'>in</span> <span class='ocrx_word' id='word_1_181' title='bbox 1170 1631 1412 1673; x_wconf 90' lang='lat' dir='ltr'>stationibus</span> <span class='ocrx_word' id='word_1_182' title='bbox 1438 1633 1671 1687; x_wconf 72' lang='lat' dir='ltr'>vigiliisque</span> 
     </span>
     <span class='ocr_line' id='line_1_30' title="bbox 316 1692 1672 1748; baseline 0.002 -16"><span class='ocrx_word' id='word_1_183' title='bbox 316 1692 421 1733; x_wconf 88' lang='lat' dir='ltr'>inter</span> <span class='ocrx_word' id='word_1_184' title='bbox 452 1708 495 1734; x_wconf 86' lang='lat' dir='ltr'>sc</span> <span class='ocrx_word' id='word_1_185' title='bbox 527 1694 768 1735; x_wconf 88' lang='lat' dir='ltr'>dictatorem</span> <span class='ocrx_word' id='word_1_186' title='bbox 800 1693 1058 1735; x_wconf 87' lang='lat' dir='ltr'>sermonibus</span> <span class='ocrx_word' id='word_1_187' title='bbox 1091 1708 1275 1748; x_wconf 87' lang='lat' dir='ltr'>carpere,</span> <span class='ocrx_word' id='word_1_188' title='bbox 1306 1694 1510 1734; x_wconf 87' lang='lat' dir='ltr'>interdum</span> <span class='ocrx_word' id='word_1_189' title='bbox 1536 1703 1672 1748; x_wconf 88' lang='lat' dir='ltr'>patres</span> 
     </span>
     <span class='ocr_line' id='line_1_31' title="bbox 317 1756 1673 1813; baseline 0.003 -18"><span class='ocrx_word' id='word_1_190' title='bbox 317 1756 588 1797; x_wconf 87' lang='lat' dir='ltr'>communiter</span> <span class='ocrx_word' id='word_1_191' title='bbox 617 1757 848 1811; x_wconf 87' lang='lat' dir='ltr'>increpare,</span> <span class='ocrx_word' id='word_1_192' title='bbox 886 1757 997 1811; x_wconf 90' lang='lat' dir='ltr'>quod</span> <span class='ocrx_word' id='word_1_193' title='bbox 1025 1772 1109 1798; x_wconf 88' lang='lat' dir='ltr'>non</span> <span class='ocrx_word' id='word_1_194' title='bbox 1138 1757 1357 1799; x_wconf 85' lang='lat' dir='ltr'>iussissent</span> <span class='ocrx_word' id='word_1_195' title='bbox 1387 1772 1459 1813; x_wconf 88' lang='lat' dir='ltr'>per</span> <span class='ocrx_word' id='word_1_196' title='bbox 1484 1758 1673 1800; x_wconf 86' lang='lat' dir='ltr'>consules</span> 
     </span>
     <span class='ocr_line' id='line_1_32' title="bbox 317 1819 1672 1875; baseline 0.001 -16"><span class='ocrx_word' id='word_1_197' title='bbox 317 1819 405 1873; x_wconf 89' lang='lat' dir='ltr'>geri</span> <span class='ocrx_word' id='word_1_198' title='bbox 436 1819 608 1860; x_wconf 89' lang='lat' dir='ltr'>bellum:</span> <span class='ocrx_word' id='word_1_199' title='bbox 647 1820 823 1860; x_wconf 89' lang='lat' dir='ltr'>electum</span> <span class='ocrx_word' id='word_1_200' title='bbox 855 1835 946 1861; x_wconf 86' lang='lat' dir='ltr'>esse</span> <span class='ocrx_word' id='word_1_201' title='bbox 972 1821 1168 1861; x_wconf 78' lang='lat' dir='ltr'>eximium</span> <span class='ocrx_word' id='word_1_202' title='bbox 1193 1821 1481 1875; x_wconf 89' lang='lat' dir='ltr'>imperatorem</span> <span class='ocrx_word' id='word_1_203' title='bbox 1507 1821 1672 1863; x_wconf 88' lang='lat' dir='ltr'>unicum</span> 
     </span>
     <span class='ocr_line' id='line_1_33' title="bbox 317 1881 1674 1937; baseline 0.001 -16"><span class='ocrx_word' id='word_1_204' title='bbox 317 1881 482 1930; x_wconf 83' lang='lat' dir='ltr'>(lucem,</span> <span class='ocrx_word' id='word_1_205' title='bbox 532 1882 601 1934; x_wconf 88' lang='lat' dir='ltr'>qui</span> <span class='ocrx_word' id='word_1_206' title='bbox 643 1882 744 1922; x_wconf 88' lang='lat' dir='ltr'>nihil</span> <span class='ocrx_word' id='word_1_207' title='bbox 787 1882 926 1937; x_wconf 89' lang='lat' dir='ltr'>agenti</span> <span class='ocrx_word' id='word_1_208' title='bbox 962 1882 1040 1923; x_wconf 86' lang='lat' dir='ltr'>sibi</span> <span class='ocrx_word' id='word_1_209' title='bbox 1078 1883 1128 1923; x_wconf 89' lang='lat' dir='ltr'>de</span> <span class='ocrx_word' id='word_1_210' title='bbox 1165 1882 1278 1923; x_wconf 92' lang='lat' dir='ltr'>caelo</span> <span class='ocrx_word' id='word_1_211' title='bbox 1315 1883 1596 1924; x_wconf 65' lang='lat' dir='ltr'>devolaturam</span> <span class='ocrx_word' id='word_1_212' title='bbox 1631 1883 1674 1924; x_wconf 93' lang='lat' dir='ltr'>in</span> 
     </span>
     <span class='ocr_line' id='line_1_34' title="bbox 318 1943 1671 1986; baseline 0.002 -3"><span class='ocrx_word' id='word_1_213' title='bbox 318 1943 453 1983; x_wconf 87' lang='lat' dir='ltr'>sinum</span> <span class='ocrx_word' id='word_1_214' title='bbox 494 1944 708 1984; x_wconf 65' lang='lat' dir='ltr'>victoriam</span> <span class='ocrx_word' id='word_1_215' title='bbox 751 1951 929 1985; x_wconf 90' lang='lat' dir='ltr'>censeat.</span> <span class='ocrx_word' id='word_1_216' title='bbox 991 1945 1135 1986; x_wconf 87' lang='lat' dir='ltr'>eadem</span> <span class='ocrx_word' id='word_1_217' title='bbox 1177 1945 1325 1985; x_wconf 89' lang='lat' dir='ltr'>deinde</span> <span class='ocrx_word' id='word_1_218' title='bbox 1361 1945 1462 1985; x_wconf 91' lang='lat' dir='ltr'>hacc</span> <span class='ocrx_word' id='word_1_219' title='bbox 1499 1945 1671 1986; x_wconf 88' lang='lat' dir='ltr'>interdiu</span> 
     </span>
     <span class='ocr_line' id='line_1_35' title="bbox 316 2005 1673 2061; baseline 0.001 -16"><span class='ocrx_word' id='word_1_220' title='bbox 316 2005 530 2060; x_wconf 88' lang='lat' dir='ltr'>propalam</span> <span class='ocrx_word' id='word_1_221' title='bbox 556 2020 603 2046; x_wconf 90' lang='lat' dir='ltr'>ac</span> <span class='ocrx_word' id='word_1_222' title='bbox 628 2006 828 2047; x_wconf 85' lang='lat' dir='ltr'>ferociora</span> <span class='ocrx_word' id='word_1_223' title='bbox 852 2007 917 2047; x_wconf 88' lang='lat' dir='ltr'>his</span> <span class='ocrx_word' id='word_1_224' title='bbox 943 2007 1112 2047; x_wconf 89' lang='lat' dir='ltr'>iactare:</span> <span class='ocrx_word' id='word_1_225' title='bbox 1151 2021 1194 2048; x_wconf 90' lang='lat' dir='ltr'>se</span> <span class='ocrx_word' id='word_1_226' title='bbox 1225 2007 1387 2048; x_wconf 90' lang='lat' dir='ltr'>iniussu</span> <span class='ocrx_word' id='word_1_227' title='bbox 1416 2007 1673 2061; x_wconf 86' lang='lat' dir='ltr'>imperatoris</span> 
     </span>
     <span class='ocr_line' id='line_1_36' title="bbox 318 2068 1673 2124; baseline 0.001 -16"><span class='ocrx_word' id='word_1_228' title='bbox 318 2075 387 2108; x_wconf 85' lang='lat' dir='ltr'>aut</span> <span class='ocrx_word' id='word_1_229' title='bbox 412 2068 677 2109; x_wconf 88' lang='lat' dir='ltr'>dimicaturos</span> <span class='ocrx_word' id='word_1_230' title='bbox 703 2076 773 2109; x_wconf 91' lang='lat' dir='ltr'>aut</span> <span class='ocrx_word' id='word_1_231' title='bbox 799 2069 962 2124; x_wconf 80' lang='lat' dir='ltr'>agmine</span> <span class='ocrx_word' id='word_1_232' title='bbox 988 2069 1164 2110; x_wconf 84' lang='lat' dir='ltr'>Romam</span> <span class='ocrx_word' id='word_1_233' title='bbox 1195 2069 1336 2110; x_wconf 90' lang='lat' dir='ltr'>ituros.</span> <span class='ocrx_word' id='word_1_234' title='bbox 1386 2069 1673 2122; x_wconf 86' lang='lat' dir='ltr'>inmiscerique</span> 
     </span>
     <span class='ocr_line' id='line_1_37' title="bbox 317 2129 1671 2180; baseline 0.001 -10"><span class='ocrx_word' id='word_1_235' title='bbox 317 2130 398 2170; x_wconf 89' lang='lat' dir='ltr'>iam</span> <span class='ocrx_word' id='word_1_236' title='bbox 429 2129 626 2171; x_wconf 89' lang='lat' dir='ltr'>militibus</span> <span class='ocrx_word' id='word_1_237' title='bbox 659 2131 935 2180; x_wconf 87' lang='lat' dir='ltr'>centuriones,</span> <span class='ocrx_word' id='word_1_238' title='bbox 972 2146 1047 2171; x_wconf 80' lang='lat' dir='ltr'>nec</span> <span class='ocrx_word' id='word_1_239' title='bbox 1077 2131 1119 2172; x_wconf 91' lang='lat' dir='ltr'>in</span> <span class='ocrx_word' id='word_1_240' title='bbox 1151 2131 1312 2172; x_wconf 90' lang='lat' dir='ltr'>circulis</span> <span class='ocrx_word' id='word_1_241' title='bbox 1337 2131 1460 2172; x_wconf 89' lang='lat' dir='ltr'>modo</span> <span class='ocrx_word' id='word_1_242' title='bbox 1485 2131 1671 2180; x_wconf 88' lang='lat' dir='ltr'>fremere,</span> 
     </span>
     <span class='ocr_line' id='line_1_38' title="bbox 318 2192 1673 2248; baseline 0.001 -16"><span class='ocrx_word' id='word_1_243' title='bbox 318 2193 391 2233; x_wconf 87' lang='lat' dir='ltr'>scd</span> <span class='ocrx_word' id='word_1_244' title='bbox 410 2193 491 2233; x_wconf 89' lang='lat' dir='ltr'>iam</span> <span class='ocrx_word' id='word_1_245' title='bbox 516 2193 556 2232; x_wconf 93' lang='lat' dir='ltr'>in</span> <span class='ocrx_word' id='word_1_246' title='bbox 582 2192 792 2247; x_wconf 85' lang='lat' dir='ltr'>principiis</span> <span class='ocrx_word' id='word_1_247' title='bbox 818 2207 865 2233; x_wconf 90' lang='lat' dir='ltr'>ac</span> <span class='ocrx_word' id='word_1_248' title='bbox 891 2193 1095 2248; x_wconf 89' lang='lat' dir='ltr'>practorio</span> <span class='ocrx_word' id='word_1_249' title='bbox 1119 2193 1162 2233; x_wconf 90' lang='lat' dir='ltr'>in</span> <span class='ocrx_word' id='word_1_250' title='bbox 1186 2208 1315 2233; x_wconf 89' lang='lat' dir='ltr'>unum</span> <span class='ocrx_word' id='word_1_251' title='bbox 1342 2207 1551 2234; x_wconf 86' lang='lat' dir='ltr'>sermones</span> <span class='ocrx_word' id='word_1_252' title='bbox 1578 2207 1673 2235; x_wconf 90' lang='lat' dir='ltr'>con-</span> 
     </span>
     <span class='ocr_line' id='line_1_39' title="bbox 317 2255 1673 2311; baseline 0.001 -17"><span class='ocrx_word' id='word_1_253' title='bbox 317 2255 435 2295; x_wconf 86' lang='lat' dir='ltr'>fundi</span> <span class='ocrx_word' id='word_1_254' title='bbox 466 2261 587 2308; x_wconf 88' lang='lat' dir='ltr'>atque</span> <span class='ocrx_word' id='word_1_255' title='bbox 617 2255 660 2295; x_wconf 91' lang='lat' dir='ltr'>in</span> <span class='ocrx_word' id='word_1_256' title='bbox 691 2255 891 2296; x_wconf 86' lang='lat' dir='ltr'>contionis</span> <span class='ocrx_word' id='word_1_257' title='bbox 924 2255 1249 2311; x_wconf 82' lang='lat' dir='ltr'>magnitudinem</span> <span class='ocrx_word' id='word_1_258' title='bbox 1282 2269 1464 2296; x_wconf 88' lang='lat' dir='ltr'>crescere</span> <span class='ocrx_word' id='word_1_259' title='bbox 1490 2255 1610 2297; x_wconf 88' lang='lat' dir='ltr'>turba</span> <span class='ocrx_word' id='word_1_260' title='bbox 1634 2262 1673 2297; x_wconf 89' lang='lat' dir='ltr'>et</span> 
     </span>
     <span class='ocr_line' id='line_1_40' title="bbox 318 2316 1673 2371; baseline 0.001 -14"><span class='ocrx_word' id='word_1_261' title='bbox 318 2317 542 2357; x_wconf 73' lang='lat' dir='ltr'>vociferare</span> <span class='ocrx_word' id='word_1_262' title='bbox 575 2331 626 2357; x_wconf 77' lang='lat' dir='ltr'>ex</span> <span class='ocrx_word' id='word_1_263' title='bbox 657 2316 847 2358; x_wconf 88' lang='lat' dir='ltr'>omnibus</span> <span class='ocrx_word' id='word_1_264' title='bbox 880 2317 998 2366; x_wconf 89' lang='lat' dir='ltr'>locis,</span> <span class='ocrx_word' id='word_1_265' title='bbox 1037 2324 1081 2357; x_wconf 92' lang='lat' dir='ltr'>ut</span> <span class='ocrx_word' id='word_1_266' title='bbox 1112 2317 1318 2371; x_wconf 80' lang='lat' dir='ltr'>extemplo</span> <span class='ocrx_word' id='word_1_267' title='bbox 1351 2317 1402 2357; x_wconf 87' lang='lat' dir='ltr'>ad</span> <span class='ocrx_word' id='word_1_268' title='bbox 1433 2317 1673 2359; x_wconf 88' lang='lat' dir='ltr'>dictatorem</span> 
     </span>
     <span class='ocr_line' id='line_1_41' title="bbox 318 2377 1670 2434; baseline 0.001 -15"><span class='ocrx_word' id='word_1_269' title='bbox 318 2379 455 2427; x_wconf 89' lang='lat' dir='ltr'>iretur,</span> <span class='ocrx_word' id='word_1_270' title='bbox 482 2378 607 2420; x_wconf 74' lang='lat' dir='ltr'>verba</span> <span class='ocrx_word' id='word_1_271' title='bbox 632 2394 706 2434; x_wconf 90' lang='lat' dir='ltr'>pro</span> <span class='ocrx_word' id='word_1_272' title='bbox 733 2379 915 2420; x_wconf 78' lang='lat' dir='ltr'>exercitu</span> <span class='ocrx_word' id='word_1_273' title='bbox 939 2380 1093 2420; x_wconf 86' lang='lat' dir='ltr'>faceret</span> <span class='ocrx_word' id='word_1_274' title='bbox 1120 2377 1216 2420; x_wconf 77' lang='lat' dir='ltr'>Sex.</span> <span class='ocrx_word' id='word_1_275' title='bbox 1239 2379 1420 2429; x_wconf 88' lang='lat' dir='ltr'>Tullius,</span> <span class='ocrx_word' id='word_1_276' title='bbox 1454 2386 1498 2419; x_wconf 88' lang='lat' dir='ltr'>ut</span> <span class='ocrx_word' id='word_1_277' title='bbox 1522 2379 1670 2420; x_wconf 71' lang='lat' dir='ltr'>virtute</span> 
     </span>
     <span class='ocr_line' id='line_1_42' title="bbox 320 2441 753 2496; baseline 0.002 -15"><span class='ocrx_word' id='word_1_278' title='bbox 320 2441 407 2482; x_wconf 91' lang='lat' dir='ltr'>eius</span> <span class='ocrx_word' id='word_1_279' title='bbox 433 2441 605 2496; x_wconf 84' lang='lat' dir='ltr'>dignum</span> <span class='ocrx_word' id='word_1_280' title='bbox 631 2448 753 2482; x_wconf 88' lang='lat' dir='ltr'>esset.</span> 
     </span>
    </p>

    <p class='ocr_par' dir='ltr' id='par_1_10' title="bbox 316 2502 1672 2745">
     <span class='ocr_line' id='line_1_43' title="bbox 402 2502 1671 2558; baseline -0.001 -15"><span class='ocrx_word' id='word_1_281' title='bbox 402 2503 532 2543; x_wconf 78' lang='lat' dir='ltr'>XIII.</span> <span class='ocrx_word' id='word_1_282' title='bbox 584 2502 817 2557; x_wconf 85' lang='lat' dir='ltr'>Septimum</span> <span class='ocrx_word' id='word_1_283' title='bbox 843 2503 1019 2558; x_wconf 89' lang='lat' dir='ltr'>primum</span> <span class='ocrx_word' id='word_1_284' title='bbox 1045 2503 1174 2557; x_wconf 89' lang='lat' dir='ltr'>pilum</span> <span class='ocrx_word' id='word_1_285' title='bbox 1198 2503 1280 2543; x_wconf 90' lang='lat' dir='ltr'>iam</span> <span class='ocrx_word' id='word_1_286' title='bbox 1307 2502 1470 2543; x_wconf 92' lang='lat' dir='ltr'>Tullius</span> <span class='ocrx_word' id='word_1_287' title='bbox 1496 2502 1671 2544; x_wconf 86' lang='lat' dir='ltr'>ducebat</span> 
     </span>
     <span class='ocr_line' id='line_1_44' title="bbox 316 2564 1672 2619; baseline 0 -15"><span class='ocrx_word' id='word_1_288' title='bbox 316 2579 449 2618; x_wconf 87' lang='lat' dir='ltr'>neque</span> <span class='ocrx_word' id='word_1_289' title='bbox 485 2572 571 2605; x_wconf 91' lang='lat' dir='ltr'>crat</span> <span class='ocrx_word' id='word_1_290' title='bbox 607 2565 647 2605; x_wconf 92' lang='lat' dir='ltr'>in</span> <span class='ocrx_word' id='word_1_291' title='bbox 680 2566 880 2614; x_wconf 83' lang='lat' dir='ltr'>exercitu,</span> <span class='ocrx_word' id='word_1_292' title='bbox 918 2565 989 2618; x_wconf 87' lang='lat' dir='ltr'>qui</span> <span class='ocrx_word' id='word_1_293' title='bbox 1026 2565 1190 2618; x_wconf 88' lang='lat' dir='ltr'>quidem</span> <span class='ocrx_word' id='word_1_294' title='bbox 1228 2565 1435 2619; x_wconf 86' lang='lat' dir='ltr'>pedestria</span> <span class='ocrx_word' id='word_1_295' title='bbox 1471 2564 1672 2619; x_wconf 88' lang='lat' dir='ltr'>stipendia</span> 
     </span>
     <span class='ocr_line' id='line_1_45' title="bbox 317 2626 1668 2682; baseline -0.001 -16"><span class='ocrx_word' id='word_1_296' title='bbox 317 2626 502 2676; x_wconf 85' lang='lat' dir='ltr'>fecisset,</span> <span class='ocrx_word' id='word_1_297' title='bbox 530 2628 592 2667; x_wconf 66' lang='lat' dir='ltr'>vir</span> <span class='ocrx_word' id='word_1_298' title='bbox 617 2628 736 2668; x_wconf 89' lang='lat' dir='ltr'>factis</span> <span class='ocrx_word' id='word_1_299' title='bbox 762 2627 949 2668; x_wconf 88' lang='lat' dir='ltr'>nobilior.</span> <span class='ocrx_word' id='word_1_300' title='bbox 986 2627 1022 2668; x_wconf 92' lang='lat' dir='ltr'>is</span> <span class='ocrx_word' id='word_1_301' title='bbox 1048 2627 1298 2681; x_wconf 88' lang='lat' dir='ltr'>praecedens</span> <span class='ocrx_word' id='word_1_302' title='bbox 1322 2626 1498 2667; x_wconf 90' lang='lat' dir='ltr'>militum</span> <span class='ocrx_word' id='word_1_303' title='bbox 1523 2640 1668 2682; x_wconf 86' lang='lat' dir='ltr'>agmen</span> 
     </span>
     <span class='ocr_line' id='line_1_46' title="bbox 317 2687 1668 2745; baseline 0 -18"><span class='ocrx_word' id='word_1_304' title='bbox 317 2687 369 2727; x_wconf 90' lang='lat' dir='ltr'>ad</span> <span class='ocrx_word' id='word_1_305' title='bbox 394 2688 571 2730; x_wconf 88' lang='lat' dir='ltr'>tribunal</span> <span class='ocrx_word' id='word_1_306' title='bbox 596 2690 729 2745; x_wconf 83' lang='lat' dir='ltr'>pergit</span> <span class='ocrx_word' id='word_1_307' title='bbox 755 2689 1000 2744; x_wconf 87' lang='lat' dir='ltr'>mirantique</span> <span class='ocrx_word' id='word_1_308' title='bbox 1028 2688 1212 2744; x_wconf 84' lang='lat' dir='ltr'>Sulpicio</span> <span class='ocrx_word' id='word_1_309' title='bbox 1237 2703 1319 2730; x_wconf 91' lang='lat' dir='ltr'>non</span> <span class='ocrx_word' id='word_1_310' title='bbox 1345 2688 1507 2730; x_wconf 86' lang='lat' dir='ltr'>turbam</span> <span class='ocrx_word' id='word_1_311' title='bbox 1538 2687 1668 2742; x_wconf 80' lang='lat' dir='ltr'>magis</span> 
     </span>
    </p>
   </div>
  </div>
 </body>
</html>
