1835 3226
359 174 441 216 528
664 180 818 214 LIBER
842 180 896 223 x,
923 180 976 213 31.
996 180 1048 213 32.
1078 182 1220 224 [a.u.e.
1237 181 1409 226 450400]

315 300 332 330 6
357 290 586 340 pugnatum
611 282 888 323 infestissimis
914 282 1079 332 animis,
1105 282 1200 323 hinc
1224 283 1284 324 ira
1309 284 1542 326 stimulante
1567 286 1709 328 adver-

358 361 427 387 sus
458 344 701 386 rebellantes
733 344 898 393 totiens,
930 344 1040 385 illinc
1065 343 1116 385 ab
1142 344 1285 385 ultima
1314 345 1396 386 iam
1421 345 1708 389 dimicantibus

313 422 329 450 7
359 422 443 462 spe.
493 421 613 447 caesa
638 420 736 461 ergo
763 404 1010 447 Samnitium
1037 406 1216 447 sedecim
1241 407 1353 447 milia
1377 408 1563 457 trecenti,
1590 416 1710 463 capta

356 469 438 509 duo
463 468 575 509 milia
606 468 872 523 septingenti3
909 482 960 509 ex
984 468 1172 509 Romano
1203 470 1383 510 exercitu
1414 470 1596 511 cecidere
1627 471 1708 511 duo

355 531 468 572 milia
493 530 752 585 septingenti.

309 607 328 634 s
433 593 553 633 Felix
578 608 708 634 annus
733 592 890 634 bellicis
915 591 1051 642 rebus,
1077 592 1310 647 pestilentia
1333 594 1471 648 gravis
1492 593 1709 649 prodigiis-

353 670 433 709 que
465 655 676 696 sollicitus.
725 670 819 695 nam
845 661 885 695 01
909 660 1058 695 terram
1088 655 1352 696 multifariam
1383 655 1565 710 pluvisse
1596 663 1636 697 01
1665 656 1705 696 111

352 717 534 759 exercitu
552 716 636 772 Ap.
652 716 816 758 Claudii
840 716 1057 771 plerosque
1082 716 1323 757 fulminibus
1348 717 1450 758 ictos
1476 717 1705 758 nuntiatum

308 793 325 822 9
353 786 426 828 cst,
447 779 620 832 librique
641 778 693 820 ob
712 777 814 819 haec
834 778 945 818 aditi.
989 792 1037 819 00
1057 793 1163 819 anno
1184 777 1236 831 Q.
1250 777 1408 819 Fabius
1425 777 1589 834 Gurges
1609 793 1706 820 con-

352 841 452 883 sulis
478 842 586 882 filius
612 841 766 894 aliquot
796 846 1003 881 matronas
1029 840 1082 881 ad
1111 840 1309 895 populum
1336 841 1466 895 stupri
1491 841 1704 882 damnatas

349 904 523 959 pecunia
554 903 759 952 multavit,
792 917 843 943 cx
868 916 950 956 quo
982 902 1205 944 multaticio
1231 917 1323 944 aere
1347 902 1520 945 Veneris
1546 903 1703 953 aedem,

349 981 454 1019 quae
479 980 606 1020 prope
632 965 786 1006 circum
811 970 884 1013 est,
911 964 1142 1005 faciendam
1168 964 1337 1006 curavit.

286 1042 324 1071 10
432 1027 665 1082 Supersunt
691 1027 814 1068 etiam
838 1040 946 1067 nunc
967 1024 1216 1067 Samnitium
1240 1026 1359 1076 bella,
1385 1041 1490 1081 quae
1515 1027 1707 1068 continua.

350 1104 423 1144 per
447 1096 637 1143 quartum
667 1089 749 1130 iam
779 1088 974 1130 volumen
1005 1103 1240 1142 annumque
1272 1096 1434 1130 sextum
1465 1095 1505 1130 ct
1529 1089 1704 1142 quadra-

348 1152 582 1206 gensimum
608 1166 633 1192 a
649 1150 710 1191 M.
726 1150 904 1199 Valerio,
925 1150 978 1191 A.
996 1150 1189 1192 Cornelio
1214 1150 1463 1200 consulibus,
1491 1151 1560 1204 qui
1584 1151 1705 1205 primi

286 1228 320 1255 11
352 1213 521 1255 Samnio
547 1228 660 1253 arma
684 1212 924 1260 intulerunt,
952 1212 1126 1267 agimus.
1177 1219 1216 1254 et
1240 1228 1291 1253 ne
1316 1219 1374 1253 tot
1399 1228 1598 1254 annorum
1623 1212 1705 1253 cla-

349 1275 423 1316 des
448 1275 661 1327 utriusque
692 1274 826 1329 gentis
858 1274 1102 1327 laboresque
1128 1282 1241 1316 actos
1267 1290 1375 1316 nunc
1399 1275 1587 1323 referam,
1614 1275 1704 1328 qui-

284 1350 322 1379 12
348 1337 426 1378 bus
457 1336 714 1389 nequiverint
745 1342 882 1376 tamen
913 1335 1015 1376 dura
1050 1335 1119 1376 illa
1154 1343 1321 1390 pectora
1350 1337 1477 1385 vinci,
1515 1337 1701 1390 proximo

349 1414 455 1440 anno
483 1397 690 1439 Samnites
721 1398 762 1438 in
796 1396 999 1439 Sentinati
1030 1412 1128 1451 agro
1159 1397 1370 1452 Paelignis
1402 1398 1454 1438 ad
1485 1398 1700 1439 Tifernum

350 1459 590 1501 Stellatibus
617 1459 791 1512 campis,
825 1459 909 1499 suis
935 1458 1013 1513 ipsi
1038 1459 1286 1514 legionibus,
1319 1459 1435 1499 mixti
1460 1459 1621 1508 alienis,
1648 1459 1699 1500 ab

347 1528 540 1574 quattuor
581 1520 826 1561 exercitibus
843 1551 852 1568 ‚
902 1526 1094 1573 quattuor
1135 1520 1307 1561 ducibus
1350 1521 1548 1562 Romanis
1591 1522 1699 1562 caesi

345 1584 525 1631 fuerant,
557 1582 843 1636 imperatorem
874 1581 1146 1622 clarissimum
1177 1582 1310 1636 gentis
1344 1597 1442 1623 suae
1467 1583 1699 1631 amiserant,

282 1660 321 1689 13
348 1645 482 1686 socios
514 1644 611 1685 belli
634 1648 854 1692 Etruscos,
885 1642 1088 1693 Umbros,
1116 1642 1259 1684 Gallos
1291 1644 1332 1684 in
1363 1645 1506 1685 eadem
1536 1645 1700 1686 fortuna

346 1707 558 1756 videbant,
597 1721 678 1760 qua
708 1706 788 1760 ipsi
818 1712 949 1755 crant,
987 1719 1063 1746 nec
1101 1706 1185 1746 suis
1222 1720 1298 1746 1100
1329 1706 1507 1747 externis
1546 1706 1700 1748 viribus

282 1785 321 1813 14
346 1770 427 1810 iam
454 1775 559 1809 stare
584 1774 773 1823 poterant
798 1792 851 1795 —
877 1774 1013 1808 tamen
1037 1767 1144 1808 bello
1169 1783 1252 1808 non
1283 1767 1560 1809 abstinebant:
1597 1769 1699 1810 adeo

345 1847 396 1872 110
422 1831 639 1872 infeliciter
663 1830 829 1884 quidem
860 1830 1055 1871 defensae
1085 1829 1282 1871 libertatis
1315 1830 1505 1871 taedebat
1529 1836 1568 1872 et
1592 1831 1699 1872 vinci

281 1910 319 1937 15
345 1909 469 1948 quam
501 1908 584 1934 non
609 1900 807 1947 temptare
833 1893 1045 1934 victoriam
1070 1891 1288 1934 malebant.
1338 1893 1505 1946 quinam
1537 1893 1589 1934 sit
1618 1893 1697 1943 1110,

344 1971 467 2010 (1110111
498 1956 637 2011 pigeat
671 1955 982 2010 longinquitatis
1018 1954 1218 1996 bellorum
1256 1955 1470 1996 scribendo
1505 1955 1700 2011 legendo-

345 2033 438 2072 que,
465 2033 570 2071 quae
595 2024 784 2073 gerentes
809 2032 890 2058 non
916 2018 1217 2072 fatigaverunt?

304 2096 316 2123 1
428 2080 634 2121 XXXII.
669 2079 720 2133 Q.
735 2079 925 2128 Fabium,
946 2079 994 2120 P.
1009 2079 1191 2120 Decium
1210 2080 1262 2120 L.
1278 2079 1518 2121 Postumius
1539 2079 1701 2135 Megel-

300 2156 318 2184 2
344 2143 409 2183 1115
436 2149 474 2183 01
499 2141 561 2182 M.
576 2139 732 2182 Atilius
751 2141 939 2197 Regulus
965 2142 1157 2183 consules
1184 2142 1313 2182 secuti
1338 2148 1444 2183 sunt.
1484 2141 1699 2184 Samnium

343 2204 545 2245 ambobus
571 2204 735 2245 decreta
758 2204 968 2259 provincia
992 2210 1066 2253 051,
1092 2204 1190 2257 quia
1215 2210 1295 2245 tres
1322 2205 1494 2259 scriptos
1520 2205 1699 2246 hostium

344 2267 565 2316 exercitus,
597 2282 679 2307 uno
709 2266 938 2316 Etruriam,
970 2266 1097 2307 altero
1126 2267 1413 2321 populationes
1446 2266 1698 2322 Campaniae

299 2343 317 2371 3
343 2329 489 2383 repeti,
521 2329 686 2369 tertium
717 2328 878 2369 tuendis
908 2329 1042 2383 parari
1072 2328 1222 2370 finibus
1253 2330 1366 2369 fama
1396 2335 1493 2370 erat.
1548 2329 1699 2371 Postu-

343 2391 471 2431 mium
502 2391 695 2431 valetudo
726 2391 899 2431 adversa
930 2390 1088 2431 Romae
1120 2391 1267 2440 tenuit,
1299 2390 1454 2431 Atilius
1492 2391 1697 2446 extemplo

342 2453 570 2506 profectus,
603 2459 647 2493 ut
671 2453 713 2493 in
740 2452 910 2494 Samnio
936 2452 1075 2493 hostes
1103 2476 1156 2480 —
1180 2453 1237 2493 ita
1261 2453 1369 2493 enim
1394 2453 1603 2507 placuerat
1625 2468 1699 2508 pa-

300 2527 316 2555 4
343 2514 472 2555 tribus
487 2541 539 2544 —
554 2515 736 2556 nondum
755 2529 966 2570 regressos
987 2514 1245 2569 opprimeret.
1283 2515 1396 2555 velut
1415 2529 1465 2555 ex
1486 2515 1698 2569 conposito

343 2575 398 2616 ibi
423 2576 590 2618 obvium
621 2577 802 2618 habuere
833 2577 1012 2626 hostem,
1045 2577 1115 2618 ubi
1141 2584 1181 2618 et
1210 2578 1359 2618 intrare
1390 2577 1589 2632 (vastare)
1619 2578 1697 2633 ipsi

347 2635 593 2679 Samnitium
619 2655 765 2695 agrum
790 2639 1104 2695 prohiberentur
1128 2646 1165 2681 et
1192 2640 1354 2695 regredi
1377 2640 1471 2681 inde
1492 2640 1532 2680 in
1551 2646 1698 2695 pacata
