1780 3204
516 251 665 286 LIBER
691 252 759 296 vi,
784 251 838 285 ρο.
866 253 913 294 [a.
929 249 1062 293 (3.334]
1383 239 1464 279 325

114 369 153 401 ct
177 358 353 415 proximi
378 363 533 399 vestem
555 361 768 397 mutarent.
808 354 888 409 Ap.
906 353 1080 395 Claudio
1100 353 1140 392 in
1161 352 1322 393 vincula
1342 352 1465 393 ducto
1492 364 1509 392 :3

116 422 165 463 C.
190 421 411 463 Claudium
437 419 648 460 inimicum
675 417 974 469 Claudiamque
1000 430 1163 457 omnem
1188 420 1354 470 gentem
1380 429 1466 455 sor-

115 485 296 525 didatam
320 482 462 522 fuisse.
500 495 704 521 consensu
724 479 898 533 opprimi
917 478 1158 533 popularem
1177 477 1328 526 virum,
1355 476 1466 529 quod

117 546 270 601 primus
297 560 320 585 a
344 542 528 598 patribus
554 543 605 583 ad
629 541 792 596 plebem
817 540 1048 581 defecisset.
1098 554 1192 580 cum
1223 539 1310 580 dies
1344 539 1465 587 venit,

116 622 220 661 quae
257 613 417 661 praeter
453 612 593 646 coetus
630 602 901 644 multitudinis
940 602 1238 655 seditiosasque
1275 615 1396 642 voces
1428 606 1468 641 et

116 670 374 724 largitionem
399 675 437 708 et
463 667 588 708 fallax
613 666 808 706 indicium
834 664 1077 719 pertinentia
1100 665 1262 719 proprie
1282 664 1333 705 ad
1351 663 1469 718 regni

118 733 270 773 crimen
296 730 347 772 ab
373 729 681 771 accusatoribus
707 728 866 769 obiecta
892 728 973 768 sint
1002 742 1090 776 reo,
1123 727 1233 782 apud
1262 726 1468 767 neminem

118 800 326 835 auctorem
356 792 539 841 invenio3
575 806 650 831 ncc
682 790 842 839 dubito,
880 789 991 829 haud
1025 804 1154 844 parva
1189 789 1338 837 fuisse,
1376 802 1467 828 cum

119 855 341 896 damnandi
377 869 492 895 mora
526 853 637 908 plebi
672 868 755 894 non
784 853 825 892 in
856 866 999 901 causa,
1038 852 1111 892 sed
1140 851 1183 891 in
1212 851 1303 892 loco
1334 850 1468 891 fucrit.

119 917 220 958 illud
244 917 469 958 notandum
493 916 666 964 videtur,
692 922 737 955 ut
757 914 885 955 sciant
904 914 1110 963 homines,
1137 928 1241 966 quae
1261 920 1301 953 et
1320 919 1472 966 quanta

120 980 266 1020 decora
291 979 413 1019 foeda
433 977 634 1032 cupiditas
654 976 770 1031 regni
791 991 872 1016 non
891 976 1052 1030 ingrata
1072 975 1222 1023 solum,
1251 975 1323 1015 sed
1340 974 1474 1014 invisa

120 1041 242 1082 etiam
266 1040 504 1081 reddiderit:
530 1039 717 1080 homines
737 1052 863 1092 prope
884 1037 1205 1091 quadringentos
1225 1036 1471 1090 produxisse

120 1104 278 1152 dicitur,
300 1102 448 1155 quibus
464 1102 550 1143 sine
564 1101 728 1142 faenore
749 1115 952 1154 expensas
966 1099 1161 1153 pecunias
1177 1099 1349 1146 tulisset,
1371 1112 1473 1150 quo-

120 1180 209 1205 rum
229 1164 338 1205 bona
357 1164 506 1212 venire,
534 1177 637 1215 quos
657 1162 752 1202 duci
771 1161 956 1202 addictos
976 1160 1273 1214 prohibuisset3
1300 1159 1353 1200 ad
1370 1159 1471 1200 haec

120 1227 267 1266 decora
291 1239 453 1278 quoque
479 1224 574 1265 belli
598 1238 681 1264 non
706 1237 1050 1263 commemorasse
1079 1228 1256 1271 tantum,
1283 1221 1356 1262 sed
1380 1236 1474 1276 pro-

120 1287 262 1329 tulisse
294 1287 416 1327 etiam
447 1286 754 1340 conspicienda,
793 1285 924 1340 spolia
954 1284 1135 1325 hostium
1171 1299 1384 1325 caesorum
1422 1284 1474 1324 ad

119 1349 300 1403 triginta,
328 1348 436 1388 dona
460 1348 752 1401 imperatorum
778 1347 830 1387 ad
855 1346 1144 1401 quadraginta,
1172 1346 1214 1386 in
1238 1345 1387 1399 quibus
1413 1345 1474 1385 in-

120 1411 256 1466 signes
289 1410 391 1451 duas
422 1410 600 1450 murales
633 1424 824 1458 coronas,
863 1409 1013 1450 civicas
1045 1415 1149 1449 octo.
1199 1409 1251 1448 ad
1281 1408 1359 1449 hoc
1392 1422 1474 1449 ser-

118 1479 235 1514 vatos
262 1487 312 1513 ex
337 1471 525 1513 hostibus
552 1472 662 1513 cives
682 1471 894 1527 produxit,
920 1471 1026 1511 inter
1045 1485 1148 1524 quos
1170 1471 1219 1512 C.
1238 1469 1472 1519 Servilium,

120 1534 361 1590 magistrum
387 1533 569 1587 equitum
591 1533 804 1574 absentem
823 1533 1090 1573 nominatum.
1135 1539 1173 1573 et
1194 1548 1287 1573 cum
1307 1547 1355 1573 ea
1374 1546 1476 1584 quo-

121 1611 219 1650 que,
246 1610 351 1649 quae
376 1595 485 1636 bello
509 1602 628 1650 gesta
653 1603 808 1644 essent,
835 1610 909 1649 pro
934 1594 1102 1650 fastigio
1128 1609 1264 1634 rerum
1293 1593 1474 1634 oratione

121 1658 244 1699 etiam
280 1657 500 1712 magnifica
535 1657 645 1697 facta
677 1657 795 1697 dictis
828 1657 1044 1710 aequando
1075 1662 1363 1704 memorasset,
1401 1670 1477 1695 nu-

122 1720 243 1759 dasse
267 1726 411 1772 pectus
436 1718 598 1773 insigne
624 1718 881 1758 cicatricibus
913 1718 1020 1758 bello
1052 1717 1230 1771 acceptis
1263 1724 1302 1757 et
1331 1716 1477 1756 identi-
1503 1732 1508 1744 ¹

123 1781 216 1821 dem
243 1780 495 1834 Capitolium
526 1788 716 1834 spectans
743 1780 885 1820 Iovem
917 1781 1099 1833 deosque
1125 1780 1226 1820 alios
1253 1780 1477 1820 devocasse

125 1842 176 1882 ad
218 1841 416 1881 auxilium
457 1842 716 1882 fortunarum
758 1857 924 1882 suarum
966 1848 1239 1895 precatusque
1277 1855 1387 1889 esse,
1435 1847 1481 1880 ut

127 1917 250 1955 quam
280 1909 459 1942 mentem
492 1902 569 1943 sibi
597 1902 872 1956 Capitolinam
904 1918 1037 1944 arcem
1070 1903 1300 1958 protegenti
1332 1903 1385 1943 ad
1416 1917 1480 1942 sa-

129 1964 255 2004 lutem
280 1964 421 2018 populi
447 1964 623 2005 Romani
653 1965 881 2014 dedissent,
920 1980 1009 2006 eam
1041 1965 1194 2020 populo
1219 1965 1407 2005 Romano
1438 1965 1481 2005 in

129 2040 202 2066 suo
222 2025 454 2066 discrimine
475 2026 634 2075 darent,
662 2033 700 2066 et
726 2041 864 2067 orasse
891 2027 1074 2081 singulos
1102 2027 1410 2080 universosque,
1436 2032 1482 2066 ut

130 2087 381 2142 Capitolium
412 2093 533 2140 atque
559 2102 694 2128 arcem
720 2088 941 2137 intuentes,
975 2095 1018 2128 ut
1042 2089 1094 2128 ad
1119 2089 1218 2129 deos
1243 2088 1479 2129 inmortales

130 2149 237 2190 versi
263 2149 313 2189 de
340 2164 383 2190 se
408 2149 646 2190 iudicarent.
694 2150 734 2190 in
761 2164 906 2204 campo
928 2150 1080 2191 Martio
1106 2165 1199 2190 cum
1224 2150 1481 2190 centuriatim

131 2211 307 2265 populus
335 2211 526 2251 citaretur
549 2222 590 2252 et
614 2226 708 2252 reus
729 2212 779 2252 ad
802 2211 1052 2266 Capitolium
1072 2227 1218 2253 manus
1239 2212 1410 2253 tendens
1430 2212 1481 2253 ab

131 2272 363 2313 hominibus
402 2273 453 2313 ad
489 2274 588 2314 deos
624 2288 767 2328 preces
805 2275 1037 2323 avertisset,
1075 2275 1263 2329 apparuit
1293 2274 1480 2323 tribunis,

131 2334 209 2374 nisi
245 2334 384 2375 oculos
422 2348 585 2388 quoque
620 2335 834 2376 hominum
869 2336 1114 2377 liberassent
1150 2336 1250 2376 tanti
1286 2336 1484 2376 memoria

130 2396 308 2445 decoris,
341 2411 564 2449 numquam
596 2396 683 2438 fore
708 2398 750 2437 in
774 2398 1083 2452 praeoccupatis
1109 2397 1309 2438 beneficio
1335 2398 1482 2438 animis

131 2472 227 2498 vero
259 2458 416 2498 crimini
447 2458 594 2498 locum.
643 2459 699 2499 ita
723 2460 908 2513 prodicta
933 2460 997 2500 die
1023 2460 1064 2499 in
1089 2459 1321 2500 Petelinum
1342 2459 1482 2500 lucum

132 2527 246 2560 extra
276 2527 436 2574 portam
460 2520 797 2571 Flumentanam,
829 2522 938 2562 unde
970 2528 1216 2576 conspectus
1246 2522 1290 2562 in
1316 2520 1485 2576 Capito-

131 2583 229 2623 lium
255 2598 338 2623 non
363 2590 489 2631 esset,
517 2584 734 2624 concilium
759 2584 900 2638 populi
924 2583 1122 2624 indictum
1143 2589 1216 2624 est.
1253 2583 1311 2624 ibi
1330 2584 1483 2624 crimen

132 2644 276 2693 valuit,
321 2651 360 2685 et
402 2643 618 2685 obstinatis
656 2645 803 2685 animis
841 2646 954 2686 triste
990 2645 1186 2686 iudicium
1222 2645 1483 2698 invisumque

132 2706 252 2747 etiam
285 2706 489 2747 iudicibus
521 2706 688 2748 factum.
740 2713 832 2748 sunt
859 2707 927 2761 qui
952 2722 1025 2762 per
1049 2707 1307 2757 duumviros,
1340 2706 1408 2761 qui
1434 2707 1484 2747 de

1509 2165 1519 2192 1
1529 2164 1548 2189 (⁷)

1512 2474 1546 2502 11

1514 2721 1551 2749 12
