1835 3226
338 255 417 296 158
628 260 782 294 LIBER
805 259 880 303 111,
906 259 960 293 36.
973 259 1027 293 37.
1055 261 1103 301 [a.
1118 270 1153 292 u.
1173 270 1202 293 α.
1216 260 1293 293 304.
1313 261 1395 303 305]

333 368 494 407 lictores
525 363 660 404 forum
692 362 947 416 inpleverant
979 368 1018 402 et
1054 375 1148 402 cum
1184 361 1369 403 fascibus
1408 377 1571 404 secures
1602 365 1694 406 inli-

332 434 448 483 gatas
462 424 768 480 praeferebant,
794 438 870 464 nec
889 423 1117 464 adtinuisse
1137 423 1247 464 demi
1267 438 1465 473 securem,
1492 439 1585 466 cum
1606 427 1692 468 sine

289 504 306 531 5
332 487 622 543 provocatione
642 486 766 527 creati
787 492 937 536 essent,
963 485 1347 540 interpretabantur.
1386 486 1528 527 decem
1548 502 1694 543 regum

334 549 492 604 species
518 555 603 589 erat
628 548 1007 603 multiplicatusque
1026 555 1155 589 terror
1173 563 1256 589 non
1274 548 1425 589 infimis
1447 549 1593 599 solum,
1621 551 1694 591 scd

331 610 579 666 primoribus
609 618 790 665 patrum,
827 611 945 659 ratis,
983 609 1122 651 caedis
1160 625 1328 650 causam
1365 625 1412 651 ac
1447 610 1693 665 principium

331 673 490 728 quaeri,
529 679 591 722 ut,
631 673 664 713 si
690 673 782 726 quis
809 687 1033 713 memorem
1062 671 1260 713 libertatis
1291 687 1437 713 vocem
1467 681 1536 713 aut
1562 673 1604 713 in
1630 688 1694 714 se-

331 743 430 776 natu
460 742 530 775 aut
560 735 603 775 in
633 735 834 789 populum
864 734 1064 783 misisset,
1103 734 1242 775 statim
1272 734 1413 790 virgae
1445 750 1692 789 securesque

288 812 305 840 6
332 797 456 838 ctiam
486 796 538 837 ad
569 802 798 838 ceterorum
834 803 990 837 metum
1027 796 1327 850 expedirentur.
1378 811 1475 837 nam
1509 804 1691 851 praetcr-

331 874 456 912 quam
481 859 593 912 quod
616 858 659 899 in
682 859 835 914 populo
860 858 962 899 nihil
987 865 1074 899 erat
1097 859 1292 913 praesidii
1311 858 1473 900 sublata
1491 873 1692 913 provoca-

333 922 460 970 tione,
497 921 832 962 intercessionem
859 935 1023 974 quoque
1054 935 1260 961 consensu
1291 921 1560 970 sustulerant,
1598 936 1692 962 cum

331 983 486 1038 priores
512 983 734 1024 decemviri
764 975 1038 1038 appellatione
1069 983 1250 1038 collegae
1277 983 1426 1038 corrigi
1455 983 1614 1024 reddita
1640 983 1691 1024 ab

332 1060 375 1086 sc
400 1045 488 1085 iura
513 1045 704 1086 tulissent
729 1051 768 1086 et
793 1045 1015 1098 quaedam,
1053 1059 1158 1098 quac
1185 1045 1248 1085 sui
1273 1045 1413 1085 iudicii
1444 1045 1572 1085 videri
1597 1060 1693 1099 pos-

289 1121 303 1149 ῖ
333 1113 441 1155 sent,
479 1107 532 1147 ad
556 1107 753 1161 populum
778 1107 1028 1148 rciecissent.
1079 1107 1333 1160 aliquamdiu
1363 1114 1562 1161 aequatus
1587 1108 1694 1149 inter

333 1183 474 1209 omnes
501 1175 630 1209 terror
654 1169 743 1218 fuit,
770 1169 968 1223 paulatim
993 1175 1103 1210 totus
1123 1176 1281 1210 vertere
1301 1170 1341 1209 in
1362 1170 1524 1224 plebem
1544 1171 1690 1224 coepit.

332 1229 614 1271 abstinebatur
633 1246 655 1270 a
675 1230 874 1284 patribus,
901 1231 943 1271 in
962 1230 1199 1272 humiliores
1218 1231 1435 1272 libidinose
1455 1231 1691 1272 crudeliter-

332 1306 412 1345 que
443 1291 745 1333 consulebatur.
800 1292 1032 1341 hominum,
1071 1308 1152 1333 non
1184 1307 1419 1341 causarum,
1458 1293 1529 1333 toti
1562 1301 1688 1342 crant,

331 1361 375 1395 ut
400 1356 510 1410 apud
535 1370 638 1409 quos
664 1356 797 1410 gratia
821 1356 904 1396 vim
930 1356 1049 1409 acqui
1074 1355 1254 1396 haberet.
1292 1356 1443 1396 iudicia
1462 1356 1573 1396 domi
1593 1372 1690 1397 con-

287 1433 305 1457 s
332 1416 498 1467 flabant,
524 1417 843 1472 pronuntiabant
857 1417 897 1458 in
911 1417 1012 1458 foro.
1052 1418 1191 1470 siquis
1213 1418 1413 1473 collegam
1427 1418 1688 1472 appellasset,

331 1478 382 1520 ab
409 1493 470 1528 eo,
498 1480 550 1520 ad
575 1494 699 1533 quem
724 1487 902 1529 venerat,
929 1481 985 1520 ita
1005 1479 1252 1530 discedebat,
1279 1487 1323 1521 ut
1341 1481 1580 1535 paeniteret,
1607 1496 1689 1521 non

287 1556 304 1581 a
331 1541 475 1595 prioris
501 1541 663 1583 decreto
690 1542 865 1582 stetisse.
916 1542 1052 1596 opinio
1078 1542 1200 1582 etiam
1226 1543 1313 1583 sine
1339 1549 1502 1583 auctore
1523 1543 1688 1592 exierat,

330 1617 413 1644 non
436 1603 478 1643 in
502 1604 730 1657 praesentis
755 1604 879 1644 modo
904 1604 1098 1658 temporis
1119 1618 1189 1645 eos
1209 1604 1397 1644 iniuriam
1417 1605 1688 1659 conspirasse,

332 1665 405 1705 sed
434 1664 581 1706 foedus
613 1665 914 1706 clandestinum
944 1665 1050 1706 inter
1079 1665 1193 1720 ipsos
1223 1666 1310 1706 iure
1346 1666 1518 1707 iurando
1548 1667 1688 1716 ictum,

329 1740 380 1766 ne
406 1727 571 1767 comitia
600 1722 799 1768 haberent
828 1734 1108 1781 perpetuoque
1140 1727 1418 1768 decemviratu
1447 1742 1690 1782 possessum

330 1789 457 1830 semel
483 1789 715 1830 obtinerent
739 1790 970 1844 imperium.

289 1866 298 1892 ι
413 1851 659 1893 XXXVII.
700 1851 1056 1906 Circumspectare
1069 1858 1157 1892 tum
1169 1851 1435 1906 patriciorum
1453 1851 1590 1893 vultus
1604 1851 1690 1906 plc-

329 1912 395 1954 bei
426 1920 465 1954 et
494 1913 590 1954 inde
614 1913 814 1955 libertatis
847 1920 1012 1969 captare
1043 1929 1204 1963 auram,
1241 1914 1351 1954 unde
1377 1914 1617 1954 servitutem
1642 1914 1691 1954 ti-

284 1995 301 2017 ·.·
328 1975 478 2016 mendo
496 1976 538 2016 in
558 1990 651 2016 eum
673 1983 824 2017 statum
843 1991 930 2016 rem
950 1975 1159 2030 publicam
1184 1975 1452 2016 adduxerant.
1489 1976 1689 2030 primores

327 2044 490 2092 patrum
520 2038 658 2079 odisse
695 2038 969 2087 decemviros,
1008 2038 1145 2078 odisse
1181 2037 1364 2092 plebem,
1402 2051 1478 2078 nec
1514 2037 1688 2091 probare

328 2114 433 2152 quae
447 2099 590 2140 fierent
605 2107 643 2140 et
658 2101 822 2141 credere
843 2100 955 2140 haud
973 2100 1153 2154 indignis
1175 2099 1372 2148 accidere,
1399 2099 1518 2140 avide
1531 2099 1688 2140 ruendo

327 2161 380 2201 ad
403 2161 633 2203 libertatem
658 2162 701 2202 in
726 2162 965 2203 servitutem
990 2162 1152 2216 elapsos
1172 2161 1313 2202 iuvare
1332 2161 1453 2210 nolle,
1480 2160 1689 2202 cumulare

285 2237 302 2265 3
328 2237 491 2277 quoque
514 2223 702 2273 iniurias,
740 2230 786 2264 ut
810 2224 945 2265 taedio
970 2223 1249 2278 praesentium
1274 2222 1463 2264 consules
1494 2222 1576 2263 duo
1601 2228 1690 2263 tan-

327 2285 421 2325 dem
447 2292 486 2326 et
511 2292 642 2327 status
666 2286 865 2341 pristinus
890 2300 1027 2326 rerum
1051 2285 1094 2325 in
1119 2284 1369 2326 desiderium
1393 2284 1572 2325 veniant.

283 2361 301 2388 4
410 2346 502 2387 Iam
533 2355 573 2388 ct
602 2354 861 2402 processerat
891 2362 986 2402 pars
1018 2347 1148 2387 maior
1178 2346 1275 2387 anni
1311 2353 1351 2387 et
1381 2346 1487 2387 duae
1523 2345 1687 2386 tabulae

327 2409 466 2463 legum
491 2410 544 2450 ad
567 2410 714 2464 prioris
740 2411 837 2451 anni
861 2410 1005 2451 decem
1035 2409 1196 2450 tabulas
1229 2414 1344 2449 erant
1373 2408 1574 2457 adiectae,
1611 2420 1688 2447 nec

327 2471 550 2524 quiequam
573 2473 655 2513 iam
682 2479 911 2527 supererat,
951 2472 986 2513 si
1011 2486 1083 2512 eae
1115 2485 1278 2525 quoque
1308 2471 1423 2525 leges
1450 2468 1686 2511 centuriatis

328 2533 501 2574 comitiis
531 2534 712 2588 perlatae
743 2541 900 2583 essent,
939 2549 1011 2575 cur
1047 2548 1095 2574 eo
1133 2533 1376 2588 magistratu
1407 2532 1466 2573 rei
1496 2530 1686 2586 publicae

284 2608 301 2635 a
328 2609 430 2648 opus
457 2603 577 2636 esset.
628 2596 938 2651 exspectabant,
965 2610 1089 2649 quam
1115 2609 1212 2635 mox
1237 2593 1476 2635 consulibus
1498 2590 1684 2633 creandis

329 2657 491 2697 comitia
521 2658 788 2699 edicerentur.
843 2658 886 2698 id
915 2658 1037 2698 modo
1068 2656 1232 2711 plebem
1268 2655 1468 2711 agitabat,
1506 2666 1683 2707 quonam

330 2718 449 2758 modo
475 2718 732 2760 tribuniciam
757 2726 1021 2774 potestatem,
1048 2719 1346 2759 munimentum
1373 2715 1566 2762 libertati,
1596 2726 1682 2753 rem
