1780 3204
538 277 691 312 LIBER
715 277 809 322 ΠΗ,
836 278 865 311 2.
894 277 1091 321 [a.C.445]
1408 268 1488 310 195

136 396 259 436 quam
284 381 499 422 consulum
525 381 645 436 culpa
669 381 865 422 accidere.
904 381 1020 422 cuius
1039 381 1098 421 rei
1116 381 1344 435 praemium
1369 382 1421 423 sit
1445 381 1487 422 in

136 444 315 492 civitate,
343 458 434 484 eam
459 442 662 484 maxumis
689 457 851 498 semper
875 442 1063 484 auctibus
1083 457 1284 483 crescere:
1311 443 1369 484 sic
1387 458 1489 498 pace

135 505 282 555 bonos,
322 505 381 546 sic
410 505 517 546 bello
549 504 648 545 fieri.
697 505 922 545 maximum
946 504 1105 545 Romae
1129 505 1356 559 praemium
1383 506 1490 546 sedi-

136 567 290 607 tionum
321 581 430 616 esse,
468 567 510 606 id
541 572 580 606 et
617 566 788 621 singulis
825 566 1110 620 universisque
1147 581 1310 621 semper
1344 567 1489 608 honori

1513 396 1530 425 ·2

1515 520 1531 535 ς»

1514 535 1532 549 ι)

134 628 275 668 fuisse.
324 628 701 677 reminiscerentur,
733 642 855 681 quam
887 628 1144 668 maiestatem
1171 635 1336 669 senatus
1361 629 1441 684 ipsi
1466 645 1489 670 a
1514 643 1534 671 4

134 689 317 744 patribus
355 690 630 744 accepissent,
675 704 800 743 quam
835 689 973 730 liberis
1010 690 1196 730 tradituri
1232 698 1388 740 essent,
1429 697 1487 740 ut,

134 752 483 804 quemadmodum
507 751 644 806 plebs,
670 751 835 807 gloriari
853 757 1042 806 possent,
1069 752 1293 793 auctiorem
1318 752 1488 807 amplio-

134 827 300 866 remque
326 827 429 854 esse.
478 813 602 853 finem
634 827 731 868 crgo
762 827 845 853 non
873 813 979 862 fieri,
1016 827 1093 854 nec
1122 813 1322 863 futuram,
1361 814 1491 855 donec

133 889 257 927 quam
283 874 424 916 felices
451 875 671 916 seditiones
703 881 786 915 tam
816 875 1004 916 honorati
1029 875 1274 916 seditionum
1300 883 1488 917 auctores

133 943 281 977 essent.
331 951 433 990 quas
470 944 727 990 quantasque
762 951 827 977 res
861 935 908 977 C.
943 935 1189 977 Canuleium
1226 937 1488 993 adgressum!

133 998 418 1040 conluvionem
445 999 648 1054 gentium,
680 998 1031 1053 perturbationem
1055 998 1332 1053 auspiciorum
1356 999 1491 1054 publi-

133 1074 274 1100 corum
310 1061 644 1114 privatorumque
676 1060 855 1109 adferre,
893 1075 944 1101 ne
976 1060 1075 1113 quid
1106 1061 1271 1110 sinceri,
1308 1075 1360 1101 ne
1391 1062 1490 1114 quid

132 1121 440 1162 incontaminati
466 1122 535 1171 sit,
563 1130 607 1162 ut
631 1121 866 1162 discrimine
891 1121 1003 1162 omni
1028 1121 1189 1162 sublato
1213 1136 1289 1162 nec
1316 1136 1359 1162 se
1378 1122 1490 1174 quis-

132 1197 256 1235 quam
287 1197 363 1223 nec
395 1198 492 1224 suos
522 1183 693 1224 noverit.
743 1197 867 1236 quam
903 1182 1011 1222 enim
1043 1182 1166 1222 aliam
1196 1183 1281 1223 vim
1312 1183 1489 1224 conubia

132 1245 363 1298 promiscua
397 1245 548 1285 habere
583 1244 663 1285 nisi
698 1251 743 1284 ut
779 1244 959 1285 ferarum
994 1258 1123 1299 prope
1158 1244 1240 1284 ritu
1269 1245 1491 1300 vulgentur

132 1305 372 1346 concubitus
407 1305 540 1360 plebis
576 1306 847 1360 patrumque?
887 1312 933 1346 ut
964 1306 1034 1359 qui
1069 1312 1190 1347 natus
1228 1306 1280 1347 sit
1314 1306 1487 1362 ignoret,

132 1367 247 1408 cuius
279 1367 511 1422 sanguinis,
550 1382 726 1420 quorum
757 1382 966 1409 sacrorum
999 1368 1068 1417 sit,
1101 1368 1294 1410 dimidius
1326 1376 1488 1423 patrum

130 1428 236 1482 (sit),
285 1429 478 1470 dimidius
515 1429 666 1484 plebis,
709 1444 761 1470 ne
798 1443 938 1471 secum
976 1430 1143 1483 quidem
1178 1430 1267 1485 ipse
1304 1445 1486 1472 concors.

131 1505 274 1544 parum
303 1490 346 1531 id
376 1491 523 1541 xideri,
561 1492 674 1544 quod
703 1492 841 1533 omnia
870 1491 1010 1532 divina
1034 1491 1296 1546 humanaque
1321 1492 1488 1534 turben-

130 1559 212 1592 tur:
237 1552 319 1593 iam
342 1553 394 1593 ad
414 1553 673 1594 consulatum
691 1553 807 1609 vulgi
826 1553 1054 1595 turbatores
1076 1555 1248 1610 accingi.
1287 1561 1325 1596 ct
1343 1555 1487 1610 primo,

130 1620 173 1654 ut
198 1614 300 1655 alter
324 1615 467 1655 consul
493 1630 544 1655 ex
568 1615 689 1670 plebe
713 1616 846 1665 fieret,
871 1616 914 1656 id
933 1616 1056 1657 modo
1078 1616 1336 1658 sermonibus
1357 1625 1488 1671 temp-

130 1682 256 1716 tasse:
282 1690 390 1716 nunc
408 1677 563 1731 rogari,
589 1684 653 1726 ut,
682 1692 755 1718 seu
775 1692 825 1718 ex
845 1677 1031 1732 patribus
1058 1693 1132 1718 seu
1156 1693 1206 1719 ex
1231 1678 1351 1733 plebe
1377 1678 1487 1727 velit,

129 1737 306 1791 populus
333 1739 522 1779 consules
548 1745 668 1779 creet.
713 1745 753 1779 et
778 1745 985 1780 creaturos
1010 1740 1123 1780 haud
1147 1739 1270 1780 dubie
1295 1754 1346 1780 ex
1370 1739 1489 1793 plebe

131 1799 490 1840 seditiosissimum
514 1815 738 1853 quemque:
767 1800 990 1842 Canuleios
1010 1801 1134 1856 igitur
1152 1801 1374 1854 Iciliosque
1394 1815 1490 1841 con-

132 1860 241 1900 sules
267 1859 367 1901 fore.
416 1876 466 1901 ne
491 1862 534 1901 id
557 1861 744 1916 Iuppiter
774 1862 954 1916 optimus
984 1863 1189 1904 maximus
1223 1862 1390 1911 sineret,
1426 1877 1490 1903 re-

132 1921 223 1976 giae
249 1921 473 1962 maiestatis
498 1923 716 1977 imperium
741 1937 789 1963 eo
812 1923 993 1964 recidere
1002 1940 1012 1973 3
1044 1929 1084 1964 et
1108 1937 1151 1964 se
1177 1923 1337 1965 miliens
1369 1925 1491 1965 mori-

134 1990 245 2023 turos
270 1983 426 2037 potius,
453 1998 576 2036 quam
600 1990 646 2024 ut
670 1990 829 2025 tantum
853 1985 1065 2026 dedecoris
1091 1985 1250 2026 admitti
1268 1986 1486 2040 patiantur.

133 2051 289 2085 certum
305 2044 470 2094 habere,
491 2046 665 2086 maiores
685 2060 861 2099 quoque,
885 2047 919 2087 si
939 2047 1204 2096 divinassent,
1227 2048 1487 2090 concedendo

133 2107 270 2148 omnia
293 2121 375 2147 non
399 2107 601 2148 mitiorem
625 2107 668 2147 in
693 2122 736 2148 se
754 2108 937 2162 plebem,
965 2109 1038 2149 sed
1062 2109 1312 2163 asperiorem
1336 2109 1416 2150 alia
1439 2124 1491 2151 ex

133 2168 222 2209 aliis
241 2168 443 2222 iniquiora
460 2169 719 2223 postulando,
741 2184 834 2210 cum
852 2170 985 2224 prima
1001 2170 1274 2225 impetrasset,
1295 2171 1488 2221 futuram,

133 2230 263 2284 primo
283 2230 507 2283 quamlibet
525 2231 829 2272 dimicationem
847 2231 1053 2273 subituros
1067 2232 1196 2273 fuisse
1209 2233 1346 2287 potius
1366 2247 1491 2286 quam

134 2306 203 2332 eas
228 2291 342 2346 leges
369 2293 447 2334 sibi
470 2293 612 2347 inponi
634 2299 882 2348 paterentur.
931 2294 1027 2347 quia
1057 2306 1145 2335 tum
1171 2309 1414 2335 concessum
1439 2296 1491 2336 sit

134 2354 184 2394 de
204 2354 396 2404 tribunis,
422 2355 569 2395 iterum
589 2369 831 2396 concessum
852 2370 962 2405 esse3
987 2356 1111 2396 finem
1129 2371 1211 2398 non
1230 2357 1330 2398 fieri.
1367 2356 1486 2412 [non]

133 2430 256 2469 posse
280 2415 321 2455 in
348 2416 491 2456 eadem
517 2417 680 2457 civitate
704 2417 889 2458 tribunos
914 2417 1046 2472 plebis
1072 2426 1112 2458 et
1129 2431 1266 2472 patres
1286 2433 1395 2459 esse:
1422 2427 1491 2460 aut

134 2478 242 2518 hunc
273 2478 458 2519 ordinem
489 2485 559 2520 aut
587 2479 704 2519 illum
734 2480 1019 2535 magistratum
1051 2481 1276 2521 tollendum
1301 2495 1393 2522 esse
1417 2496 1490 2536 po-

134 2539 296 2592 tiusque
333 2555 423 2581 sero
459 2555 583 2593 quam
617 2555 843 2594 numquam
879 2541 1043 2582 obviam
1080 2543 1262 2582 eundum
1294 2543 1488 2584 audaciae

135 2601 443 2655 temeritatique.
492 2602 602 2643 illine
633 2610 677 2643 ut
706 2603 858 2657 inpune
888 2604 1020 2658 primo
1051 2605 1276 2646 discordias
1308 2612 1488 2648 serentes
1538 2627 1544 2631 ·

135 2662 338 2703 concitent
367 2663 539 2705 finitima
568 2663 692 2714 bella,
725 2665 871 2706 deinde
897 2666 1095 2708 adversus
1121 2681 1186 2716 ea,
1218 2681 1324 2720 quae
1355 2668 1490 2708 conci-

136 2724 326 2774 taverint,
358 2726 505 2766 armari
530 2726 736 2767 civitatem
761 2727 1008 2781 defendique
1032 2728 1275 2782 prohibeant
1305 2735 1362 2778 et,
1396 2744 1489 2770 cum

1197 2795 1263 2827 13*

1517 1509 1532 1536 *1

1517 2186 1558 2216 10

1518 2373 1553 2400 11
