1780 3204
455 268 608 303 Lissnu
633 267 725 311 1111,
751 266 804 299 53
825 266 880 300 54.
912 268 962 309 [a.
979 265 1228 309 C.412-409]
1438 257 1518 296 2423

165 388 318 428 uesque
332 371 588 420 testantibus,
615 370 814 424 quidquid
835 369 885 410 ab
899 368 1087 410 hostibus
1108 369 1235 410 cladis
1254 369 1521 424 ignominiae-

166 451 243 491 que
270 442 340 477 aut
363 435 445 475 iam
469 439 682 487 acceptum
708 438 816 473 esset
841 438 910 472 aut
934 431 1167 481 inmineret,
1205 431 1367 486 culpam
1392 445 1519 485 penes

165 498 409 540 Menenium
432 496 537 544 fore,
577 495 645 548 qui
670 494 864 534 dilectum
887 493 1121 547 impediret3
1158 492 1355 534 Menenio
1381 499 1522 534 contra

167 560 434 608 vociferante,
473 558 508 599 si
532 557 672 598 iniusti
696 556 851 596 domini
874 556 1138 610 possessione
1163 555 1252 611 agri
1276 555 1431 610 publici
1456 569 1521 596 ce-

167 623 325 672 derent,
359 636 401 662 se
427 635 585 661 moram
609 618 774 659 dilectui
799 633 881 659 non
905 617 1058 658 facere:
1091 617 1254 658 decreto
1279 616 1519 671 interposito

167 699 316 725 novem
334 682 486 723 tribuni
506 680 758 722 sustulerunt
777 686 983 720 certamen
1001 678 1448 733 pronuntiaveruntque
1469 692 1519 719 ex
1548 693 1562 720 ῖ

168 745 330 801 collegii
355 743 572 792 sententia,
612 741 660 783 C.
687 741 852 783 Valerio
878 741 1037 782 consuli
1062 756 1123 791 se,
1162 741 1357 782 damnum
1383 740 1524 781 aliam-

169 823 247 861 que
267 806 552 848 coercitionem
571 805 769 845 adversus
788 804 1125 844 intercessionem
1144 803 1325 858 collegae
1350 803 1522 843 dilectus

169 885 294 910 causa
329 866 648 909 detractantibus
686 865 871 906 militiam
906 865 1124 915 inhibenti,
1168 865 1321 906 auxilio
1362 865 1523 905 futuros

169 946 273 973 esse.
322 931 400 971 hoe
424 930 585 970 decreto
611 928 754 969 consul
779 938 959 968 armatus
986 942 1080 968 cum
1108 928 1252 982 paucis
1284 926 1526 981 appellanti-

168 993 246 1035 bus
272 992 479 1034 tribunum
504 991 653 1032 collum
680 990 879 1039 torsisset,
906 996 1017 1030 metu
1043 990 1166 1030 ceteri
1191 995 1446 1030 sacramento
1467 989 1527 1029 di-

169 1069 278 1096 xere.
316 1054 464 1095 ductus
485 1053 687 1094 exercitus
708 1052 760 1092 ad
775 1050 1080 1093 Carventanam
1100 1066 1248 1100 arcem,
1275 1065 1524 1104 quamquam

170 1116 326 1157 invisus
350 1115 607 1168 infestusque
633 1113 791 1154 consuli
816 1119 919 1161 erat,
950 1113 1110 1167 inpigre
1134 1113 1267 1166 primo
1294 1113 1430 1152 statim
1456 1112 1527 1152 ad-

171 1184 296 1218 ventu
319 1177 486 1218 deiectis
512 1175 582 1228 qui
606 1175 648 1215 in
673 1174 877 1229 praesidio
903 1181 1030 1223 erant,
1057 1188 1193 1214 arcem
1217 1173 1383 1227 recepit,
1409 1187 1527 1227 prae-

169 1241 330 1281 datores
357 1253 408 1279 ex
430 1237 634 1292 praesidio
659 1250 732 1290 per
756 1235 1060 1290 neglegentiam
1085 1235 1234 1289 dilapsi
1266 1235 1523 1275 occasionem

169 1314 363 1354 aperuere
388 1300 440 1339 ad
464 1298 754 1338 invadendum.
802 1296 980 1351 praedae
1005 1311 1057 1337 ex
1081 1296 1265 1337 adsiduis
1297 1296 1527 1351 populatio-

168 1361 308 1411 nibus,
346 1360 456 1414 quod
481 1359 617 1401 omnia
646 1359 688 1399 in
717 1359 854 1400 locum
885 1364 1018 1399 tutum
1050 1365 1247 1414 congesta
1279 1365 1410 1408 erant,
1449 1358 1526 1399 fuit

169 1424 432 1478 aliquantum.
482 1422 693 1463 venditum
720 1421 796 1463 sub
821 1421 941 1463 hasta
965 1420 1109 1463 cOnsul
1133 1422 1175 1462 in
1200 1422 1402 1463 aerarium
1421 1422 1528 1462 redi-

168 1502 264 1543 gere
289 1492 526 1540 quaestores
551 1484 683 1534 iussit,
711 1490 798 1524 tum
822 1484 1064 1539 praedicans
1089 1484 1329 1539 participem
1349 1483 1526 1539 praedae

168 1550 255 1591 fore
281 1548 517 1597 exercitum,
545 1562 639 1588 cum
664 1546 849 1586 militiam
875 1561 957 1587 non
982 1546 1206 1588 abnuisset.
1261 1553 1405 1587 auctae
1430 1546 1524 1586 inde

169 1610 300 1666 plebis
326 1624 373 1651 ae
397 1609 571 1649 militum
596 1609 639 1649 in
663 1608 874 1649 consulem
899 1608 995 1649 irae.
1044 1609 1182 1662 itaque
1208 1623 1302 1649 cum
1334 1623 1385 1649 ex
1411 1622 1529 1648 sena-

170 1684 234 1714 tus
260 1672 446 1713 consulto
472 1670 616 1712 urbem
640 1685 769 1711 ovans
794 1670 996 1720 introiret,
1024 1670 1190 1711 alternis
1216 1669 1415 1711 inconditi
1439 1683 1530 1709 ver-

171 1750 241 1776 sus
255 1733 418 1774 militari
430 1732 594 1773 lieentia
605 1732 755 1781 iactati,
782 1731 931 1785 quibus
947 1731 1090 1772 consul
1103 1732 1340 1785 increpitus,
1359 1730 1531 1771 Meneni

172 1795 331 1836 celebre
356 1809 503 1835 nomen
526 1793 718 1834 laudibus
750 1793 846 1843 fuit,
884 1808 977 1834 cum
1003 1794 1056 1834 ad
1086 1808 1250 1834 omnem
1279 1793 1530 1833 mentionem

174 1856 325 1902 tribuni
355 1855 473 1896 favor
503 1855 804 1896 circumstantis
836 1855 978 1909 populi
1013 1855 1243 1908 plausuque
1275 1861 1315 1895 et
1350 1854 1530 1895 adsensu

175 1933 268 1959 cum
292 1917 463 1958 vocibus
488 1917 664 1957 militum
688 1923 872 1957 certaret.
909 1915 1087 1970 plusque
1107 1931 1155 1957 ea
1173 1931 1239 1957 res
1259 1931 1383 1970 quam
1401 1931 1527 1971 prope

176 1979 382 2021 sollemnis
408 1978 582 2018 militum
606 1978 776 2018 lascivia
800 1978 842 2017 in
867 1977 1078 2018 consulem
1109 1992 1230 2018 curae
1259 1978 1445 2032 patribus
1470 1978 1532 2018 in-

175 2041 280 2090 iecit,
308 2047 347 2081 et
365 2047 576 2093 tamquam
595 2039 694 2080 haut
713 2039 861 2080 dubius
881 2039 986 2080 inter
1005 2039 1189 2080 tribunos
1203 2040 1379 2080 militum
1397 2039 1528 2081 honos

177 2102 357 2151 Meneni,
385 2102 420 2143 si
442 2107 611 2156 peteret,
637 2100 921 2142 consularibus
948 2101 1122 2142 comitiis
1149 2107 1211 2142 est
1236 2101 1442 2142 exclusus.

260 2163 406 2205 LHH.
440 2162 579 2204 Creati
605 2162 794 2204 consules
821 2168 916 2204 sunt
936 2160 1013 2204 Cn.
1037 2161 1254 2204 Cornelius
1277 2162 1449 2213 Cossus,
1474 2155 1529 2204 L.

177 2226 326 2267 Furius
356 2224 610 2265 Medullinus
641 2224 800 2265 iterum.
849 2239 932 2265 non
964 2224 1064 2266 alias
1096 2225 1259 2280 aegrius
1290 2224 1408 2279 plebs
1439 2225 1531 2265 tulit

178 2287 394 2328 tribunicia
418 2286 581 2327 comitia
606 2286 683 2327 sibi
707 2301 790 2327 non
815 2286 1047 2327 commissa.
1086 2301 1180 2327 eum
1205 2286 1386 2328 dolorem
1407 2301 1532 2340 quae-

179 2349 313 2390 storiis
339 2348 512 2390 comitiis
535 2348 655 2389 simul
675 2348 852 2389 ostendit
870 2355 910 2389 et
929 2348 1015 2390 ulta
1034 2355 1107 2399 est,
1135 2355 1232 2390 tunc
1250 2349 1428 2404 primum
1447 2349 1533 2404 plc-

180 2411 281 2452 beiis
306 2410 592 2464 quaestoribus
618 2411 783 2460 creatis,
813 2410 871 2451 ita
894 2417 939 2451 ut
962 2410 1002 2451 in
1029 2417 1221 2464 quattuor
1251 2411 1437 2452 creandis
1462 2411 1533 2452 uni

179 2473 349 2528 patricio
373 2472 430 2513 Κ.
456 2471 588 2513 Fabio
614 2471 823 2513 Ambusto
847 2472 1146 2526 relinqueretur
1173 2473 1308 2522 locus,
1341 2480 1423 2514 tres
1448 2473 1534 2527 ple-

180 2535 259 2576 beii
285 2533 337 2587 Q.
355 2532 494 2583 Silius,
520 2533 568 2574 P.
583 2532 743 2583 Aelius,
769 2534 817 2575 P.
838 2534 996 2589 Pupius
1022 2535 1341 2576 clarissimarum
1359 2534 1534 2576 familia-

1551 938 1570 967 S

1553 1064 1569 1091 9

1555 1310 1594 1338 10

1556 1560 1593 1587 11

1559 1744 1596 1772 12

1557 1930 1595 1959 13

1559 2177 1573 2205 1

1557 2238 1574 2266 2

1559 2426 1577 2453 ὅ

180 2612 270 2638 rum
301 2595 520 2637 iuvenibus
551 2596 864 2650 praeferrentur.
919 2603 1106 2638 auctores
1137 2597 1267 2638 fuisse
1303 2603 1387 2638 tam
1417 2595 1534 2638 liberi
1558 2611 1578 2639 4

180 2658 330 2714 populo
362 2657 534 2713 suffragi
558 2657 695 2699 Icilios
727 2658 882 2712 accipio
914 2683 967 2688 —
999 2672 1051 2699 ex
1080 2658 1237 2700 familia
1265 2658 1534 2700 infestissima

179 2719 363 2777 patribus
395 2727 475 2761 tres
507 2720 549 2760 in
573 2734 666 2760 eum
698 2735 850 2761 annum
875 2720 1060 2762 tribunos
1085 2720 1218 2775 plebis
1249 2726 1418 2772 creatos,
1453 2719 1532 2774 (hi)

1242 2786 1308 2820 16²·
