1835 3226
360 267 442 308 250
639 272 792 307 LIBER
817 272 910 315 1111,
937 271 990 305 60.
1010 272 1063 305 61.
1091 274 1139 315 [a.
1153 283 1187 305 u.
1203 283 1232 306 c.
1247 272 1440 317 348—350]

360 384 479 418 natus
512 391 673 417 summa
703 375 783 415 fide
815 389 865 415 ex
897 389 1025 415 censu
1050 374 1306 424 contulisset,
1344 375 1542 429 primores
1572 377 1717 431 plebis,

315 455 333 484 s
360 439 557 480 nobilium
598 437 737 486 amici,
782 450 833 476 ex
871 437 1085 491 conposito
1122 436 1307 477 conferre
1345 437 1556 491 incipiunt.
1615 453 1718 492 quos

359 515 452 541 eum
478 507 516 540 et
542 514 565 539 a
590 498 773 553 patribus
799 497 1036 539 conlaudari
1062 505 1102 539 et
1127 514 1151 539 a
1175 498 1338 539 militari
1358 506 1490 540 aetate
1509 505 1718 553 tamquam

358 563 488 604 bonos
516 561 626 602 cives
652 560 835 615 conspici
855 560 1005 615 vulgus
1024 560 1237 601 hominum
1257 560 1371 610 vidit,
1397 567 1564 615 repente
1584 569 1720 616 spreto

314 638 331 667 0
359 624 574 665 tribunicio
600 623 753 664 auxilio
779 629 985 663 certamen
1010 622 1248 664 confercndi
1273 630 1335 664 est
1360 630 1506 664 ortum.
1562 631 1602 665 et
1625 624 1718 680 lege

357 686 513 741 perlata
543 686 593 726 de
624 685 842 726 indicendo
867 684 1112 726 Veientibus
1144 684 1271 734 bello,
1309 686 1534 726 exercitum
1566 701 1717 742 magna

358 764 409 789 ex
439 754 553 803 parte
583 747 859 788 voluntarium
890 747 986 788 novi
1018 747 1169 788 tribuni
1200 747 1374 788 militum
1407 748 1610 789 consulari
1646 763 1720 803 po-

359 816 506 851 testate
530 809 659 850 Veios
685 810 851 850 duxere.

316 887 329 915 1
442 871 568 912 LXI.
616 871 751 912 Fuere
777 877 916 911 autem
940 870 1093 911 tribuni
1119 870 1168 911 T.
1197 870 1418 923 Quinctius
1445 871 1716 926 Capitolinus,

359 933 411 987 Q.
428 933 647 987 Quinctius
670 932 953 982 Cincinnatus,
983 932 1031 974 C.
1045 932 1177 973 Iulius
1197 933 1313 974 Iulus
1339 933 1500 983 iterum,
1526 932 1719 975 A.Man-

357 996 448 1045 lius,
474 996 528 1036 L.
548 995 699 1036 Furius
725 994 980 1035 Medullinus
1007 994 1183 1043 tertium,
1209 994 1283 1036 M'.
1305 994 1511 1036 Aemilius
1536 995 1719 1037 Mamer-

358 1072 443 1098 cus.
493 1056 543 1098 ab
569 1057 619 1097 iis
644 1057 822 1111 primum
848 1057 1110 1098 circumsessi
1135 1056 1229 1097 Veii
1256 1064 1369 1107 sunt3
1402 1057 1480 1098 sub
1512 1058 1629 1099 cuius
1657 1058 1717 1099 in-

356 1119 472 1159 itium
510 1118 735 1159 obsidionis
779 1134 873 1159 cum
908 1119 1181 1160 Etruscorum
1224 1119 1442 1160 concilium
1485 1120 1537 1160 ad
1574 1119 1716 1161 fanum

356 1178 607 1221 Voltumnae
632 1180 868 1233 frequenter
891 1180 1078 1221 habitum
1099 1187 1220 1231 esset,
1246 1196 1392 1235 parum
1412 1182 1605 1232 constitit,
1631 1181 1718 1223 bel-

313 1257 332 1286 3
356 1242 450 1284 lone
474 1242 639 1297 publico
664 1243 799 1298 gentis
824 1243 1041 1283 universae
1073 1244 1214 1284 tuendi
1238 1243 1436 1285 Veientes
1469 1250 1619 1285 essent.
1669 1259 1717 1285 ea

358 1305 610 1359 oppugnatio
637 1305 801 1359 segnior
824 1305 1055 1358 insequenti
1081 1321 1189 1345 anno
1214 1305 1292 1345 fuit
1315 1312 1429 1360 parte
1460 1306 1714 1346 tribunorum

358 1367 641 1420 exercitusque
668 1367 720 1407 ad
745 1366 944 1407 Volscum
970 1373 1141 1407 avocata
1166 1366 1334 1408 bellum.

312 1443 332 1472 4
443 1428 650 1469 Tribunos
677 1428 850 1468 militum
876 1428 1079 1469 consulari
1108 1434 1310 1482 potestate
1342 1429 1377 1469 is
1410 1443 1540 1469 annus
1571 1428 1715 1469 habuit

359 1490 408 1532 C.
434 1490 646 1531 Valerium
672 1490 856 1531 Potitum
881 1491 1017 1539 tertio,
1048 1489 1122 1530 M'.
1152 1488 1345 1543 Sergium
1371 1490 1631 1539 Fidenatem,
1665 1490 1712 1530 P.

359 1552 599 1593 Cornelium
612 1551 960 1607 Maluginensem,
989 1552 1066 1593 Cn.
1090 1551 1327 1593 Cornelium
1343 1551 1536 1601 Cossum,
1563 1552 1619 1593 K.
1635 1552 1713 1593 Fa-

312 1628 330 1656 5
356 1613 470 1654 bium
495 1612 761 1662 Ambustum,
792 1612 864 1667 Sp.
878 1613 1074 1654 Nautium
1094 1613 1280 1654 Rutilum
1304 1614 1463 1654 iterum.
1502 1629 1595 1654 cum
1614 1613 1655 1654 V
1657 1613 1715 1654 ol-

358 1674 438 1715 scis
463 1675 569 1715 inter
585 1675 855 1716 Ferentinum
879 1681 1001 1727 atque
1026 1674 1220 1715 Ecetram
1247 1675 1374 1730 signis
1401 1676 1570 1717 conlatis
1596 1676 1714 1716 dimi-

312 1749 330 1779 6
357 1743 513 1786 catumg
551 1737 751 1777 Romanis
790 1736 972 1777 secunda
1007 1735 1173 1777 fortuna
1206 1751 1370 1791 pugnae
1407 1736 1496 1777 fuit.
1555 1736 1715 1778 Artena

355 1798 462 1847 inde,
490 1797 739 1839 Volscorum
753 1798 962 1852 oppidum,
985 1797 1036 1838 ab
1051 1797 1225 1838 tribunis
1240 1797 1419 1838 obsideri
1433 1804 1588 1852 coepta.
1619 1798 1713 1839 inde

355 1860 460 1900 inter
484 1860 739 1914 eruptionem
764 1865 1004 1914 temptatam
1030 1859 1228 1913 conpulso
1258 1859 1302 1899 in
1331 1859 1474 1900 urbem
1505 1859 1623 1900 hoste
1647 1875 1715 1901 oc-

356 1922 467 1962 casio
493 1922 588 1962 data
613 1927 675 1963 est
697 1921 898 1963 Romanis
923 1921 1195 1975 inrumpendi,
1222 1927 1463 1975 praeterque
1489 1935 1622 1961 arcem
1649 1935 1714 1962 ce-

357 1995 443 2025 tera
473 1991 604 2038 capta.
652 1984 695 2024 in
725 1999 860 2024 arcem
892 1983 1092 2024 munitam
1116 1989 1262 2024 natura
1285 1982 1433 2039 globus
1465 1989 1713 2024 armatorum

313 2060 329 2088 7
356 2047 577 2096 concessit,
609 2046 716 2087 infra
741 2061 876 2087 arcem
902 2046 1011 2087 caesi
1036 2045 1225 2100 captique
1250 2045 1368 2085 multi
1392 2045 1598 2086 mortales.
1641 2061 1714 2086 arx

357 2109 504 2150 deinde
524 2108 808 2158 obsidebatur3
833 2123 909 2149 nec
928 2115 997 2149 aut
1017 2109 1055 2149 vi
1076 2108 1167 2163 capi
1180 2114 1350 2162 poterat,
1377 2108 1473 2160 quia
1492 2122 1566 2162 pro
1580 2107 1712 2162 spatio

354 2170 434 2211 loci
470 2171 569 2211 satis
605 2170 799 2225 praesidii
834 2169 1030 2219 habebat,
1080 2176 1150 2211 aut
1180 2184 1296 2224 spem
1333 2169 1457 2210 dabat
1492 2169 1711 2211 deditionis

358 2233 468 2274 omni
493 2232 658 2287 publico
684 2232 910 2282 frumento,
936 2233 1178 2287 priusquam
1203 2231 1302 2273 urbs
1329 2238 1556 2286 caperetur,
1583 2232 1626 2272 in
1650 2246 1713 2272 ar-

312 2308 331 2338 S
358 2310 446 2335 cem
472 2302 681 2336 convecto.
730 2295 948 2348 taedioque
972 2309 1184 2335 recessum
1213 2294 1308 2335 inde
1333 2293 1457 2343 foret,
1495 2294 1537 2334 ni
1568 2308 1711 2334 servus

356 2372 491 2398 arcem
516 2357 715 2398 Romanis
740 2357 1002 2412 prodidisset.
1052 2355 1104 2397 ab
1130 2371 1178 2397 eo
1209 2355 1359 2397 milites
1384 2369 1458 2410 per
1487 2355 1622 2396 locum
1649 2371 1712 2396 ar-

356 2420 483 2460 duum
508 2419 665 2474 accepti
690 2434 852 2474 cepere3
891 2434 915 2460 a
938 2418 1087 2472 quibus
1114 2433 1207 2459 cum
1238 2417 1430 2459 custodes
1462 2417 1712 2458 trucidaren-

356 2488 437 2530 tur,
475 2488 609 2522 cetera
639 2481 857 2522 multitudo
886 2481 1098 2536 repentino
1127 2495 1279 2536 pavore
1304 2480 1503 2535 obpressa
1532 2480 1574 2520 in
1598 2479 1710 2520 dedi-

313 2556 330 2585 9
358 2543 507 2584 tionem
543 2544 666 2584 venit.
727 2544 862 2584 diruta
897 2549 938 2584 et
973 2557 1066 2584 arce
1109 2549 1149 2584 et
1184 2542 1285 2584 urbe
1320 2542 1479 2583 Artena
1518 2542 1708 2583 reductae

356 2605 538 2660 legiones
564 2620 616 2646 ex
641 2605 804 2647 Volscis
830 2605 1044 2659 omnisque
1070 2605 1131 2646 vis
1150 2604 1340 2646 Romana
1358 2603 1486 2645 Veios
1512 2616 1708 2644 conversa

293 2680 331 2708 1o
358 2674 430 2708 est.
478 2668 674 2722 proditori
698 2673 859 2722 praeter
881 2667 1111 2708 libertatem
1137 2667 1310 2707 duarum
1335 2666 1581 2707 familiarum
1598 2661 1708 2704 bona

355 2728 397 2768 in
420 2730 646 2783 praemium
672 2730 785 2780 data,
820 2728 991 2772 Servius
1016 2729 1229 2771 Romanus
1255 2728 1468 2769 vocitatus.
1517 2730 1611 2766 sunt
1635 2723 1703 2777 qui

313 1071 331 1100 10
