1780 3204
409 213 563 247 LIBER
589 214 622 258 1,
642 213 695 246 27.
716 213 769 246 2⁸.
798 215 845 255 [a.
861 212 898 246 C.
916 211 1110 255 672—640]
1386 203 1436 242 31

84 334 194 367 esse,
222 333 296 358 suo
322 318 438 357 iussu
464 316 715 357 circumduci
742 315 954 356 Albanum
980 314 1219 363 exercitum,
1247 322 1291 354 ut
1317 314 1440 355 Fide-

84 381 239 421 natium
258 379 369 420 nuda
388 386 504 433 terga
522 378 730 418 invadant.
768 378 877 418 idem
897 377 1081 431 imperat,
1103 383 1147 416 ut
1166 376 1307 417 hastas
1329 377 1441 430 equi-

86 451 145 484 tes
172 442 385 497 erigerent.
435 441 476 481 id
502 441 656 481 factum
684 454 858 494 magnae
889 439 993 493 parti
1024 439 1207 492 peditum
1233 439 1441 479 Romano-

85 520 174 545 rum
213 512 478 557 conspectum
510 502 699 543 abeuntis
731 501 885 543 Albani
922 501 1125 542 exercitus
1162 501 1440 555 intersaepsit3

86 567 156 619 qui
181 566 378 614 viderant,
404 565 446 605 id
471 564 581 618 quod
607 564 658 605 ab
684 578 780 618 rege
807 563 991 604 auditum
1017 570 1102 603 erat
1127 563 1216 612 rati,
1239 578 1286 603 eo
1306 563 1440 604 acrius

85 635 286 683 pugnant.

172 689 321 730 Terror
357 689 409 729 ad
451 688 592 729 hostes
630 688 797 728 transit:
842 696 881 727 et
917 687 1159 727 audiverant
1196 687 1305 728 clara
1342 702 1441 727 voco

86 752 240 792 dictum
272 757 311 791 et
341 765 493 805 magna
522 764 617 803 pars
648 749 930 796 Fidenatium,
969 755 1013 788 ut
1044 748 1115 801 qui
1146 748 1279 788 coloni
1315 748 1441 788 additi

86 813 283 855 Romanis
304 822 453 861 essent,
474 811 624 852 Latine
645 811 840 851 sciebant.
890 811 1040 863 itaque,
1061 825 1111 850 ne
1132 811 1268 852 subito
1290 826 1341 851 cx
1361 811 1442 852 col-

85 875 193 916 libus
213 875 389 915 decursu
403 873 662 915 Albanorum
681 871 1049 912 intercluderentur
1068 871 1119 912 ab
1141 872 1304 926 oppido,
1326 879 1439 927 terga

86 943 261 977 vertunt.
298 936 422 976 instat
442 934 588 975 Tullus
613 934 790 986 fusoque
809 933 1069 973 Fidenatium
1090 946 1217 974 cornu
1236 934 1278 974 in
1291 933 1442 974 Veien-

86 1007 168 1039 tem
194 998 325 1039 alieno
351 1011 502 1051 pavore
527 996 761 1050 perculsum
788 994 962 1035 ferocior
981 995 1096 1035 redit.
1137 1010 1211 1036 nec
1231 996 1288 1035 illi
1314 996 1441 1036 tulere

86 1060 301 1114 impetum,
335 1058 408 1099 sed
437 1057 489 1098 ab
521 1058 654 1098 effusa
684 1057 785 1111 fuga
816 1056 968 1096 fiumen
999 1056 1206 1097 obiectum
1238 1056 1289 1097 ab
1327 1065 1441 1111 tergo

86 1121 262 1162 arcebat.
312 1135 392 1173 quo
422 1126 642 1174 postquam
673 1119 774 1173 suga
810 1118 1039 1167 inclinavit,
1078 1118 1146 1159 alii
1177 1134 1290 1159 arma
1321 1119 1440 1159 foede

86 1183 282 1223 iactantes
308 1183 350 1222 in
375 1196 524 1234 aquam
550 1181 662 1222 caeci
685 1180 871 1229 ruebant,
899 1180 980 1228 alii,
1008 1179 1106 1220 dum
1133 1187 1376 1221 cunctantur
1402 1182 1442 1221 in

85 1245 196 1298 ripis,
223 1244 328 1284 inter
351 1243 476 1298 fugae
501 1257 746 1297 pugnaeque
773 1242 989 1283 consilium
1010 1241 1210 1297 obpressi.
1255 1258 1338 1283 non
1363 1243 1441 1283 alia

87 1312 179 1346 ante
204 1305 394 1346 Romana
418 1320 558 1360 pugna
584 1305 757 1345 atrocior
780 1304 871 1345 fuit.

170 1367 390 1409 XXVIII.
423 1367 532 1407 Tum
560 1366 751 1408 Albanus
778 1367 996 1416 exercitus,
1023 1374 1230 1421 spectator
1254 1368 1441 1408 certami—

84 1431 166 1479 nis,
199 1430 399 1471 deductus
431 1429 472 1470 in
504 1444 685 1484 campos.
735 1428 910 1470 Mettius
938 1429 1061 1470 Tullo
1086 1429 1271 1470 devictos
1301 1429 1441 1470 hostes

85 1492 330 1548 gratulatur,
369 1500 510 1534 contra
547 1493 695 1533 Tullus
732 1492 928 1534 Mettium
972 1492 1151 1547 benigne
1194 1493 1441 1546 adloquitur.

85 1554 197 1607 quod
220 1554 325 1595 bene
351 1562 493 1603 vertat,
521 1562 656 1595 castra
668 1554 857 1596 Albanos
878 1555 1077 1595 Romanis
1104 1555 1247 1595 castris
1273 1555 1443 1610 iungere

86 1616 216 1665 iubet,
255 1616 500 1657 sacrificium
536 1616 705 1657 lustrale
741 1617 784 1657 in
813 1617 922 1657 diem
953 1624 1164 1671 posterum
1195 1624 1323 1671 parat.
1374 1617 1443 1658 ubi

86 1678 250 1726 inluxit,
277 1678 429 1732 paratis
454 1678 664 1727 omnibus,
691 1686 736 1719 ut
760 1679 937 1727 adsolet,
971 1679 1108 1719 vocari
1134 1679 1186 1719 ad
1212 1679 1442 1719 contionem

88 1746 306 1793 utrumque
337 1741 562 1781 exercitum
591 1741 716 1781 iubet.
766 1755 1010 1795 praecones,
1044 1740 1095 1781 ab
1128 1750 1310 1780 extremo
1347 1741 1441 1788 orsi,

89 1801 241 1855 primos
273 1802 460 1842 excivere
485 1802 687 1843 Albanos.
736 1803 764 1842 ii
795 1803 975 1843 novitate
1008 1802 1130 1842 ctiam
1162 1802 1219 1842 rei
1250 1802 1367 1851 moti,
1398 1810 1443 1843 ut

89 1878 230 1918 regem
255 1863 488 1905 Romanum
520 1865 823 1905 contionantem
854 1864 1052 1912 audirent,
1085 1864 1262 1918 proximi
1293 1864 1444 1904 consti-

89 1933 184 1966 tere.
214 1940 263 1966 ex
301 1926 512 1980 conposito
533 1934 689 1967 armata
703 1926 979 1966 circumdatur
992 1926 1182 1967 Romana
1200 1926 1329 1981 legi03
1349 1941 1443 1967 cen·
1470 1944 1475 1966 :

91 1987 318 2028 turionibus
344 1988 485 2028 datum
510 1988 720 2043 negotium
741 1994 841 2037 erat,
862 1995 906 2028 ut
932 1988 1018 2029 sine
1038 2002 1153 2028 mora
1178 1988 1350 2041 imperia
1374 2002 1445 2028 ex-

92 2056 371 2102 sequerentur.

176 2110 285 2151 Tum
310 2111 367 2151 ita
392 2110 538 2151 Tullus
563 2111 670 2152 infit:
706 2111 914 2160 ‘Romani,
942 2112 975 2151 si
1002 2126 1197 2164 umquam
1224 2119 1317 2152 ante
1342 2112 1442 2152 alias

90 2172 171 2212 ullo
201 2173 242 2212 in
275 2172 380 2213 bello
405 2172 500 2221 fuit,
533 2173 643 2226 quod
673 2173 850 2227 primum
877 2173 940 2214 dis
971 2173 1257 2214 inmortalibus
1289 2174 1441 2228 gratias

89 2234 278 2288 ageretis,
293 2234 440 2275 deinde
461 2242 620 2275 vestrae
640 2235 823 2289 ipsorum
844 2235 995 2284 virtuti,
1010 2235 1247 2276 hesternum
1266 2235 1308 2276 id
1326 2250 1444 2289 proe-

89 2295 188 2335 lium
218 2295 308 2336 fuit.
359 2296 598 2337 dimicatum
624 2304 686 2337 est
711 2297 820 2337 enim
851 2311 932 2338 non
964 2297 1098 2352 magis
1130 2312 1222 2337 cum
1254 2297 1442 2339 hostibus

89 2371 231 2409 quam,
264 2372 369 2410 quac
400 2358 606 2399 dimicatio
632 2359 761 2399 maior
791 2366 914 2412 atque
944 2359 1212 2413 periculosior
1237 2366 1317 2408 est,
1349 2375 1442 2400 cum

88 2419 316 2473 proditione
342 2434 389 2460 ac
413 2420 585 2474 perfidia
610 2421 827 2461 sociorum.
870 2436 979 2468 nam,
1000 2436 1051 2462 ne
1074 2436 1148 2462 vos
1174 2421 1280 2462 falsa
1304 2423 1441 2476 opinio

89 2487 240 2529 teneat,
272 2481 433 2522 iniussu
459 2497 550 2523 meo
575 2482 730 2524 Albani
762 2482 924 2524 subiere
950 2483 1003 2524 ad
1028 2490 1188 2524 montes
1213 2498 1289 2524 ncc
1313 2484 1442 2539 impe-

88 2543 193 2583 rium
218 2543 320 2583 illud
345 2558 501 2593 meum,
529 2545 601 2586 sed
627 2545 843 2586 consilium
869 2551 909 2586 et
933 2545 1094 2599 imperii
1121 2546 1325 2587 simulatio
1350 2546 1440 2596 fuit,

88 2614 133 2644 ut
157 2619 233 2645 nec
258 2605 396 2655 vobis,
428 2606 713 2660 ignorantibus
745 2607 879 2648 deseri
909 2621 1001 2656 vos,
1034 2614 1284 2648 averteretur
1308 2623 1332 2649 a
1356 2623 1442 2650 cer-

89 2667 240 2707 tamine
266 2667 427 2708 animus
453 2675 493 2708 et
518 2668 719 2718 hostibus,
747 2669 1032 2710 circumveniri
1059 2684 1102 2710 se
1121 2669 1172 2711 ab
1194 2677 1308 2725 tergo
1327 2671 1439 2721 ratis,

1474 826 1510 852 lt»

1473 1135 1506 1162 11
