1835 3226
320 398 338 427 S

321 522 337 549 ¹.)

302 768 340 797 10

299 955 334 983 11

303 1141 339 1169 12

302 1450 339 1477 14

302 1635 339 1663 15

302 1758 338 1786 16

303 2192 340 2220 19

365 213 446 254 526
708 216 861 251 LIBER
885 217 938 261 X,
964 216 1018 250 29.
1031 216 1085 249 30.
1114 218 1162 259 [a.
1176 227 1211 250 u.
1227 227 1256 251 e.
1270 216 1354 260 459]

365 322 465 361 haec
506 322 547 361 in
585 320 750 361 sinistro
793 333 920 360 cornu
957 318 1239 360 Romanorum
1280 319 1444 359 fortuna
1478 319 1717 362 variaverat.

364 382 518 423 Fabius
550 382 592 422 in
622 381 765 422 dextro
800 381 951 435 primo,
988 387 1033 420 ut
1063 387 1156 421 ante
1187 380 1340 421 dictum
1373 387 1452 428 est,
1490 382 1718 423 cunctando

365 450 596 484 extraxerat
621 443 748 492 diem3
781 443 888 492 dein,
915 449 1133 498 postquam
1160 457 1235 483 nec
1260 442 1414 483 clamor
1437 442 1618 483 hostium
1643 457 1719 483 nec

364 506 540 560 impetus
570 519 646 546 nec
677 505 756 546 tela
793 505 920 546 missa
956 505 1128 546 eandem
1158 505 1243 545 vim
1278 505 1428 546 habere
1462 505 1566 554 visa,
1603 520 1720 560 prae-

364 567 482 608 fectis
520 567 704 621 equitum
739 567 863 608 iussis
901 567 954 607 ad
988 567 1095 607 latus
1130 565 1378 608 Samnitium
1415 567 1719 609 circumducere

365 629 464 679 alas,
484 638 528 670 ut
554 630 672 685 signo
698 629 793 670 dato
819 629 860 669 in
886 635 1142 670 transversos
1169 636 1322 682 quanto
1343 628 1527 670 'maximo
1552 636 1721 683 possent

364 691 519 745 impetu
554 691 825 740 incurrerent,
864 690 1018 732 sensim
1055 705 1151 731 suos
1189 691 1307 745 signa
1343 690 1492 731 inferre
1527 691 1645 731 iussit
1682 698 1721 731 ct

366 767 625 794 commovere
655 752 829 793 hostem.
878 759 1099 807 postquam
1130 767 1212 793 non
1241 752 1376 793 resisti
1408 753 1510 792 vidit
1541 759 1580 793 et
1610 752 1720 792 haud

365 814 534 856 dubiam
563 814 850 856 lassitudinem
881 828 991 863 csse,
1024 821 1112 854 tum
1143 814 1336 855 conlectis
1363 813 1554 855 omnibus
1588 813 1722 854 subsi-

364 878 454 926 diis,
476 892 580 931 quae
602 877 654 918 ad
678 877 720 917 id
739 884 900 931 tempus
921 883 1214 925 reservaverat,
1237 882 1277 916 et
1300 875 1483 931 legiones
1504 875 1722 917 concitavit

364 947 401 981 et
423 939 587 994 signum
606 939 659 979 ad
682 938 935 979 invadendos
957 938 1095 979 hostes
1116 938 1321 991 equitibus
1342 938 1466 978 dedit.
1503 952 1579 979 nec
1599 938 1723 979 susti-

364 1009 539 1042 nuerunt
566 1000 772 1043 Sanmites
804 1001 1004 1055 impetum
1033 1007 1275 1055 praeterque
1301 1000 1432 1041 aciem
1462 1000 1595 1054 ipsam
1622 998 1722 1041 Gal-

363 1064 497 1105 lorum
522 1064 672 1105 relictis
696 1063 739 1104 in
764 1062 1025 1103 dimicatione
1052 1062 1173 1103 sociis
1200 1062 1251 1102 ad
1283 1070 1417 1103 castra
1442 1061 1574 1103 effuso
1599 1076 1722 1103 cursu

367 1125 614 1166 ferebantur.
667 1124 777 1166 Galli
814 1124 1018 1165 testudine
1055 1124 1166 1165 sacta
1202 1124 1374 1165 conferti
1405 1123 1580 1165 stabant.
1635 1131 1721 1164 tum

364 1187 518 1228 Fabius
544 1187 683 1228 audita
708 1194 836 1227 morte
857 1186 1039 1241 collegae
1054 1186 1362 1240 Campanorum
1383 1186 1502 1235 alam,
1523 1185 1722 1241 quingen-

364 1257 427 1290 tos
459 1249 543 1289 fere
575 1249 750 1301 equites,
784 1247 980 1288 excedere
1012 1248 1098 1288 acie
1129 1246 1242 1288 iubet
1273 1255 1313 1288 et
1344 1247 1637 1288 circumvectos
1669 1246 1720 1287 ab

322 1327 339 1355 a
367 1319 482 1365 tergo
515 1309 718 1351 Gallicam
755 1310 949 1350 invadere
986 1309 1140 1358 aci01n3
1184 1309 1325 1349 tertiae
1363 1309 1509 1349 deinde
1546 1309 1719 1363 legionis

366 1372 564 1426 subsequi
594 1372 799 1426 principes
832 1378 888 1419 et,
921 1385 1002 1423 qua
1034 1369 1241 1410 tiu-batum
1273 1385 1422 1424 agmen
1451 1370 1630 1411 hostium
1662 1370 1721 1410 vi-

366 1435 508 1474 derent
538 1434 694 1488 impetu
725 1433 927 1486 equitum,
959 1432 1110 1472 instare
1136 1446 1183 1472 ac
1209 1432 1368 1473 territos
1401 1431 1582 1472 caedere.
1631 1431 1719 1486 ipsc

366 1496 509 1536 aedem
540 1495 631 1535 Iovi
656 1494 815 1535 Victori
852 1494 1064 1548 spoliaque
1101 1492 1281 1534 hostium
1313 1508 1406 1534 cum
1439 1493 1636 1542 vovisset,
1669 1493 1720 1533 ad

366 1563 500 1597 castra
527 1555 774 1598 Samnitium
799 1555 995 1610 perrexit,
1028 1569 1109 1608 quo
1134 1555 1351 1596 multitudo
1377 1555 1508 1595 onmis
1540 1566 1721 1595 conster-

366 1625 462 1659 nata
486 1617 696 1673 agebatur.
747 1617 824 1658 sub
849 1617 940 1671 ipso
967 1616 1094 1665 vallo,
1121 1616 1218 1669 quia
1241 1622 1396 1656 tantam
1420 1616 1719 1656 multitudinem

366 1689 506 1735 portae
538 1694 620 1720 non
651 1693 860 1733 recepere,
893 1684 1092 1732 temptata
1117 1677 1168 1717 ab
1195 1677 1373 1718 exclusis
1405 1676 1524 1718 turba
1555 1692 1720 1718 suorum

365 1757 506 1797 pugna
530 1748 604 1782 est.
654 1740 710 1781 ibi
731 1739 890 1782 Gellius
909 1739 1117 1794 Egnatius
1143 1738 1364 1793 imperator
1385 1737 1634 1780 Samnitium
1658 1753 1723 1780 ce-

365 1805 473 1846 cidit.
536 1803 723 1858 conpulsi
759 1803 906 1843 deinde
943 1803 1048 1842 intra
1083 1801 1238 1842 vallum
1271 1800 1479 1842 Samnites
1515 1815 1723 1855 parvoque

365 1866 586 1907 certamine
629 1872 749 1920 capta
790 1872 923 1906 castra
960 1872 999 1905 et
1037 1862 1146 1905 Galli
1190 1863 1241 1904 ab
1284 1870 1400 1917 tergo
1443 1863 1721 1904 circumventi.

367 1944 487 1970 caesa
518 1944 566 1970 eo
598 1929 663 1969 die
695 1927 875 1969 hostium
907 1927 1053 1982 viginti
1083 1926 1264 1980 quinque
1295 1926 1424 1975 milia,
1462 1932 1554 1966 octo
1591 1932 1721 1979 capta.

367 2006 441 2033 nec
466 1991 679 2032 incruenta
698 1990 867 2031 victoria
892 1989 986 2030 fuit:
1013 2004 1109 2029 nam
1129 2003 1180 2029 ex
1193 1988 1241 2028 P.
1256 1988 1378 2029 Decii
1404 1988 1584 2028 exercitu
1604 2001 1724 2028 caesa

368 2060 527 2109 septem
551 2053 675 2102 milia,
703 2067 754 2093 ex
777 2051 884 2093 Fabi
909 2051 1018 2092 mille
1044 2066 1090 2092 ac
1119 2059 1295 2092 centum.
1344 2049 1514 2099 Fabius,
1541 2049 1722 2090 dimissis

368 2116 420 2157 ad
450 2115 730 2169 quaerendum
757 2114 939 2169 collegae
965 2128 1134 2168 corpus,
1167 2113 1299 2168 spolia
1328 2112 1509 2153 hostium
1541 2111 1724 2153 coniecta

367 2179 407 2219 in
433 2193 626 2219 acervum
643 2177 736 2218 Iovi
754 2176 911 2218 Victori
937 2176 1146 2216 cremavit.
1191 2175 1370 2216 consulis
1396 2189 1544 2229 corpus
1571 2188 1618 2215 eo
1644 2173 1721 2222 die,

365 2241 461 2294 quia
486 2240 679 2281 obrutum
704 2239 965 2294 superstratis
983 2236 1197 2280 Gallorum
1224 2237 1399 2279 cumulis
1426 2244 1524 2286 erat,
1550 2236 1723 2277 inveniri

367 2318 446 2343 non
484 2302 639 2357 potuit3
687 2309 850 2356 postero
887 2301 953 2341 die
989 2301 1202 2340 inventum
1237 2300 1493 2352 relatumque
1531 2305 1594 2339 est
1629 2313 1722 2339 cum

299 2378 316 2406 :²
366 2365 503 2406 multis
530 2365 705 2405 militum
729 2363 935 2404 lacrumis.
973 2362 1207 2403 intermissa
1231 2362 1325 2402 inde
1345 2361 1526 2402 omnium
1553 2360 1722 2401 aliarum

367 2443 500 2468 rerum
528 2442 625 2468 cura
649 2426 805 2467 Fabius
832 2425 1014 2480 collegae
1039 2425 1165 2465 funus
1192 2425 1303 2465 omni
1328 2422 1723 2465 honorelaudibus-

368 2504 446 2543 que
471 2489 625 2530 meritis
652 2488 841 2529 celebrat.

453 2551 610 2591 XXX.
652 2550 709 2592 Et
734 2550 775 2590 in
800 2549 968 2590 Etruria
993 2564 1066 2604 per
1090 2549 1258 2590 eosdem
1284 2548 1371 2589 dies
1398 2547 1449 2589 ab
1477 2547 1554 2588 Cn.
1574 2546 1722 2588 Fulvio

370 2621 629 2667 propraetore
660 2628 726 2654 res
758 2627 809 2653 ex
841 2612 1042 2653 sententia
1071 2618 1207 2666 gesta,
1246 2618 1286 2652 et
1320 2617 1482 2664 praeter
1516 2610 1720 2664 ingentem

369 2676 537 2716 inlatam
569 2674 903 2730 populationibus
935 2688 1126 2729 agrorum
1159 2673 1267 2714 hosti
1298 2673 1455 2713 cladem
1492 2677 1720 2727 pugnatum
