1835 3226
299 275 381 316 264
603 280 757 315 LIBER
780 279 826 324 V,
854 280 906 314 11.
928 279 980 313 12.
1009 282 1056 323 [a.
1071 291 1107 315 u.
1125 290 1156 314 c.
1170 281 1349 325 353-355]

295 385 336 425 in
360 385 409 425 iis
436 399 510 425 sua
534 389 755 438 potestate,
782 397 876 423 cum
900 381 1021 424 liceat
1039 388 1079 423 et
1098 389 1301 437 oporteat,
1327 398 1409 425 non
1428 385 1498 426 uti.
1535 401 1653 427 num-

295 460 416 499 quam
443 446 542 486 deos
567 445 680 499 ipsos
706 444 926 485 admovere
950 444 1194 486 nocentibus
1220 460 1385 496 manus3
1424 447 1522 488 satis
1549 461 1652 498 esse,

295 508 329 547 si
354 507 569 548 occasione
594 506 822 547 ulciscendi
846 506 981 547 laesos
1007 513 1178 548 arment.

252 585 265 612 1
377 569 483 610 XII.
521 568 603 609 His
629 568 882 610 orationibus
902 568 1070 609 incitata
1088 568 1206 623 plebs
1227 569 1343 610 denis
1363 570 1529 612 milibus
1549 571 1654 613 aeris

294 631 432 686 gravis
463 645 555 672 reos
589 631 854 680 condemnat,
887 630 1138 684 nequiquam
1166 630 1314 687 Sergio
1338 631 1519 674 Martem
1544 648 1655 674 com-

294 707 460 734 munem
488 692 583 734 belli
608 692 899 746 fortunamque
918 699 1158 743 accusante,
1177 693 1377 749 Verginio
1397 695 1654 750 deprecante,

295 769 346 795 ne
377 754 579 796 infelicior
609 755 722 795 domi
752 769 876 808 quam
908 754 1077 796 militiae
1108 761 1230 797 esset.
1279 756 1321 796 in
1352 756 1428 797 hos
1453 771 1573 799 versa
1596 757 1657 798 ira

294 816 435 871 populi
467 816 737 871 cooptationis
769 816 1028 857 tribunorum
1069 816 1309 871 fraudisque
1346 825 1487 860 contra
1520 818 1656 874 legem

250 890 268 919 3
283 877 544 925 ‚Treboniam
569 878 704 919 factae
728 878 969 919 memoriam
995 877 1215 920 obscuram
1239 879 1349 921 fecit.
1387 881 1562 922 victores
1587 880 1657 921 tri-

294 940 404 990 buni,
426 948 469 981 ut
481 947 740 995 praesentem
754 940 986 981 mercedem
999 940 1141 982 iudicii
1158 940 1301 996 plebes
1321 941 1501 992 haberet,
1520 942 1656 998 legem

249 1017 269 1045 4
296 1003 499 1058 agrariam
518 1002 784 1058 promulgant
804 1002 1085 1056 tributumque
1105 1003 1282 1044 conferri
1298 1004 1516 1059 prohibent
1524 1036 1535 1055 ,
1562 1019 1656 1045 cum

295 1071 353 1105 tot
377 1064 624 1106 exercitibus
652 1065 856 1120 stipendio
881 1080 986 1120 opus
1013 1072 1123 1106 esset
1146 1080 1295 1120 resque
1320 1066 1465 1107 militia
1488 1067 1546 1107 ita
1564 1081 1656 1121 pro-

297 1141 414 1181 spere
445 1133 696 1182 gererentur,
733 1136 778 1168 ut
808 1127 921 1168 nullo
952 1126 1060 1169 bello
1090 1128 1298 1169 veniretur
1327 1128 1380 1169 ad
1404 1128 1560 1169 exitum
1584 1128 1655 1169 rei.

295 1202 472 1241 namque
486 1188 602 1229 Veiis
622 1195 768 1238 eastra,
795 1203 904 1242 quae
925 1189 1079 1230 amissa
1099 1196 1226 1239 erant,
1252 1196 1492 1245 recuperata
1512 1189 1658 1231 castel-

294 1250 344 1290 lis
370 1249 666 1304 praesidiisque
691 1249 916 1291 firmantur.
966 1258 1181 1305 praeerant
1206 1251 1357 1293 tribuni
1383 1252 1557 1292 militum
1582 1251 1655 1292 Μ’.

250 1326 269 1355 5
295 1310 500 1352 Aemilius
539 1318 578 1352 ct
607 1312 664 1352 K.
695 1311 864 1353 Fabius.
915 1328 938 1353 a
968 1311 1029 1353 M.
1062 1313 1187 1354 Furio
1223 1313 1265 1353 in
1295 1313 1469 1354 Faliscis
1507 1320 1546 1354 et
1577 1313 1654 1354 Cn.

298 1372 491 1414 Cornelio
521 1373 563 1414 in
589 1373 801 1429 Capenate
833 1389 932 1429 agro
963 1374 1103 1415 hostes
1134 1374 1235 1415 nulli
1266 1382 1379 1416 extra
1410 1375 1572 1416 moenia
1595 1375 1657 1416 in-

296 1435 419 1484 venti,
440 1436 616 1490 praedae
635 1443 749 1477 actae
769 1436 1050 1490 incendiisque
1065 1436 1252 1477 villarum
1267 1451 1314 1477 ae
1327 1436 1493 1492 frugum
1508 1437 1656 1478 vastati

253 1512 271 1542 6
297 1496 419 1547 fines,
452 1497 603 1551 oppida
627 1506 867 1552 oppugnata
891 1512 967 1539 nec
993 1497 1165 1539 obsessa
1196 1505 1303 1539 sunt.
1353 1505 1393 1539 at
1424 1499 1466 1539 in
1491 1497 1656 1540 Volscis

297 1559 546 1613 depopulato
571 1574 670 1614 agro
690 1559 841 1600 Anxur
866 1560 1115 1613 nequiquam
1135 1567 1438 1615 oppugnatum,
1464 1560 1554 1601 loco
1574 1560 1655 1600 alto

298 1620 423 1661 situm
448 1628 505 1670 et,
531 1628 750 1675 postquam
777 1621 839 1662 vis
866 1622 983 1662 inrita
1005 1630 1108 1671 crat,
1134 1622 1242 1663 vallo
1263 1622 1458 1676 fossaque
1478 1621 1656 1664 obsideri

296 1688 498 1736 coeptum.
549 1681 716 1723 Valerio
740 1682 879 1723 Potito
905 1682 1048 1724 Volsci
1072 1684 1285 1738 provincia
1309 1690 1513 1725 evenerat.

380 1743 476 1784 Hoc
514 1751 623 1784 statu
659 1744 896 1785 militarium
932 1759 1068 1785 rerum
1105 1746 1251 1786 seditio
1281 1746 1474 1787 intestina
1503 1746 1656 1788 maiore

294 1805 401 1847 mole
439 1812 578 1847 coorta
613 1820 738 1859 quam
774 1806 882 1847 bella
918 1806 1208 1848 tractabantur.
1258 1814 1299 1848 et
1334 1822 1427 1848 eum
1459 1807 1656 1849 tributum

297 1868 473 1909 conferri
504 1883 578 1923 per
607 1868 793 1909 tribunos
824 1883 907 1910 non
936 1876 1077 1924 posset
1108 1884 1184 1910 nec
1211 1870 1459 1925 stipendium
1484 1870 1658 1925 impera-

296 1930 453 1971 toribus
484 1930 712 1971 mitteretur
737 1945 911 1985 aeraque
937 1931 1128 1972 militaria
1151 1931 1355 1987 flagitaret
1379 1932 1515 1982 miles,
1547 1932 1658 1973 haud

296 1992 439 2046 procul
465 1999 568 2042 erat,
602 1993 702 2046 quin
727 1999 861 2034 castra
885 2008 1049 2047 quoque
1074 1993 1256 2035 urbanae
1282 1994 1493 2035 seditionis
1519 2002 1658 2035 conta-

251 2067 270 2097 8
296 2055 418 2110 gione
455 2054 728 2096 turbarentur.
777 2055 882 2096 inter
917 2055 992 2097 has
1029 2056 1110 2097 iras
1147 2055 1280 2111 plebis
1316 2056 1357 2096 in
1393 2063 1530 2111 patres
1564 2071 1657 2098 cum

296 2117 448 2158 tribuni
476 2116 588 2172 plebi
617 2132 727 2158 nune
750 2117 852 2158 illud
877 2126 1039 2173 tempus
1066 2133 1157 2159 esse
1183 2118 1364 2159 dicerent
1390 2118 1657 2160 stabiliendae

294 2178 493 2220 libertatis
521 2186 561 2220 et
585 2179 637 2221 ab
660 2178 818 2235 Sergiis
837 2179 1130 2235 Verginiisque
1156 2180 1208 2222 ad
1231 2180 1415 2235 plebeios
1441 2180 1550 2222 viros
1576 2180 1658 2221 sor-

251 2257 268 2284 9
295 2247 356 2282 tes
394 2256 441 2282 ae
478 2247 666 2283 strenuos
698 2243 971 2284 transferendi
1004 2243 1154 2284 summi
1184 2243 1369 2293 honoris,
1407 2258 1489 2284 non
1521 2249 1658 2284 tamen

296 2303 402 2344 ultra
432 2318 673 2358 processum
705 2312 787 2354 est,
824 2319 948 2358 quam
980 2311 1025 2345 ut
1055 2320 1162 2346 unus
1194 2319 1246 2346 ex
1275 2304 1396 2359 plebe
1432 2305 1658 2360 usurpandi

296 2365 396 2406 iuris
422 2380 548 2407 causa
572 2365 620 2406 P.
643 2366 831 2408 Licinius
855 2366 1012 2408 Calvus
1039 2367 1226 2408 tribunus
1252 2367 1427 2407 militum
1454 2367 1658 2408 consulari

234 2441 272 2469 lo
298 2433 500 2480 potestate
526 2435 750 2478 crearetur3
784 2429 906 2469 ceteri
932 2429 1091 2483 patricii
1117 2429 1260 2470 creati:
1298 2428 1346 2469 P.
1373 2428 1576 2478 Manlius,
1601 2429 1655 2470 L.

298 2488 496 2539 Titinius,
521 2489 571 2531 P.
592 2489 792 2540 Maelius,
819 2491 871 2531 L.
893 2491 1044 2532 Furius
1070 2490 1346 2540 Medullinus,
1373 2491 1426 2531 L.
1452 2490 1656 2545 Poplilius

236 2564 269 2592 ιι
297 2550 488 2594 Volscus.
527 2553 618 2608 ipsa
636 2553 778 2608 plebes
799 2553 1035 2604 mirabatur,
1063 2569 1107 2595 se
1127 2561 1283 2595 tantam
1301 2568 1388 2594 rem
1414 2553 1654 2602 obtinuisse,

297 2628 378 2653 non
408 2614 443 2655 is
474 2616 596 2656 modo
627 2616 698 2669 qui
729 2623 889 2657 creatus
922 2623 1025 2666 erat,
1062 2616 1124 2657 vir
1154 2616 1276 2657 nullis
1308 2622 1401 2657 ante
1432 2615 1654 2657 honoribus

236 2686 272 2715 12
299 2689 415 2725 usus,
442 2684 560 2719 vetus
586 2684 745 2719 tantum
772 2685 936 2720 senator
960 2686 1000 2720 et
1019 2685 1151 2720 aetate
1170 2679 1252 2719 iam
1271 2678 1422 2734 gratis.
1459 2691 1535 2718 nce
1554 2676 1652 2717 satis

298 2745 472 2788 constat,
511 2754 583 2781 cur
611 2741 769 2795 primus
795 2756 841 2783 ae
866 2741 1106 2797 potissimus
1133 2741 1184 2783 ad
1210 2755 1363 2782 novum
1388 2737 1650 2781 delibandum

250 768 268 797 [Θ

252 1760 268 1788 *1
