1835 3226
318 845 334 873 7

317 1092 335 1122 8

319 1277 336 1306 9

299 1525 337 1554 10

298 1712 334 1740 11

299 2023 338 2053 13

301 2210 340 2239 14

301 2335 339 2363 15

301 2458 339 2487 16

303 2643 338 2670 1?

361 225 444 266 458
710 230 865 265 LlssER
888 230 1017 274 vnn,
1043 230 1096 264 16.
1125 233 1173 274 [a.
1186 242 1221 266 u.
1237 241 1267 266 c.
1279 231 1361 275 435]

360 349 514 390 paucos
541 340 579 374 et
604 333 785 374 infirmos
812 333 994 374 crederet
1017 333 1222 387 praesidio
1242 340 1326 375 tam
1344 333 1480 376 valido
1500 341 1539 376 et
1558 343 1714 378 armato

360 398 444 437 vim
475 395 696 437 adlaturos.
746 394 798 436 ab
828 395 962 436 isdem
992 395 1208 436 consilium
1238 402 1377 450 petere
1407 396 1528 446 iussi,
1565 398 1714 451 quibus

361 456 596 500 auctoribus
632 457 883 511 praesidium
919 457 961 497 in
997 456 1141 498 urbem
1173 458 1447 512 accepissent,
1485 458 1713 509 discedunt,

361 533 566 575 aegreque
596 519 830 573 impetrato,
866 525 908 559 ut
933 518 983 560 de
1009 533 1057 560 ea
1081 534 1124 560 re
1151 519 1310 560 consuli
1336 527 1523 561 senatum
1547 535 1716 575 respon-

362 596 488 636 saque
520 581 573 622 ad
597 596 641 622 se
670 580 812 622 referri
844 581 1011 630 sineret,
1049 581 1102 622 ad
1133 596 1230 623 suos
1261 582 1445 623 redeunt.
1494 583 1600 624 duae
1630 583 1716 624 fac-

361 644 491 685 tiones
529 649 718 685 senatum
754 642 1023 693 distinebant,
1061 658 1161 692 una,
1205 643 1321 684 cuius
1358 644 1564 699 principes
1601 651 1716 685 erant

361 705 604 746 defectionis
646 721 669 746 a
704 704 857 759 populo
893 704 1084 746 Romano
1121 712 1327 755 auctores,
1371 705 1499 746 altera
1532 705 1716 747 fidelium

362 768 525 810 civium.
576 774 773 809 certatum
805 766 856 808 ab
887 767 1071 820 utrisque
1102 774 1240 808 tamen
1269 775 1349 818 est,
1380 775 1425 808 ut
1455 768 1508 809 ad
1535 768 1717 810 reconci-

361 830 540 871 liandam
566 844 711 884 pacem
736 829 894 870 consuli
919 844 1044 884 opera
1067 836 1298 870 navaretur.
1335 845 1430 884 pars
1451 829 1595 880 altera,
1622 845 1716 871 eum

360 891 611 946 praesidium
637 889 904 941 Samnitium,
931 891 1026 944 quia
1050 891 1151 932 nihil
1177 892 1274 932 satis
1300 891 1531 946 praeparati
1555 898 1640 933 erat
1665 891 1717 933 ad

362 954 618 995 obsidionem
645 953 916 999 tolerandam,
948 968 1215 994 excessurum
1239 954 1427 1008 proxima
1450 961 1569 995 noete
1594 960 1715 1003 esset,

362 1016 572 1058 enuntiare
609 1015 767 1057 consuli
804 1015 902 1056 satis
940 1015 1101 1065 habuit,
1139 1030 1221 1069 qua
1250 1016 1382 1058 noctis
1420 1016 1520 1057 hora
1555 1030 1717 1070 quaque

360 1085 477 1133 porta
513 1085 552 1119 et
589 1092 712 1131 quam
747 1078 789 1118 in
824 1077 934 1118 viam
972 1092 1213 1132 egressurus
1250 1077 1380 1119 hostis
1411 1078 1534 1119 foret:
1577 1077 1715 1127 altera,

361 1139 510 1194 quibus
542 1140 678 1180 invitis
716 1139 920 1180 descitum
955 1140 1008 1180 ad
1040 1138 1247 1182 Samnites
1284 1147 1387 1190 erat,
1425 1141 1568 1181 eadem
1599 1147 1717 1181 nocte

361 1208 518 1256 portam
545 1202 667 1242 etiam
693 1201 851 1242 consuli
876 1209 1121 1256 aperuerunt
1147 1210 1406 1256 armatosque
1431 1202 1535 1243 clam
1562 1202 1717 1256 (nocte)

363 1264 403 1304 in
429 1263 572 1304 urbem
597 1270 852 1317 acceperunt.
896 1264 951 1304 ita
972 1264 1125 1318 duplici
1150 1264 1377 1318 proditione
1403 1272 1443 1305 et
1467 1264 1716 1318 praesidium

365 1325 612 1372 Samnitium
636 1325 805 1366 insessis
827 1326 934 1366 circa
952 1326 1060 1366 viam
1082 1325 1336 1367 silvestribus
1356 1326 1456 1367 locis
1476 1327 1716 1380 necopinato

363 1402 606 1443 oppressum
633 1394 693 1428 cst
720 1394 758 1427 ct
785 1386 835 1428 ab
861 1386 960 1428 urbe
985 1387 1106 1442 plena
1132 1387 1312 1428 hostium
1338 1388 1490 1429 clamor
1516 1387 1714 1437 sublatus,

362 1457 650 1502 momentoque
676 1449 796 1489 unius
823 1449 946 1490 horae
972 1464 1116 1490 caesus
1140 1448 1325 1499 Samnis,
1357 1448 1594 1491 Satricanus
1622 1464 1717 1503 cap-

363 1519 428 1553 tus
455 1519 493 1552 et
525 1511 662 1552 onmia
691 1511 734 1551 in
764 1518 966 1565 potestate
997 1511 1176 1553 consulis
1209 1519 1340 1561 crant,
1378 1513 1447 1565 qui
1477 1512 1716 1565 quaestione

362 1573 519 1621 habita,
557 1587 731 1626 quorum
763 1587 887 1626 opera
918 1572 1094 1614 defectio
1125 1580 1235 1614 esset
1270 1574 1398 1623 facta,
1436 1588 1539 1627 quos
1577 1581 1715 1614 sontes

363 1635 546 1689 conperit
571 1635 697 1689 virgis
724 1649 867 1675 caesos
894 1635 1026 1675 securi
1049 1635 1253 1689 percussit
1276 1636 1562 1690 praesidioque
1581 1635 1716 1676 valido

363 1697 540 1751 inposito
567 1712 679 1737 arma
707 1695 932 1737 Satricanis
959 1696 1123 1737 ademit.
1176 1697 1271 1737 inde
1297 1697 1350 1738 ad
1373 1697 1623 1751 triumphum
1650 1697 1718 1738 de-

365 1759 539 1800 cessisse
558 1758 734 1799 Romam
754 1757 967 1812 Papirium
990 1757 1213 1799 Cursorem
1234 1758 1433 1808 scribunt,
1460 1759 1530 1812 qui
1549 1773 1596 1799 eo
1615 1759 1717 1800 duce

363 1821 585 1862 Luceriam
616 1827 821 1875 receptam
852 1819 1141 1874 Samnitesque
1174 1820 1250 1862 sub
1281 1821 1424 1876 iugum
1450 1821 1597 1862 missos
1624 1836 1719 1862 auc-

320 1905 326 1910 ·
364 1893 471 1926 tores
509 1892 615 1926 sunt.
666 1892 705 1925 et
742 1884 819 1925 suit
855 1885 916 1925 vir
952 1884 1063 1925 haud
1099 1884 1222 1926 dubie
1253 1885 1402 1940 dignus
1434 1884 1546 1925 omni
1575 1883 1720 1925 bellica

363 1947 502 1996 laude,
528 1962 611 1988 non
636 1946 761 1987 animi
787 1946 919 1987 solum
944 1947 1103 2002 vigore,
1132 1947 1203 1988 sed
1223 1947 1345 1987 etiam
1365 1947 1544 2001 corporis
1564 1945 1718 1987 viribus

365 2009 581 2050 excellens.
630 2008 853 2063 praecipua
882 2009 1035 2063 pedum
1065 2009 1285 2063 pernicitas
1311 2009 1458 2058 inerat,
1492 2023 1596 2062 quae
1624 2023 1719 2063 cog-

363 2086 514 2113 nomen
551 2071 674 2112 etiam
710 2071 840 2121 dcdit3
883 2072 1161 2125 victoremque
1199 2086 1320 2112 cursu
1357 2070 1538 2111 omnium
1576 2070 1718 2112 aetatis

366 2148 464 2174 suae
489 2133 619 2174 fuisse
644 2133 781 2174 ferunt
807 2140 846 2173 ct
872 2148 945 2174 scu
964 2133 1113 2174 virium
1132 2133 1172 2173 vi
1193 2147 1265 2173 seu
1285 2132 1572 2173 exercitatione
1592 2131 1720 2172 multa

367 2195 446 2236 cibi
468 2195 634 2248 vinique
657 2195 833 2236 eundem
859 2195 1188 2250 capacissimum,
1214 2209 1291 2235 nee
1316 2209 1409 2235 cum
1434 2194 1517 2235 ullo
1542 2194 1720 2248 asperio-

364 2273 469 2306 rem,
507 2257 603 2311 quia
633 2257 722 2312 ipse
746 2257 887 2297 invicti
918 2257 970 2298 ad
1000 2257 1183 2299 laborem
1214 2256 1395 2311 corporis
1427 2263 1553 2305 esset,
1591 2256 1719 2297 fuisse

364 2319 550 2360 militiam
581 2319 707 2374 pediti
737 2319 888 2374 pariter
913 2319 1138 2373 equitiquc;
1172 2319 1328 2373 equites
1355 2319 1477 2359 ctiam
1502 2318 1718 2372 aliquando

365 2397 488 2422 ausos
520 2381 571 2423 ab
598 2397 645 2423 eo
670 2389 827 2437 petere,
859 2388 904 2422 ut
930 2381 1008 2423 sibi
1031 2397 1106 2436 pro
1130 2397 1173 2423 re
1198 2381 1302 2422 bene
1327 2388 1445 2436 gesta
1468 2381 1624 2422 laxaret
1649 2380 1720 2421 ali-

367 2444 466 2497 quid
489 2443 655 2485 laboris.
705 2443 855 2498 quibus
880 2443 966 2484 ille:
1000 2448 1069 2484 ‘ne
1095 2444 1195 2484 nihil
1219 2444 1438 2484 remissum
1464 2443 1626 2492 dicatis,
1658 2456 1719 2483 re-

365 2506 511 2553 mitto,’
553 2506 684 2559 inquit
721 2510 790 2546 ‘ne
824 2506 964 2559 utique
1001 2506 1169 2547 dorsum
1211 2505 1496 2554 demulceatis,
1540 2519 1633 2545 cum
1669 2518 1719 2544 ex

366 2568 480 2621 equis
512 2569 795 2610 descendetis?
845 2575 884 2609 ct
914 2569 977 2610 vis
1009 2575 1094 2610 erat
1124 2569 1166 2609 in
1198 2583 1246 2610 eo
1279 2568 1365 2609 viro
1390 2567 1549 2622 imperii
1573 2567 1717 2621 ingens

366 2631 515 2683 pariter
550 2632 592 2671 in
629 2631 761 2673 socios
794 2631 998 2685 civesque.
1053 2631 1349 2673 Praenestinus
1379 2637 1541 2685 praetor
1569 2643 1642 2684 per
1671 2628 1718 2668 ti-

367 2706 520 2732 morem
542 2694 708 2748 segnius
729 2708 780 2735 ex
799 2693 993 2735 subsidiis
1015 2709 1111 2736 suos
1131 2694 1303 2735 duxerat
1323 2693 1364 2734 in
1376 2692 1551 2748 primam
1569 2690 1717 2739 acic1n3
