1780 3204
517 235 669 271 LmER
693 234 748 278 11,
774 234 827 268 55.
847 234 900 267 51).
928 233 1125 277 [116411]
1419 224 1498 263 119

226 338 391 380 LVIII.
442 338 548 378 Tum
585 338 763 392 primum
794 336 954 378 tributis
987 336 1161 378 comitiis
1193 336 1316 377 creati
1347 334 1496 376 tribuni
1528 350 1536 378 1

144 409 249 442 sunt.
298 415 468 441 numero
505 401 627 441 etiam
658 399 819 440 additos
850 405 953 449 tres,
988 398 1157 453 perinde
1187 412 1235 439 ac
1265 398 1347 439 duo
1378 404 1498 439 antea

143 463 310 512 fuerint,
342 462 442 503 Piso
473 468 615 502 auctor
645 468 719 502 est.
767 461 951 501 nominat
981 475 1144 513 quoque
1175 460 1378 501 tribunos:
1417 458 1496 501 Cn.

145 524 345 573 Siccium,
376 525 429 564 L.
456 524 749 572 Numitorium,
782 522 843 563 M.
869 522 1101 572 Duellium,
1135 521 1209 577 Sp.
1234 522 1416 572 Icilium,
1442 522 1495 562 L.

142 586 394 626 Maecilium.

225 647 426 688 Volscum
444 646 760 700 Aequicumque
784 647 889 687 inter
914 646 1156 687 seditionem
1176 645 1407 686 Romanam
1433 652 1495 686 est

142 709 294 750 bellum
326 716 521 750 coortum.
570 715 831 749 vastaverant
861 723 1002 763 agros,
1038 714 1101 757 ut,
1141 707 1176 748 si
1205 722 1287 760 qua
1318 708 1496 748 secessio

141 771 272 825 plebis
304 771 437 820 fieret,
475 771 524 811 ad
558 785 601 810 se
632 776 841 824 receptum
872 769 1059 819 haberet3
1096 769 1320 824 conpositis
1346 769 1494 810 deinde

140 833 281 882 rebus,
309 840 441 874 castra
460 839 565 873 retro
586 846 762 873 movere.
799 831 882 886 Ap.
906 831 1107 872 Claudius
1132 831 1174 872 in
1194 831 1371 872 Volscos
1396 831 1495 872 mis-
1521 847 1539 874 4

140 910 228 944 sus,
268 894 461 947 Quinctio
486 894 626 947 Aequi
660 893 872 948 provincia
907 893 1053 934 evenit.
1103 894 1247 934 eadem
1277 894 1320 933 in
1349 893 1494 934 militia

139 957 308 997 saevitia
332 956 447 1010 Appi
471 970 575 1009 qnae
601 956 710 996 domi
735 970 845 1004 esse,
871 955 1048 1005 liberior,
1074 955 1186 1008 quod
1211 955 1297 995 sine
1323 955 1495 995 tribuni-

139 1018 211 1059 ciis
239 1018 410 1058 vinculis
437 1024 520 1058 erat
530 1033 540 1066 3
567 1017 703 1058 odisse
728 1016 890 1071 plebem
916 1016 1010 1070 plus
1035 1030 1159 1069 quam
1183 1023 1353 1070 paterno
1379 1016 1491 1056 odio:
1520 1032 1537 1058 a

139 1094 181 1119 se
207 1079 359 1119 victum
386 1079 436 1119 ab
463 1094 528 1128 ea,
562 1094 605 1119 se
630 1078 752 1119 unico
778 1078 944 1118 consule
976 1078 1104 1118 eleeto
1136 1079 1335 1118 adversus
1366 1077 1494 1118 tribu-

137 1141 285 1181 niciam
310 1147 556 1194 potestatem
580 1140 779 1194 perlatam
802 1139 939 1194 legem
958 1153 1067 1187 esse,
1094 1153 1218 1191 quam
1243 1139 1400 1179 minore
1426 1153 1494 1179 eo-

136 1210 251 1251 natu,
288 1216 548 1255 nequaquam
579 1209 691 1242 tanta
721 1207 883 1255 patrum
921 1215 993 1255 spe
1035 1200 1190 1254 priores
1231 1201 1493 1255 inpedierunt

134 1264 336 1303 eonsules.
397 1263 499 1303 haec
539 1264 599 1303 ira
639 1263 948 1317 indignatioque
991 1262 1171 1303 ferocem
1214 1263 1397 1303 animum
1439 1263 1492 1304 ad
1519 1279 1535 1306 υ

134 1325 365 1365 vexandum
397 1339 521 1365 saevo
551 1325 722 1379 imperio
754 1325 978 1364 exercitum
1010 1324 1259 1365 stimulabat.
1308 1340 1384 1365 nec
1408 1325 1492 1366 ulla

132 1386 173 1425 11
208 1386 365 1426 domari
402 1393 578 1440 poterat,
623 1393 782 1427 tantum
819 1394 1025 1427 certamen
1062 1387 1209 1427 animis
1246 1386 1489 1428 inbiberant.

133 1449 329 1503 segniter,
362 1449 510 1498 otiose,
542 1449 828 1504 neglegenter,
866 1450 1162 1490 contumaciter
1192 1450 1329 1490 onmia
1354 1465 1489 1505 agere.

131 1525 206 1551 nec
230 1511 362 1565 pudor
385 1526 461 1552 nee
485 1518 618 1552 metus
639 1511 865 1552 coercebat.
904 1511 939 1552 si
958 1511 1077 1552 citius
1098 1512 1166 1567 agi
1185 1512 1305 1552 vellet
1327 1527 1488 1567 agmen,

132 1573 285 1612 tardius
307 1573 449 1613 sedulo
468 1573 670 1622 incedere,
693 1573 728 1614 si
747 1573 983 1613 adhortator
996 1573 1131 1627 operis
1146 1574 1323 1623 adesset,
1346 1589 1488 1615 01111165

130 1648 206 1675 51111
231 1641 375 1688 sponte
399 1641 553 1675 motam
577 1635 782 1675 remittere
813 1635 1075 1684 industriam,
1113 1635 1318 1689 praesenti
1349 1636 1486 1675 vultus
1515 1651 1533 1678 s

131 1695 361 1744 demittere,
393 1697 513 1736 tacite
544 1703 872 1751 praetereuntem
903 1697 1102 1746 execrari,
1135 1703 1180 1737 ut
1211 1697 1388 1737 invictus
1419 1697 1486 1738 ille

132 1756 224 1796 odio
261 1757 420 1810 plebeio
457 1758 616 1798 animus
652 1759 858 1799 interdum
893 1765 1138 1799 moveretur.
1199 1759 1311 1799 omni
1347 1759 1489 1812 nequi·
1514 1772 1532 1801 9

132 1833 254 1872 quam
280 1818 500 1861 acerbitate
525 1828 710 1874 prompta
738 1820 838 1860 nihil
863 1821 944 1860 iam
965 1835 1057 1860 eum
1078 1820 1276 1861 militibus
1298 1835 1438 1875 agere,
1465 1837 1489 1861 a

132 1881 435 1922 centurionibus
461 1889 698 1936 corruptum
723 1882 947 1922 exercitum
966 1882 1119 1931 dicere,
1146 1881 1332 1923 tribunos
1351 1882 1487 1937 plebei

131 1942 326 1983 cavillans
352 1943 555 1983 interdum
581 1951 620 1984 et
643 1943 870 1984 Volerones
896 1958 1055 1984 1061116.

214 2003 402 2045 LVHH.
451 2005 563 2045 Nihil
593 2020 734 2046 eorum
758 2005 902 2046 Volsci
931 2004 1168 2046 nesciebant
1198 2005 1486 2059 instabantque
1516 2020 1528 2047 1

130 2079 178 2105 eo
209 2065 360 2119 magis,
399 2073 609 2120 sperantes
645 2067 756 2107 idem
792 2073 997 2107 certamen
1027 2067 1256 2107 animorum
1287 2067 1493 2108 adversus-

128 2126 315 2180 Appium
345 2127 581 2168 habiturum
613 2129 838 2169 exereitum
860 2128 1117 2178 Romanum,
1151 2129 1261 2182 quod
1286 2129 1483 2170 adversus

128 2189 305 2230 Fabium
331 2190 540 2231 consulem
565 2189 790 2232 habuisset.
834 2197 1015 2231 ceterum
1039 2190 1168 2231 multo
1193 2190 1333 2245 Appio
1359 2205 1482 2244 quam
1509 2205 1526 2233 3

127 2251 259 2292 Fabio
284 2252 498 2293 violentior
521 2252 611 2293 fuit:
647 2267 731 2293 non
755 2252 864 2293 enim
887 2253 1051 2293 11116616
1077 2259 1235 2293 tantum
1260 2252 1407 2302 noluit,
1439 2260 1485 2293 ut

101 2326 104 2330 ·
127 2311 337 2352 Fabianus
364 2314 585 2363 exereitus,
619 2315 692 2355 sed
715 2314 823 2355 111161
848 2314 988 2355 voluit.
1035 2314 1261 2368 productus
1286 2314 1328 2354 in
1353 2315 1483 2355 aciem

128 2373 236 2427 turpi
260 2373 362 2428 fuga
391 2375 493 2428 petit
522 2382 675 2424 castra,
712 2390 787 2416 nee
817 2382 911 2416 ante
941 2375 1088 2416 restitit
1117 2390 1241 2429 quam
1274 2376 1392 2430 signa
1421 2376 1482 2416 in·-

127 2434 326 2475 ferentem
356 2435 558 2476 Volscum
589 2437 853 2478 munimentis
889 2437 991 2477 vidit
1027 2437 1273 2490 foedamque
1311 2438 1482 2478 extremi

127 2496 303 2551 agminis
341 2498 521 2538 caedem.
570 2504 656 2538 tum
693 2513 888 2552 expressa
923 2498 985 2539 115
1022 2498 1074 2539 ad
1109 2499 1398 2553 pugnandum,
1434 2506 1480 2540 ut
1505 2514 1524 2544 3

127 2559 359 2599 victoriam
390 2575 414 2600 a
444 2560 550 2600 vallo
582 2559 893 2601 submoveretur
922 2560 1072 2609 hostis,
1111 2561 1210 2601 satis
1242 2567 1379 2601 tamen
1408 2576 1480 2617 ap-

125 2628 301 2674 pareret,
341 2622 432 2676 eapi
462 2630 621 2662 tantum
651 2628 784 2663 eastra
813 2623 983 2663 militem
1011 2622 1248 2663 Romanum
1282 2623 1477 2673 noluisse,

124 2683 239 2724 aliter
267 2684 447 2738 gaudere
485 2699 560 2725 sua
596 2684 711 2725 clade
748 2691 870 2738 atque
905 2684 1140 2740 ignominia.
1191 2684 1341 2738 quibus
1377 2685 1478 2726 nihil
1502 2699 1520 2729 4

1523 474 1541 502 10

1522 660 1539 688 02

1519 1459 1534 1486 —1
