1780 3204
497 236 652 271 LIBER
674 235 786 280 vm,
811 236 842 270 8.
870 238 918 280 [a.
933 234 1068 279 C.340]
1377 226 1461 267 405

197 341 352 396 Clipeis
389 347 507 382 antea
537 340 713 382 Romani
741 340 807 381 usi
837 346 950 390 sunt,
988 339 1100 388 dein,
1137 346 1360 394 postquam
1390 339 1460 380 sti-

110 403 310 458 pendiarii
345 403 443 444 facti
474 409 587 451 sunt,
626 409 742 443 scuta
776 417 850 457 pro
887 401 1029 456 clipeis
1066 401 1213 442 fecere.
1275 408 1314 442 et
1350 401 1462 455 quod

110 474 229 506 antea
263 465 489 520 phalanges
527 464 679 505 similes
710 464 1011 513 Macedonicis,
1049 463 1127 504 hoc
1157 470 1303 518 postea
1332 464 1462 504 mani-

108 527 281 582 pulatim
307 534 459 568 structa
484 527 591 567 acies
618 526 751 580 coepit
782 541 891 567 esse:
928 532 1136 580 postremo
1166 526 1208 566 in
1232 525 1370 580 plures
1396 541 1460 566 or-

110 590 225 631 dines
256 589 573 631 instruebantur.
634 590 732 630 ordo
766 603 995 644 sexagenos
1025 589 1193 638 milites,
1231 589 1334 629 duos
1366 603 1460 629 cen-

110 652 308 700 turiones,
341 651 596 692 vexillarium
621 666 748 691 unum
772 650 962 692 habebat.
1021 650 1153 705 prima
1177 650 1285 691 acies
1311 650 1461 691 hastati

110 721 241 762 erant,
279 713 476 767 manipuli
507 713 758 766 quindecim,
797 713 994 754 distantes
1030 713 1136 754 inter
1172 728 1216 754 se
1251 713 1459 753 modicum

110 776 300 829 spatium.
361 775 593 829 manipulus
624 774 726 816 levis
758 775 923 816 vicenos
949 774 1117 823 milites,
1151 774 1273 815 aliam
1297 774 1459 815 turbam

109 844 361 878 scutatorum
380 836 576 887 habebat3
601 836 713 877 leves
740 845 876 878 autem
902 837 972 890 qui
995 836 1156 878 hastam
1182 844 1338 878 tantum
1363 852 1462 893 gae-

109 914 236 952 saque
261 907 449 954 gererent
474 898 738 940 vocabantur.
787 898 889 940 haec
913 899 1044 953 prima
1070 898 1183 940 frons
1208 899 1251 939 in
1275 900 1361 940 acie
1387 899 1460 940 flo-

106 976 193 1001 rem
212 961 405 1001 iuvenum
425 960 737 1014 pubescentium
756 961 807 1001 ad
827 961 1014 1001 militiam
1032 960 1223 1002 habebat.
1254 961 1461 1002 robustior

106 1022 201 1063 inde
227 1029 339 1063 aetas
370 1023 539 1063 totidem
571 1022 890 1076 manipulorum,
929 1022 1078 1075 quibus
1108 1022 1363 1077 principibus
1397 1032 1459 1063 est

105 1098 267 1132 nomen,
289 1084 363 1124 hos
381 1084 667 1137 sequebantur,
691 1084 838 1124 scutati
858 1098 1013 1132 omnes,
1034 1083 1265 1138 insignibus
1281 1084 1458 1124 maxime

105 1145 240 1186 armis.
273 1145 351 1186 hoc
371 1145 535 1200 triginta
554 1145 856 1199 manipulorum
876 1159 1024 1199 agmen
1044 1144 1299 1198 antepilanos
1319 1145 1459 1199 appel-

102 1206 260 1255 labant,
298 1208 393 1259 quia
425 1206 500 1247 sub
533 1206 662 1261 signis
693 1206 775 1246 iam
806 1206 874 1246 alii
898 1205 1135 1258 quindecim
1160 1206 1323 1246 ordines
1349 1206 1459 1247 loca-

103 1267 267 1316 bantur,
306 1282 356 1308 ex
387 1267 536 1320 quibus
569 1268 668 1308 ordo
699 1267 983 1320 unusquisque
1010 1274 1091 1308 tres
1116 1274 1253 1322 partes
1278 1267 1458 1309 habebat

102 1355 156 1358 —
181 1344 319 1370 earum
349 1345 681 1383 unamquamque
706 1330 880 1384 primam
906 1330 1036 1385 pilum
1062 1330 1264 1371 vocabant
1289 1357 1343 1361 —-
1369 1331 1458 1385 (tri-

101 1391 178 1432 bus
205 1406 255 1432 ex
279 1392 439 1433 vexillis
466 1392 692 1433 constabat.
740 1392 933 1433 vexillum
959 1400 1124 1433 centum
1151 1393 1357 1448 octoginta
1385 1408 1458 1434 sex

100 1453 285 1494 homines
312 1455 456 1507 erant).
505 1454 683 1509 primum
712 1454 905 1495 vexillum
931 1455 1091 1496 triarios
1118 1455 1312 1505 ducebat,
1346 1463 1458 1496 vete-

100 1531 242 1556 ranum
269 1516 437 1557 militem
465 1524 671 1571 spectatae
697 1517 876 1566 virtutis,
905 1518 1132 1558 secundum
1157 1518 1353 1567 rorarios,
1381 1519 1458 1558 mi-

102 1592 179 1617 nus
204 1577 362 1619 roboris
390 1586 522 1619 aetate
553 1579 774 1632 factisque,
813 1579 977 1619 tertium
1009 1594 1225 1628 accensos,
1263 1580 1456 1620 minimae

100 1640 273 1680 fiduciae
304 1656 490 1681 manum:
529 1655 577 1681 eo
609 1648 648 1681 et
671 1641 714 1681 in
737 1648 989 1695 postremam
1015 1641 1144 1682 aciem
1169 1641 1453 1682 reicicbantur.

100 1701 171 1742 ubi
184 1701 247 1742 his
263 1701 473 1743 ordinibus
494 1703 694 1743 exercitus
715 1703 938 1743 instructus
959 1710 1079 1751 esset,
1101 1703 1252 1744 hastati
1272 1703 1455 1743 omnium

100 1763 220 1817 primi
250 1777 433 1818 pugnam
462 1763 632 1804 inibant.
694 1765 728 1805 si
759 1764 909 1805 hastati
939 1765 1157 1819 profligare
1187 1764 1349 1805 hostem
1373 1780 1456 1805 non

100 1832 287 1879 possent,
314 1825 417 1878 pede
437 1840 580 1879 presso
600 1840 669 1866 eos
695 1832 802 1866 retro
828 1827 1018 1867 cedentes
1044 1827 1086 1866 in
1110 1826 1323 1867 intervalla
1349 1827 1456 1868 ordi-

100 1901 200 1926 num
236 1886 440 1940 principes
477 1887 740 1941 recipiebant.
802 1895 889 1928 tum
919 1889 1150 1943 principum
1180 1904 1321 1944 pugna
1351 1896 1433 1929 erat
1444 1906 1454 1938 3

102 1948 252 1988 hastati
272 1947 559 2000 sequebantur.
592 1950 717 1990 triarii
739 1949 814 1991 sub
829 1951 989 1991 vexillis
1010 1950 1278 1992 considebant
1292 1951 1454 1992 sinistro

103 2024 217 2050 crure
241 2017 446 2064 porrecto,
475 2018 590 2051 scuta
614 2011 754 2052 innixa
779 2014 949 2062 umeris,
976 2012 1117 2054 hastas
1144 2013 1358 2054 suberecta
1385 2028 1455 2054 cu-

102 2072 218 2126 spide
243 2072 286 2112 in
311 2080 416 2113 terra
441 2073 562 2122 fixas,
589 2072 700 2114 haud
726 2089 844 2115 secus
870 2089 993 2128 quam
1019 2075 1127 2116 vallo
1153 2083 1294 2130 saepta
1318 2075 1456 2116 inhor-

101 2141 207 2174 reret
233 2134 359 2183 acies,
387 2141 584 2175 tenentes.
624 2135 658 2175 si
677 2136 787 2190 apud
804 2136 1009 2191 principes
1030 2152 1192 2190 quoque
1217 2137 1329 2178 haud
1354 2137 1451 2178 satis

101 2209 295 2248 prospere
321 2204 428 2236 esset
454 2204 700 2251 pugnatum,
727 2213 749 2237 a
768 2198 899 2251 prima
924 2198 1010 2239 acie
1036 2199 1088 2239 ad
1113 2199 1273 2240 triarios
1300 2199 1454 2240 sensim

102 2256 395 2297 referebantur.
433 2258 527 2298 inde
552 2273 638 2299 rem
663 2259 715 2299 ad
740 2260 898 2300 triarios
917 2260 1093 2310 redisse,
1121 2275 1215 2301 cum
1233 2260 1453 2309 laboratur,

102 2318 319 2372 proverbio
338 2319 550 2360 increbuit.
587 2320 713 2361 triarii
738 2329 1051 2376 consurgentes,
1078 2322 1149 2363 ubi
1173 2323 1216 2363 in
1240 2322 1452 2363 intervalla

103 2380 289 2421 ordinum
311 2395 477 2420 suorum
491 2381 694 2436 principes
709 2390 746 2423 et
761 2382 943 2424 hastatos
962 2384 1224 2438 recepissent,
1246 2383 1451 2438 extemplo

103 2442 334 2495 conpressis
366 2443 576 2483 ordinibus
608 2444 720 2484 velut
750 2444 994 2486 claudebant
1024 2446 1112 2487 vias
1137 2461 1300 2499 unoque
1326 2446 1453 2487 conti-

102 2504 215 2543 nenti
245 2504 426 2557 agmine,
463 2505 544 2545 iam
574 2506 684 2546 nulla
716 2521 787 2560 spe
819 2513 911 2561 post
941 2507 1099 2557 relicta,
1131 2508 1175 2548 in
1203 2508 1365 2549 hostem
1390 2509 1452 2548 in-

102 2565 309 2606 cidebant:
335 2566 377 2606 id
398 2573 481 2607 erat
501 2566 930 2609 formidolosissimum
948 2569 1067 2619 hosti,
1090 2585 1184 2611 cum
1197 2570 1308 2611 velut
1322 2571 1450 2611 victos

101 2627 275 2668 insecuti
293 2643 441 2668 novam
460 2636 626 2683 repente
647 2630 776 2671 aciem
797 2638 1086 2687 exsurgentem
1105 2639 1267 2673 auctam
1281 2647 1450 2674 numero

101 2690 332 2731 cernebant.
361 2691 642 2733 scribebantur
660 2699 796 2734 autem
816 2701 1007 2747 quattuor
1021 2695 1104 2736 fere
1117 2695 1299 2751 legiones
1314 2695 1448 2749 quinis

1486 354 1504 383 3

1486 539 1506 567 4

1486 664 1505 693 5

1485 911 1503 941 6

1486 1160 1501 1187 7

1483 1344 1502 1374 8

1483 1963 1523 1993 10

1483 2150 1518 2178 ll

1480 2460 1518 2489 13

1478 2708 1515 2737 14
