1780 3204
521 269 675 303 121ssssss
699 269 744 312 v,
770 268 823 302 45.
843 268 896 301 46.
925 271 972 311 [a.
989 266 1121 311 οδω]
1419 258 1502 298 295

147 391 240 416 cum
265 373 421 429 ingenti
446 373 621 414 clamore
646 372 856 412 invadunt.
893 385 1098 424 nusquam
1122 369 1342 425 proelium,
1369 370 1500 410 omni·
1527 385 1543 395 0

148 437 224 477 bus
249 436 349 476 locis
375 434 522 476 caedes
548 440 628 483 est3
658 434 769 474 nuda
794 447 964 487 corpora
989 439 1027 473 et
1053 432 1186 473 soluta
1211 446 1354 473 somno
1380 432 1503 472 truci-

148 499 306 538 dantur.
356 503 560 538 extremos
597 504 734 537 tamen
768 510 897 550 pavor
927 509 948 535 e
980 494 1183 535 cubilibus
1215 494 1300 535 suis
1332 494 1500 543 excitos,

148 573 252 612 quae
279 565 348 599 aut
372 559 481 599 unde
506 558 568 599 vis
595 564 704 599 esset
728 558 913 612 ignaros,
938 558 980 597 in
999 557 1143 612 fugam
1169 563 1208 597 et
1233 556 1434 610 quosdam
1459 557 1501 596 in

149 622 308 661 hostem
346 620 481 674 ipsum
517 619 768 674 improvidos
806 619 908 660 tulit.
962 634 1113 674 magna
1147 632 1243 673 pars
1279 618 1322 658 in
1356 633 1502 673 agrum

150 682 363 723 Antiatem
394 682 517 722 delati
546 681 778 722 incursione
809 681 860 722 ab
895 681 1110 736 oppidanis
1142 681 1184 720 in
1208 679 1367 735 palatos
1392 679 1502 721 facta

151 744 536 785 circumveniuntur.

236 805 390 848 Similis
410 806 453 846 in
471 820 571 860 agro
585 804 749 846 Veienti
764 805 995 845 Tuscorum
1015 804 1125 845 facta
1145 811 1305 860 strages
1325 810 1404 852 est,
1431 804 1501 858 qui

149 868 279 916 urbis,
311 868 392 908 iam
417 882 543 922 prope
568 867 1019 922 quadringentesimum
1045 881 1198 907 annum
1222 866 1398 915 vicinae,
1432 881 1504 920 op-

149 944 315 985 pressae
352 929 403 971 ab
439 929 556 970 hoste
592 929 818 978 invisitato,
856 929 1038 969 inaudito
1071 929 1173 969 adeo
1204 928 1303 968 nihil
1333 928 1503 968 miseriti

151 1004 263 1041 sunt,
301 998 345 1031 ut
375 992 417 1031 in
448 1006 593 1046 agrum
617 991 851 1032 Romanum
883 1005 930 1031 eo
956 996 1138 1045 tempore
1163 989 1417 1031 incursiones
1443 990 1505 1030 fa-

151 1063 288 1093 cerent
323 1053 513 1107 plenique
550 1053 725 1107 praedae
762 1052 888 1093 Veios
926 1053 1048 1092 etiam
1089 1052 1422 1106 praesidiumque
1465 1058 1504 1091 et

151 1129 266 1168 spem
297 1114 482 1154 ultimam
512 1113 689 1154 Romani
720 1113 897 1153 nominis
928 1114 970 1153 in
1007 1113 1143 1153 animo
1179 1112 1396 1153 habuerint
1432 1126 1504 1165 op-

149 1190 344 1230 pugnare.
382 1176 567 1216 viderant
592 1190 662 1216 eos
688 1175 837 1215 milites
857 1174 1035 1215 Romani
1062 1179 1258 1228 vagantes
1283 1188 1357 1227 per
1381 1187 1503 1228 agros

150 1244 189 1278 et
213 1247 483 1292 congregatos
509 1237 672 1291 agmine
696 1236 1014 1290 praedamprae
1041 1249 1084 1275 se
1109 1240 1279 1290 agentes
1306 1241 1344 1275 et
1371 1241 1505 1275 castra

149 1298 368 1339 cernebant
396 1298 507 1338 haud
536 1298 678 1352 procul
704 1297 818 1338 Veiis
849 1298 996 1352 posita.
1050 1297 1145 1337 inde
1174 1297 1353 1351 primum
1384 1296 1506 1337 mise-
1544 1312 1548 1337 2

147 1359 248 1400 ratio
275 1360 356 1409 sui,
389 1360 536 1400 deinde
560 1359 782 1414 indignitas
809 1365 931 1412 atque
957 1373 1007 1399 ex
1033 1373 1081 1399 ea
1105 1358 1164 1399 ira
1195 1359 1352 1399 animos
1385 1359 1504 1413 cepit.

147 1421 389 1462 Etruscisne
415 1421 556 1470 etiam,
584 1437 607 1462 a
628 1421 777 1475 quibus
797 1421 952 1462 bellum
968 1419 1175 1463 Gallicum
1200 1421 1242 1461 in
1269 1436 1311 1462 se
1337 1422 1508 1462 avertis-

149 1489 257 1533 sent,
288 1483 464 1525 ludibrio
490 1498 582 1524 esse
608 1483 745 1525 clades
777 1483 900 1524 suas?
932 1484 1003 1524 vix
1032 1490 1313 1538 temperavere
1343 1484 1503 1532 animis,

148 1545 247 1598 quin
272 1546 477 1600 extemplo
501 1546 701 1601 impetum
725 1545 926 1595 facerent,
953 1546 1246 1600 conpressique
1266 1561 1290 1586 a
1310 1544 1506 1587 Caedicio

149 1608 402 1657 centurione,
429 1622 552 1661 quem
572 1607 736 1649 sibimet
753 1608 832 1662 ipsi
852 1607 1153 1662 praefecerant,
1178 1622 1266 1648 rem
1284 1608 1325 1648 in
1343 1614 1507 1648 noctem

151 1670 392 1710 sustinuere.
442 1676 601 1710 tantum
629 1684 704 1724 par
729 1668 906 1710 Camillo
937 1669 1069 1710 defuit
1094 1675 1247 1719 auctor,
1280 1675 1414 1710 cetera
1439 1684 1508 1710 eo-

151 1731 245 1771 dem
270 1732 410 1772 ordine
436 1732 662 1785 eodemque
686 1732 874 1772 fortunae
900 1739 1049 1772 eventu
1079 1738 1209 1787 gesta.
1258 1731 1356 1784 quin
1387 1731 1508 1771 etiam

153 1792 327 1833 ducibus
364 1792 555 1846 captivis,
593 1793 663 1846 qui
699 1793 815 1833 caedi
850 1799 1074 1834 nocturnae
1113 1793 1417 1846 superfuerant,
1457 1793 1510 1833 ad

155 1853 275 1894 aliam
306 1868 474 1893 manum
505 1853 737 1894 Tuscorum
768 1854 821 1894 ad
851 1854 1002 1895 salinas
1038 1854 1212 1908 profecti
1247 1860 1366 1894 nocte
1402 1854 1511 1895 inse-

155 1920 305 1967 quente
330 1929 381 1954 ex
405 1914 614 1968 inproviso
639 1915 836 1955 maiorem
861 1916 1028 1956 caedem
1060 1916 1241 1965 edidere,
1274 1915 1509 1971 duplicique

157 1975 327 2015 victoria
351 1981 520 2016 ovantes
545 1975 673 2016 Veios
698 1977 882 2017 redeunt.

241 2032 531 2077 XXXXVL'
556 2037 715 2078 Romae
734 2038 894 2078 interim
919 2038 1160 2093 plerumque
1186 2038 1345 2080 obsidio
1371 2039 1509 2094 segnis

158 2105 198 2138 et
227 2099 431 2151 utrimque
463 2099 669 2139 silentium
700 2114 809 2149 esse,
842 2101 894 2141 ad
918 2101 960 2141 id
985 2107 1144 2141 tantum
1168 2101 1335 2142 intentis
1363 2100 1508 2150 Gallis,

158 2174 209 2200 ne
234 2160 325 2213 quis
355 2160 535 2200 hostium
565 2161 738 2202 evadere
767 2161 873 2202 inter
905 2162 1099 2203 stationes
1129 2169 1288 2217 posset,
1326 2177 1419 2203 cum
1449 2161 1512 2204 re-

159 2228 280 2275 pente
304 2221 464 2262 iuvenis
483 2221 697 2263 Romanus
724 2223 990 2264 admiratione
1015 2224 1057 2264 in
1085 2238 1128 2265 se
1155 2224 1264 2265 cives
1290 2224 1511 2277 hostesque

160 2282 370 2323 convertit.
420 2284 664 2324 sacrificium
689 2291 775 2325 erat
800 2292 951 2325 statum
975 2285 1018 2325 in
1044 2285 1247 2338 Quirinali
1272 2286 1375 2326 colle
1400 2286 1512 2341 genti

160 2343 327 2384 Fabiae.
364 2344 417 2384 ad
441 2344 482 2384 id
506 2344 742 2386 faciendum
764 2345 812 2387 C.
832 2346 989 2387 Fabius
1008 2346 1177 2387 Dorsuo
1193 2345 1356 2388 Gabino
1377 2348 1513 2388 cinctu

163 2419 278 2445 sacra
302 2405 490 2446 manibus
516 2421 663 2461 gerens
690 2422 783 2448 cum
808 2408 859 2449 de
886 2407 1090 2463 Capitolio
1117 2409 1414 2459 descendisset,
1440 2424 1514 2464 per

162 2467 317 2508 medias
348 2467 529 2509 hostiurn
560 2469 754 2510 stationes
786 2484 979 2525 egressus
1004 2470 1104 2511 nihil
1130 2471 1183 2511 ad
1206 2485 1351 2512 vocem
1377 2472 1513 2512 cuius-

162 2543 285 2581 quam
315 2538 560 2571 terroremve
591 2537 745 2580 motus,
775 2531 819 2572 in
845 2531 1100 2584 Quirinalem
1132 2532 1278 2574 collem
1308 2534 1512 2588 pervenit3

161 2590 299 2644 ibique
325 2591 514 2633 omnibus
541 2592 790 2634 sollemniter
811 2594 986 2648 peractis
1013 2595 1156 2635 eadem
1175 2602 1383 2636 revertens
1403 2596 1514 2636 simi—

161 2652 253 2693 liter
272 2654 473 2694 constanti
492 2655 608 2695 vultu
626 2656 852 2710 graduque,
880 2656 978 2697 satis
999 2670 1180 2711 sperans,
1206 2657 1403 2712 propitios
1423 2672 1514 2699 esse

163 2715 279 2767 deos,
318 2731 491 2770 quorum
522 2717 676 2759 cultum
705 2733 757 2760 ne
787 2719 928 2760 mortis
960 2719 1125 2773 quidem
1150 2727 1261 2760 metu
1285 2719 1513 2775 prohibitus

1527 398 1544 414 ι)

1533 1497 1548 1524 *l

1539 2300 1556 2328 [ὗ

1539 2609 1558 2638 3
