1835 3226
325 161 407 202 548
500 165 785 202 I'ERIOCHAE
808 165 1072 200 LIBRORUM
1093 165 1175 199 XV.
1190 165 1294 201 XVI.
1309 166 1426 200 XVII.
1439 167 1581 204 XV111.

326 281 435 303 cussa
449 272 515 302 cst.
565 278 645 299 eum
661 267 806 310 legatos
822 264 1118 310 Apolloniatium
1133 266 1180 299 ad
1195 269 1362 299 senatum
1377 267 1508 301 missos
1525 270 1673 313 quidam

326 321 474 352 iuvenes
490 318 714 361 pulsassent,
743 316 859 350 dediti
874 320 959 350 sunt
971 315 1286 359 Apolloniatibus.
1336 317 1552 352 Picentibus
1568 319 1672 354 vietis

325 381 394 413 pax
417 369 504 402 data
524 372 590 400 est.
641 365 808 400 coloniae
825 367 1007 400 deductae
1022 365 1225 399 Ariminum
1246 366 1282 399 in
1297 367 1455 411 Piceno,
1482 367 1671 403 Beneven—

325 425 398 451 tum
416 419 450 451 in
466 417 624 452 Samnio.
673 420 761 449 tunc
781 416 934 460 primum
955 417 1115 460 populus
1131 417 1320 451 Romanus
1340 422 1496 462 argento
1516 417 1570 452 uti
1591 430 1672 453 coe-

325 470 387 513 pit.
438 468 567 503 Umbri
586 471 624 501 et
638 466 833 501 Sallentini
853 466 940 500 victi
954 466 991 500 in
1012 467 1237 501 deditionem
1257 469 1398 512 accepti
1415 473 1513 502 sunt.
1564 480 1673 514 quae-

325 524 462 553 storum
477 528 649 552 numerus
665 516 862 561 ampliatus
877 523 950 561 est,
977 521 1018 551 ut
1031 522 1157 552 essent
1172 522 1267 552 octo.

710 685 973 722 PERIOCHA
1002 686 1142 722 LIBRI
1170 686 1278 722 XVI.

391 781 506 826 Origo
522 780 883 825 Carthaginiensium
905 785 941 815 et
959 781 1160 825 primordia
1178 781 1281 816 urbis
1296 793 1422 816 eorum
1441 783 1672 826 referuntur3

324 836 452 866 eontra
468 843 561 876 quos
582 836 619 866 et
632 832 832 865 Hieronem
852 843 978 876 regem
993 832 1310 876 Syracusanorum
1328 833 1503 867 auxilium
1517 834 1673 868 Mamer-

323 883 409 916 tinis
423 883 615 916 ferendum
636 887 785 916 senatus
807 882 967 925 censuit,
994 894 1075 916 eum
1096 884 1141 917 de
1156 894 1199 917 ea
1212 894 1251 917 re
1271 883 1367 918 inter
1387 885 1606 928 suadentes,
1632 887 1673 917 ut

325 933 359 966 id
374 932 490 975 fieret,
518 933 852 977 dissuadentesque
868 933 1057 967 eontentio
1073 933 1224 975 fuisset,
1250 934 1568 979 transgressisque
1584 938 1673 967 tunc

323 983 476 1027 primum
490 994 589 1018 mare
605 983 791 1028 equitibus
805 983 983 1017 Romanis
998 983 1176 1017 adversus
1190 983 1393 1018 Hieronem
1414 985 1562 1029 saepius
1576 984 1672 1018 bene

323 1037 537 1077 pugnatum.
585 1033 726 1077 petenti
750 1045 823 1077 pax
849 1034 936 1067 data
963 1038 1030 1068 est.
1079 1034 1235 1068 lustrum
1260 1045 1281 1068 a
1306 1035 1523 1069 censoribus
1548 1035 1671 1068 condi-

323 1088 417 1116 tum:
445 1094 556 1117 censa
581 1088 667 1117 sunt
692 1084 822 1117 civium
844 1084 967 1128 capita
990 1088 1158 1119 trecenta
1178 1084 1372 1129 octoginta
1392 1086 1464 1119 duo
1484 1085 1585 1119 inilia
1610 1085 1672 1118 du-

325 1138 433 1167 centa
457 1134 610 1177 triginta
636 1138 821 1178 quattuor.
870 1134 1045 1169 Decimus
1065 1135 1194 1168 Iunius
1214 1134 1351 1168 Brutus
1377 1147 1506 1169 munus
1532 1135 1672 1180 gladia-

323 1184 456 1217 torium
481 1183 517 1217 in
544 1185 721 1218 honorem
747 1184 913 1218 defuncti
938 1185 1055 1229 patris
1086 1186 1223 1229 primus
1250 1186 1375 1220 edidit.
1404 1197 1410 1201 ·
1432 1186 1579 1220 colonia
1603 1184 1673 1219 Ae-

324 1235 446 1268 sernia
470 1235 630 1268 deducta
661 1238 727 1268 est.
781 1246 839 1267 res
865 1239 1059 1278 praeterea
1089 1240 1220 1269 eontra
1244 1236 1393 1270 Poenos
1421 1241 1458 1270 et
1482 1235 1674 1271 Vulsinios

322 1295 500 1328 prospere
520 1288 645 1328 gestas
667 1283 842 1318 continet.

701 1451 963 1489 PERIOCHA
993 1451 1132 1487 LIBRI
1161 1451 1289 1487 XVII.

393 1545 456 1579 Cu.
473 1545 666 1579 Cornelius
682 1546 811 1580 consul
827 1558 848 1580 a
864 1547 982 1580 classe
998 1546 1141 1580 Punica
1156 1546 1422 1581 circumventus
1444 1550 1478 1580 et
1498 1557 1563 1590 per
1577 1546 1671 1581 frau-

325 1597 424 1639 dem,
452 1597 554 1630 velut
566 1596 603 1629 in
618 1596 856 1641 conloquium
871 1600 1064 1639 evocatus,
1093 1599 1223 1640 captus
1244 1599 1311 1629 est.
1360 1595 1398 1629 C.
1412 1596 1573 1629 Duillius
1589 1608 1671 1631 con—

325 1647 382 1680 sul
408 1647 585 1681 adversus
617 1647 775 1681 classem
800 1647 1011 1680 Poenorum
1043 1657 1221 1690 prospere
1249 1645 1432 1690 pugnavit
1460 1646 1673 1692 primusque

325 1698 484 1731 omnium
505 1697 755 1731 Romanorum
781 1698 915 1731 dueum
938 1697 1083 1731 navalis
1108 1696 1286 1730 victoriae
1312 1696 1415 1729 duxit
1438 1696 1673 1741 triumphum,

326 1749 373 1782 ob
395 1760 503 1792 quam
524 1759 672 1782 causam
693 1747 725 1781 ei
744 1752 949 1792 perpetuus
971 1758 1120 1792 quoque
1140 1747 1260 1781 honos
1289 1747 1438 1781 habitus
1464 1751 1537 1789 est,
1562 1751 1603 1781 ut
1622 1759 1675 1781 re-

325 1799 481 1833 vertenti
501 1811 522 1833 a
544 1810 637 1833 cena.
655 1798 809 1833 tibicine
829 1801 986 1833 canente
1013 1797 1140 1832 funale
1169 1797 1430 1842 praeferretur.
1479 1798 1522 1831 L.
1537 1798 1673 1832 Corne-

326 1849 394 1882 lius
411 1850 541 1883 consul
555 1849 592 1882 in
607 1848 779 1883 Sardinia
793 1852 830 1882 et
844 1848 996 1882 Corsica
1015 1852 1145 1882 contra
1162 1848 1301 1882 Sardos
1315 1853 1353 1882 et
1366 1847 1503 1883 Corsos
1523 1852 1560 1882 et
1573 1848 1676 1882 Han-

325 1911 459 1934 nonem
483 1900 694 1934 Poenorum
726 1900 856 1933 ducem
888 1899 1047 1933 feliciter
1076 1899 1267 1943 pugnavit.
1320 1897 1457 1932 Atilius
1483 1898 1675 1933 Calatinus

325 1950 455 1984 consul
482 1961 564 1984 eum
588 1950 626 1984 in
652 1951 773 1984 locum
798 1961 820 1984 a
840 1949 977 1984 Poenis
1004 1950 1286 1983 circumsessum
1311 1953 1448 1983 temere
1475 1949 1675 1983 exercitum

325 2001 506 2044 duxisset,
534 1999 582 2034 M.
598 2000 927 2044 Calpurnitrilmni
941 2000 1096 2033 militum
1110 2000 1245 2034 virtute
1266 2003 1303 2034 et
1323 2010 1437 2044 opera
1451 2000 1585 2042 evasit,
1612 2000 1675 2044 qui

326 2062 406 2084 cum
431 2051 609 2085 trecentis
628 2051 807 2085 militibus
828 2051 1021 2095 eruptione
1040 2051 1142 2085 facta
1160 2051 1287 2085 hostes
1307 2050 1343 2084 in
1365 2062 1403 2084 se
1430 2054 1673 2084 converterat.

325 2102 516 2137 Hannibal
530 2103 602 2136 dux
619 2103 828 2136 Poenorum
843 2102 943 2136 victa
958 2102 1093 2145 classe,
1121 2101 1179 2135 cui
1198 2101 1430 2146 praefuerat,
1456 2112 1478 2135 a
1496 2101 1674 2135 militibus

325 2153 399 2186 suis
415 2154 449 2187 in
465 2165 611 2187 crucem
627 2153 796 2187 sublatus
817 2156 883 2187 est.
931 2151 1068 2186 Atilius
1083 2152 1252 2197 Regulus
1273 2152 1404 2186 consul
1424 2152 1530 2186 victis
1549 2151 1673 2186 navali

325 2204 466 2248 proelio
482 2204 619 2239 Poenis
632 2204 669 2239 in
683 2203 847 2238 Africam
860 2203 1017 2238 traiecit.

690 2373 952 2409 PERIOCHA
982 2372 1121 2408 LIBRI
1150 2372 1299 2409 XVIII.

393 2467 528 2502 Atilius
542 2469 709 2513 Regulus
725 2468 761 2501 in
775 2467 904 2502 Africa
919 2472 1126 2512 serpentem
1147 2472 1390 2512 portentosae
1410 2466 1673 2512 magnitudinis

328 2529 407 2551 eum
428 2530 562 2563 magna
584 2519 690 2553 clade
710 2519 862 2552 militum
885 2519 1039 2562 oceidit,
1066 2523 1103 2552 et
1128 2530 1208 2552 cum
1235 2519 1377 2563 aliquot
1402 2517 1553 2561 proeliis
1578 2518 1674 2551 bene

328 2569 504 2602 :ulversus
531 2569 859 2614 Carthaginienses
890 2574 1096 2613 pugnasset
1126 2580 1394 2614 successorque
1427 2568 1459 2602 ei
1491 2580 1513 2602 a
1544 2573 1674 2602 senatu

328 2629 504 2662 prospere
524 2620 661 2654 bellum
683 2620 825 2664 gerenti
846 2630 919 2653 non
940 2619 1163 2663 mitteretur,
1191 2620 1225 2652 id
1246 2619 1365 2664 ipsum
1386 2629 1452 2662 per
1471 2619 1613 2652 litteras
1627 2617 1672 2651 ad
