1835 3226
301 398 339 426 10

302 582 334 610 11

299 889 336 918 13

300 1075 339 1103 11

299 1260 337 1288 l.)

301 1446 338 1475 16

301 1632 341 1660 17

317 2127 334 2155 [ὑ

366 272 447 314 258
699 275 853 311 LIBER
877 277 923 321 v,
950 278 980 311 6.
1001 277 1030 310 τ.
1059 279 1154 320 [a.u.
1171 277 1292 311 0351.
1310 278 1393 319 352]

364 384 499 437 ipsum
525 381 650 422 vincit
675 388 798 433 atque
819 386 1046 435 expugnat,
1075 380 1180 420 sieut
1199 378 1327 420 Veios
1347 381 1618 435 expugnabit,
1645 383 1722 424 nisi

364 443 515 484 auxilio
541 441 729 485 hostibus
755 441 907 483 tribuni
930 441 1064 496 plebis
1084 441 1237 482 fuerint
1255 448 1294 482 et
1312 442 1470 483 Romae
1495 443 1722 485 invenerint

363 504 568 559 praesidia
591 503 808 553 Veientes,
841 518 946 557 quae
971 504 1221 557 nequiquam
1246 504 1288 544 in
1311 503 1480 545 Etruria
1510 514 1721 558 quaerunt.

364 581 416 607 an
447 572 507 607 est
539 566 779 619 quicquam,
817 566 929 619 quod
958 565 1202 607 Veientibus
1240 572 1425 620 optatum
1462 581 1592 620 aeque
1629 581 1724 608 con-

365 627 522 683 tingere
539 628 690 683 possit,
717 642 841 681 quam
861 634 905 668 ut
925 627 1193 669 seditionibus
1212 628 1394 682 primum·
1409 628 1507 670 urbs
1522 629 1722 679 Romana,

365 689 513 730 deinde
538 689 651 731 velut
676 704 728 730 ex
753 689 997 745 contagione
1029 696 1161 731 castra
1191 689 1461 745 impleantur?
1497 697 1537 731 at
1561 690 1725 732 hercule

363 758 463 806 aput
493 751 623 793 hostis
655 758 769 792 tanta
798 752 1002 793 modestia
1033 759 1113 801 est,
1147 760 1190 792 ut
1215 767 1296 793 non
1323 751 1548 793 obsidionis
1575 753 1722 803 taedio,

362 828 445 854 non
475 813 651 867 denique
682 814 799 869 regni
829 814 1050 868 quicquam
1081 823 1179 868 aput
1210 828 1280 855 eos
1312 821 1510 855 novatum
1541 814 1610 864 sit,
1642 830 1723 856 non

362 883 514 930 negata
544 876 698 917 auxilia
728 876 780 917 ab
805 875 995 917 Etruscis
1028 876 1281 917 inritaverint
1312 877 1483 918 animos.
1532 877 1724 918 morietur

363 937 472 978 enim
503 938 710 993 extemplo
741 938 988 992 quicumque
1020 939 1094 979 erit
1126 938 1337 980 seditionis
1370 945 1512 980 auctor
1541 954 1616 980 nee
1641 940 1724 980 cui-

363 1013 487 1052 quam
519 1000 654 1041 dicere
685 1015 734 1041 ea
763 1000 920 1050 licebit,
958 1015 1063 1054 quae
1095 1008 1194 1056 aput
1224 1016 1298 1042 vos
1330 1001 1484 1055 inpune
1521 1001 1721 1042 dicuntur.

363 1060 612 1102 fustuarium
643 1069 823 1103 meretur
853 1063 925 1116 qui
956 1063 1075 1118 signa
1104 1063 1297 1116 relinquit
1327 1072 1395 1104 aut
1426 1063 1633 1117 praesidio
1656 1063 1725 1103 de—

365 1123 491 1164 cedit:
528 1130 717 1165 auctores
751 1125 870 1180 signa
899 1125 1156 1178 relinquendi
1181 1132 1221 1166 et
1245 1125 1461 1166 deserendi
1486 1133 1619 1166 eastra
1642 1139 1725 1165 non

365 1185 435 1225 uni
467 1192 537 1226 aut
567 1186 682 1227 alteri
713 1187 848 1236 militi,
889 1188 962 1228 sed
992 1187 1194 1228 universis
1227 1187 1473 1229 exercitibus
1511 1187 1647 1242 palam
1683 1188 1723 1228 in

365 1247 553 1288 contione
585 1248 818 1289 audiuntur.
869 1249 972 1290 adeo
1003 1249 1203 1302 quidquid
1235 1249 1423 1290 tribunus
1453 1249 1564 1303 plebi
1594 1249 1723 1302 loqui—

364 1314 440 1357 tur,
473 1316 513 1349 et
538 1309 572 1350 si
598 1311 831 1364 prodendae
860 1311 1016 1365 patriae
1047 1310 1417 1364 dissolvendaeque
1447 1310 1505 1351 rei
1535 1310 1722 1365 publicae

363 1377 442 1420 est,
482 1371 687 1413 adsuestis
725 1372 846 1426 aequi
881 1372 1021 1413 audire
1058 1380 1097 1413 et
1133 1372 1348 1413 dulcedine
1384 1372 1597 1426 potestatis
1635 1373 1722 1413 eius

364 1433 473 1487 capti
509 1434 715 1487 quaelibet
752 1434 828 1476 sub
866 1449 914 1475 ea
950 1434 1105 1475 seelera
1146 1434 1271 1475 latere
1315 1435 1458 1475 sinitis.
1519 1434 1721 1488 reliquum

364 1502 443 1544 est,
481 1503 543 1545 ut,
581 1511 686 1550 quae
719 1496 785 1538 hie
816 1496 1104 1546 vociferantur,
1142 1497 1285 1537 eadem
1310 1497 1353 1537 in
1377 1496 1521 1537 castris
1548 1504 1585 1537 et
1612 1497 1721 1551 apud

363 1557 512 1598 milites
548 1565 674 1613 agant
705 1566 745 1600 et
775 1559 978 1600 exercitus
1005 1565 1274 1613 conrumpant
1299 1558 1554 1611 ducibusque
1580 1573 1722 1613 parere

368 1634 450 1659 non
480 1621 704 1674 patiantur,
743 1621 938 1674 quoniam
969 1635 1018 1661 ea
1053 1621 1218 1662 demum
1248 1620 1407 1661 Romae
1443 1620 1609 1661 libertas
1646 1630 1720 1670 est,

362 1695 444 1721 non
481 1688 688 1731 senatum,
731 1697 815 1723 non
850 1682 1134 1737 magistratus,
1177 1697 1260 1723 non
1295 1683 1427 1738 leges,
1470 1698 1552 1723 non
1587 1697 1721 1723 mores

362 1743 581 1793 maiorum,
618 1759 701 1785 non
730 1744 918 1786 instituta
951 1750 1135 1799 patrum,
1180 1759 1262 1785 non
1298 1744 1555 1799 disciplinam
1593 1744 1723 1785 vereri

361 1804 556 1846 militiae.'

447 1866 546 1908 VII.
584 1867 669 1909 Par
692 1868 776 1909 iam
801 1869 924 1910 etiam
949 1868 991 1909 in
1017 1868 1273 1910 contionibus
1301 1875 1386 1908 erat
1405 1867 1570 1922 Appius
1596 1868 1722 1909 tribu-

360 1929 423 1970 nis
442 1929 589 1984 plebis,
616 1945 711 1972 cum
732 1930 881 1981 subito,
908 1931 1017 1972 unde
1036 1931 1203 1971 minime
1221 1931 1312 1984 quis
1334 1931 1528 1979 crederet,
1556 1936 1722 1985 accepta

361 1991 572 2035 calamitas
603 1994 714 2048 apud
739 1993 867 2035 Veios
901 2001 941 2035 et
972 1994 1225 2049 superiorem
1249 1992 1435 2048 Appium
1467 1993 1509 2033 in
1534 2007 1659 2034 causa
1684 2000 1722 2034 ct

363 2055 583 2097 concordia
608 2056 799 2097 ordinum
823 2057 1019 2098 maiorem
1045 2057 1233 2098 ardorem
1265 2056 1317 2096 ad
1347 2055 1599 2096 obsidendos
1629 2070 1721 2110 per-

362 2116 536 2159 tinacius
557 2117 685 2160 Veios
711 2119 821 2160 fecit.
869 2134 966 2160 nam
992 2134 1086 2160 cum
1112 2133 1240 2173 agger
1265 2124 1475 2173 promotus
1502 2118 1554 2158 ad
1579 2117 1722 2158 urbem

361 2179 588 2234 vineaeque
629 2187 790 2222 tantum
832 2197 916 2223 non
957 2182 1039 2222 iam
1076 2182 1282 2222 iniunctae
1317 2180 1533 2221 moenibus
1570 2186 1720 2227 essent,

362 2240 461 2282 dum
492 2257 617 2296 opera
640 2243 818 2284 interdiu
843 2243 946 2284 fiunt
970 2244 1165 2284 intentius
1191 2258 1315 2296 quam
1340 2248 1459 2283 nocte
1485 2241 1722 2282 custodiun-

363 2310 445 2353 tur,
492 2305 700 2359 patefacta
741 2313 909 2361 repente
951 2314 1070 2361 porta
1110 2306 1256 2361 ingens
1299 2304 1516 2345 multitudo
1559 2303 1721 2344 facibus

363 2366 542 2408 maxime
573 2375 730 2409 armata
761 2369 880 2423 ignes
914 2368 1084 2409 coniecit
1122 2368 1329 2421 horaeque
1360 2373 1568 2407 momento
1600 2365 1721 2407 simul

362 2444 556 2485 aggerem
588 2445 636 2471 ac
666 2431 827 2480 vineas,
860 2437 941 2471 tam
968 2430 1081 2485 longi
1107 2430 1302 2484 temporis
1333 2444 1456 2483 opus,
1487 2427 1720 2469 incendium

362 2491 517 2541 hausit3
554 2492 753 2546 multique
784 2492 842 2533 ibi
873 2492 1064 2533 mortales
1101 2492 1349 2545 nequiquam
1387 2505 1507 2545 opem
1543 2489 1718 2529 ferentes

362 2553 469 2594 ferro
500 2553 668 2608 ignique
700 2554 909 2609 absumpti
941 2561 1047 2595 sunt.
1097 2553 1207 2607 quod
1233 2553 1303 2594 ubi
1328 2553 1505 2594 Romam
1531 2557 1593 2591 est
1617 2564 1719 2589 nun-

363 2615 525 2664 tiatum,
569 2617 817 2657 maestitiam
855 2616 1066 2665 omnibus,
1111 2615 1270 2656 senatui
1306 2629 1446 2656 curam
1483 2621 1717 2663 metumque

307 2728 315 2737 ⁴
362 2676 515 2726 iniecit,
553 2693 604 2719 ne
635 2686 722 2720 tum
753 2694 851 2720 vcro
884 2678 1076 2720 sustineri
1106 2692 1181 2718 nec
1211 2678 1252 2718 in
1283 2676 1383 2718 urbe
1409 2674 1552 2717 seditio
1577 2687 1652 2713 1100
1677 2673 1717 2712 in

364 2739 505 2780 eastris
531 2748 671 2794 posset
697 2749 736 2782 et
762 2741 913 2782 tribuni
937 2740 1069 2795 plebis
1090 2740 1200 2781 velut
1221 2739 1273 2781 ab
1294 2753 1337 2780 se
1357 2738 1488 2778 vietae
1507 2734 1563 2775 rei
1585 2733 1716 2788 publi-
