1835 3226
205 223 343 252 XXXX

710 225 762 250 DE
789 223 877 248 VITA
903 222 953 248 AC
979 221 1141 248 SCRIPTIS

204 303 279 334 tam
293 299 401 334 alteri
415 298 553 333 adiecit
565 301 640 331 tum
652 295 913 330 adnotationes
939 295 1200 338 interpellator
1220 304 1318 328 esse:
1346 295 1513 334 eundem,
1535 306 1647 340 qnan—

203 345 242 378 in
256 344 402 378 Livium
416 341 681 376 Basil.a.1540
701 340 834 382 edidit,
861 342 913 372 at-
941 340 988 372 do
1009 339 1118 382 eopia
1137 338 1225 379 fuit,
1253 349 1335 372 curn
1355 339 1437 372 aliis
1457 341 1647 374 Romanae

207 400 278 434 que
305 388 462 422 Carolus
488 386 682 430 Sigonius,
716 385 779 429 qui
810 383 913 416 scho-
940 383 1118 417 historiae
1129 382 1649 427 conditoribusconferebam3

206 434 258 468 lia
290 432 407 468 textui
438 443 461 466 a
485 442 523 465 se
547 431 682 465 Venct.
707 440 740 463 a.
766 427 854 461 1555
867 429 915 453 306
941 428 988 462 ad
1002 439 1113 462 manu
1126 431 1298 462 exaratos
1314 428 1475 471 codices⁷
1485 434 1575 472 quot
1587 429 1649 462 ha-

209 478 309 513 edito
342 475 502 510 subiecit
538 474 685 509 adiecta
720 473 915 507 chronolo-

234 524 270 557 ia
299 521 472 555 Liviana:
486 523 535 547 307
570 530 664 564 quae
696 518 730 552 ei
760 522 798 552 et
834 529 916 551 eum

207 535 396 602 {lm-<zano
417 570 453 600 et
472 577 554 600 eum
574 563 811 599 Robortellio
831 563 916 596 lites

205 613 292 646 inde
314 614 465 645 exortae
487 611 562 644 sint
574 612 748 644 accurate
769 619 916 642 enarra-

203 657 257 691 vit
279 655 682 690 Drakenborehius.308
724 654 769 688 de
795 664 915 688 emen-

206 701 355 736 datione
382 700 488 735 libris
513 700 638 745 pravis
661 709 857 744 perperam
876 697 915 731 fi-

206 748 289 781 dem
313 746 438 780 fcrcns
462 746 559 780 male
584 744 717 779 meruit
741 743 916 789 Sigonius

205 791 506 826 neeFraneiseus
515 790 722 824 Modiusssov
736 789 915 823 membra-

205 837 263 871 nis
279 835 566 870 Coloniensibus
588 835 916 878 Fuldensibusque

206 883 253 916 ad
267 881 422 926 primam
437 881 580 915 decada
593 879 831 914 reficiendam
845 889 916 913 nee

205 928 319 961 lanus
341 927 521 962 Gruterus
531 928 580 953 310
603 925 786 960 Palatinis
812 923 916 957 libris

205 983 295 1007 usus
311 971 480 1006 salubres
494 970 710 1005 vulneribus
723 973 846 1005 textus
855 969 916 1002 Li-

205 1017 305 1052 viani
319 1028 449 1051 manus
463 1016 718 1050 admoverunt.

251 1061 539 1096 Lueidissimum
552 1072 639 1096 vero
655 1060 744 1095 artis
758 1060 795 1094 in
808 1059 916 1093 Livio
930 1097 931 1104 ἵ

207 1107 438 1143 exercendae
471 1106 696 1150 exemplum,
733 1110 774 1139 ut
807 1116 918 1148 supra

208 1151 510 1198 significavimus,
537 1151 640 1185 dedit
659 1151 819 1184 Ioannes
840 1149 917 1183 Fri—

208 1197 354 1232 derieus
377 1196 657 1232 Gronovius.311
695 1195 794 1229 ‘anni
819 1206 918 1228 nam-

209 1242 291 1288 quc’
305 1241 358 1276 ait
371 1253 404 1276 a.
418 1241 563 1275 1644312
585 1240 807 1284 ‘complures
823 1243 918 1280 sunt,

209 1287 309 1332 quod
323 1286 501 1330 imperavi
515 1285 602 1318 mihi
618 1296 684 1329 pro
699 1289 828 1318 nostra
846 1294 919 1317 me-

208 1331 405 1366 diocritate
433 1330 556 1364 omnia
579 1329 704 1364 faeere
730 1333 767 1363 et
785 1329 919 1371 moliri,

207 1382 249 1411 ut
262 1381 366 1411 tanto
384 1375 567 1420 scriptori,
584 1386 658 1420 qua
670 1378 811 1420 posset,
831 1385 919 1407 suus

208 1422 465 1457 restitueretur
483 1421 598 1454 nitor:
624 1431 668 1454 ea
695 1430 810 1454 causa
832 1430 919 1453 noc-

208 1472 317 1501 turna
337 1466 545 1510 diurnaque
563 1476 672 1500 manu
691 1465 754 1499 ille
773 1463 920 1509 potissi-

208 1524 307 1546 mum
321 1511 406 1545 mihi
422 1510 562 1545 versari
583 1521 706 1544 eomes
726 1510 763 1543 in
777 1509 920 1551 itinere,

210 1556 490 1592 contubernalis
503 1555 541 1589 in
556 1555 760 1597 conducto,
782 1555 922 1588 sodalis

209 1603 248 1637 in
261 1601 436 1645 triclinio,
446 1601 510 1635 otii
525 1600 772 1646 dispensator,
781 1599 922 1645 negotii

245 1695 294 1719 306
319 1694 421 1718 iterum
441 1700 466 1718 a.
487 1693 554 1718 1566
573 1693 689 1718 scholiis
709 1692 743 1717 ad
762 1692 861 1717 Faerni
883 1692 922 1720 (v.

210 1735 275 1753 ann.
291 1729 350 1755 308)
365 1727 504 1758 imprimis
518 1733 665 1751 censuram
679 1726 846 1755 emendatis.
867 1728 922 1750 ter-

210 1764 280 1787 tium
295 1769 320 1786 a.
336 1763 401 1786 1572
421 1761 539 1786 adiectis
558 1761 770 1785 defensionibus
790 1761 924 1784 adversus

211 1797 387 1821 adversarios
401 1803 464 1820 cum
479 1795 602 1819 maxime
617 1794 814 1818 nominandos.

245 1831 293 1854 307
319 1830 440 1861 repetita
471 1829 545 1860 apud
569 1828 833 1853 Drakenborcbium
859 1827 878 1852 I.
903 1827 922 1852 I.

212 1865 356 1889 155—177.

245 1899 294 1923 308
320 1898 338 1921 I.
360 1905 383 1921 c.
405 1905 432 1928 p.
452 1896 557 1921 LXXII
576 1903 636 1927 sqq.
657 1896 765 1926 Sigonii
789 1895 922 1920 scholior.

214 1933 322 1963 aliquot
347 1931 528 1956 defensiones
548 1930 611 1954 adv.
634 1929 803 1954 Glareanum
824 1932 851 1953 ct
871 1929 923 1953 Ro-

212 1967 362 1991 bortellum
376 1965 450 1989 idem
465 1965 559 1989 iterari
572 1965 655 1989 iussit
669 1964 736 1988 ibid.
752 1971 779 1994 p.
789 1964 922 1988 177-226.

212 2001 248 2025 cs.
270 2001 353 2024 etiam
376 1999 458 2024 Gabr.
478 1999 580 2023 Faerni
599 2005 746 2022 censuram
763 1997 796 2021 ab
816 1997 924 2021 Robor-

212 2034 291 2058 tcllio
312 2034 414 2057 editam
435 2033 515 2059 (ibid.
530 2040 557 2063 p.
572 2033 718 2060 *lu-481)
738 2039 801 2056 cum
815 2031 923 2060 sigonii

212 2068 397 2098 responsione
413 2066 491 2095 (ibid.
505 2074 533 2097 p.
548 2067 694 2095 482—486)
709 2068 737 2089 et
745 2065 876 2089 Glareani
890 2065 924 2088 de

213 2101 320 2131 Sigonii
345 2101 461 2125 scholiis
486 2100 620 2124 iudicium
646 2100 675 2124 in
696 2106 740 2130 ep.
760 2099 794 2123 ad
814 2099 923 2123 Herva-

213 2136 290 2166 gium
305 2135 368 2158 data
383 2134 461 2163 (ibid.
476 2141 504 2164 p.
518 2135 675 2159 543-545).

248 2170 296 2193 309
317 2168 497 2192 ed.l⁴'rancof.
512 2166 768 2191 adM.a.1538s01.:
785 2167 845 2197 ipso
860 2165 923 2189 cod.

214 2202 395 2231 moguntino,
422 2208 505 2232 quem
523 2201 622 2225 titulus
642 2207 706 2231 prae
727 2207 756 2224 se
771 2200 839 2226 sert.
864 2199 924 2224 Mo-

215 2237 291 2260 dium
317 2243 398 2260 usum
423 2243 479 2260 non
505 2241 567 2258 esse
599 2234 773 2258 demonstrat
797 2234 924 2258 Draken-

215 2271 346 2294 box-chius
359 2270 378 2294 l.
394 2270 412 2293 l.
427 2277 454 2300 p.
470 2268 624 2293 LXXVIII.

249 2306 298 2328 310
318 2304 361 2328 ed.
382 2303 512 2328 Francos.
532 2303 566 2326 ad
585 2303 622 2326 M.
642 2309 667 2326 a.
687 2300 775 2332 1⁶0⁷ss
790 2301 849 2328 sol..
871 2307 925 2331 qua

215 2339 334 2369 primum
354 2337 416 2362 libn·
430 2337 543 2361 Liviani
563 2337 591 2361 in
610 2336 733 2367 capitula
752 2335 835 2359 divisi
850 2337 923 2363 sunt,

216 2373 354 2402 tituloque
374 2374 483 2396 tantum
503 2371 650 2395 immutato
671 2376 695 2394 a.
710 2371 790 2395 1612:
813 2369 856 2392 ed.
872 2370 925 2393 ‘sc-

216 2406 306 2430 cunda
321 2409 347 2430 et
361 2405 468 2430 melior'
482 2405 550 2428 ibid.
565 2411 590 2428 a.
606 2405 687 2431 18193
708 2403 752 2427 ed.
767 2404 860 2430 tertia,
881 2403 925 2426 cui

216 2440 329 2464 demum
350 2440 462 2464 Gruteri
481 2442 565 2463 notae
585 2438 696 2463 additae
717 2440 790 2467 sunt,
812 2436 879 2461 ibid.
899 2443 924 2461 a.

216 2473 314 2505 1627'3.

252 2509 299 2532 311
321 2507 365 2531 ed.
382 2506 473 2537 Lugd.
494 2506 557 2531 Bat.
578 2505 642 2530 1644
656 2518 678 2536 5.
697 2505 762 2529 1111.
783 2506 814 2529 12
841 2504 926 2532 (unde

220 2543 317 2565 textus
331 2541 468 2572 repetitus
481 2547 507 2565 a.
522 2539 612 2571 165³&
632 2540 683 2564 111.
698 2541 741 2568 1⁴2)
756 2542 783 2563 et
798 2539 862 2563 1865
876 2538 926 2562 111.

218 2576 250 2602 ὃς
276 2576 350 2599 notis
375 2575 462 2605 patris
487 2575 627 2606 postumis
646 2573 689 2597 ed.
712 2580 790 2597 suam
816 2573 927 2597 ornavit

217 2608 334 2633 Iacobus
349 2609 422 2633 filius
436 2608 595 2633 Amstelod.
611 2608 739 2632 1679111.
754 2608 778 2630 8.

251 2643 300 2666 312
320 2643 348 2666 in
368 2649 412 2673 ep.
428 2642 519 2666 dedic.
539 2644 560 2666 t.
574 2642 596 2666 1.
617 2642 660 2665 ed.
675 2642 776 2672 prioris
795 2640 829 2664 ad
844 2639 928 2664 Clau-

219 2675 294 2700 dium
308 2675 470 2699 Memmium
491 2676 555 2700 data
567 2675 739 2700 Daventriae
758 2682 783 2699 a.
799 2674 824 2698 d.
841 2673 928 2698 XVII.

219 2709 283 2733 Kal.
298 2709 375 2733 Sext.
391 2709 457 2733 anni
476 2716 578 2734 comm.
599 2710 630 2738 (l.
645 2709 664 2734 l.
678 2715 722 2740 ap.
738 2707 880 2733 Drakenb.
901 2714 927 2739 p.

219 2744 289 2772 585).

942 473 1029 507 bere
1053 472 1175 517 potui,
1200 472 1474 507 taediosissima
1498 473 1652 506 morosi-

941 522 1036 560 tate,
1064 518 1128 551 sed
1143 518 1307 551 taedium
1322 517 1492 551 vincente
1514 528 1650 561 amore,

943 563 1234 597 contendebam:
1261 567 1308 602 et,
1330 562 1360 596 si
1373 563 1445 595 hoc
1459 573 1541 596 eum
1556 573 1651 596 eom-

941 607 1210 642 mendatiorem
1234 607 1304 641 tibi
1329 607 1486 641 reddere
1512 611 1650 651 potest,

944 653 1090 688 Galliac
1127 652 1298 696 profecto
1341 651 1653 686 bibliothecarum

942 698 1165 733 membranis
1197 698 1282 743 (etsi
1311 695 1471 741 Angliae
1505 707 1653 741 quoque

942 744 1148 788 Italiaeque
1170 747 1207 777 et
1223 742 1445 777 Germaniae
1467 753 1556 775 suae
1576 741 1653 775 fue—

943 789 1015 823 rint
1033 788 1174 832 partes)
1195 788 1436 832 praecipuum
1462 787 1591 827 debet,
1616 786 1654 820 in

943 835 1024 868 solo
1043 833 1269 867 Annibalieo
1291 833 1392 867 bello
1414 843 1458 866 ex
1478 831 1653 865 laudatis-

943 879 1116 913 simorum
1135 878 1289 912 fratrum
1304 878 1555 911 Puteanorum
1576 877 1653 909 uni-

943 936 986 959 eo
1008 924 1243 958 venerandae
1264 923 1460 957 vetustatis
1480 921 1575 955 libro
1591 921 1653 955 ali-

943 974 1032 1015 quot
1045 968 1208 1002 millibus
1223 968 1388 1002 locorum
1403 968 1455 1012 (et
1470 967 1547 1000 sinc
1561 966 1653 1010 figu-

942 1026 984 1049 ra
996 1013 1146 1059 loquor)
1167 1013 1340 1046 sanatus.’
1372 1013 1461 1046 data
1482 1022 1596 1054 opera
1615 1011 1654 1044 li-

942 1060 1031 1093 bros
1052 1059 1120 1092 hos
1141 1061 1333 1092 enumerat
1352 1057 1389 1091 in
1414 1055 1654 1101 praefationi-

943 1106 1013 1139 bus
1040 1105 1088 1138 ad
1106 1104 1283 1138 lectorem
1307 1102 1453 1147 utrique
1475 1101 1531 1135 ed.
1551 1111 1655 1145 prae-

943 1149 1076 1184 missis.
1097 1149 1220 1183 elueet
1234 1148 1332 1185 inde,
1343 1158 1425 1181 eum
1433 1146 1654 1187 Medieeum,

945 1195 1048 1228 euius
1073 1194 1289 1228 varietatem
1315 1192 1486 1226 lectionis
1512 1203 1533 1225 a
1551 1191 1656 1225 Luca

944 1240 1231 1284 Langermanno
1248 1237 1519 1282 etMarquardo
1532 1236 1654 1270 Gudio

944 1284 1016 1328 ipsi
1042 1283 1321 1317 subministrata
1347 1283 1395 1316 ad
1420 1283 1574 1316 alteram
1595 1281 1656 1315 de-

945 1341 1042 1362 mum
1073 1329 1130 1362 ed.
1162 1327 1445 1372 perpoliendam
1476 1326 1655 1360 adbibere

946 1373 1078 1419 potuit,
1094 1373 1283 1417 ‘optimum
1293 1371 1453 1406 omnium
1461 1371 1578 1416 partis
1592 1371 1656 1404 hu-

946 1419 1072 1453 ius'313
1115 1418 1246 1452 eadem
1287 1417 1414 1450 iudicii
1451 1415 1656 1450 subtilitate

947 1463 1160 1509 agnovisse,
1183 1474 1257 1507 qua
1270 1461 1452 1496 Puteanei
1465 1464 1656 1506 praestan-

946 1510 1034 1544 tiam
1060 1520 1142 1543 eum
1160 1508 1316 1553 primum
1342 1506 1577 1551 perspexisse
1598 1517 1656 1539 su-

946 1566 1015 1599 pra
1039 1554 1215 1595 vidimusq
1243 1553 1392 1586 summis
1419 1552 1501 1585 eod.
1522 1551 1656 1585 Putea-

948 1611 1056 1634 neum
1081 1599 1255 1633 laudibus
1281 1597 1401 1632 effert:
1428 1596 1659 1641 ‘Cynosura'

948 1645 1056 1679 ait314
1071 1643 1192 1678 ‘nobis
1206 1643 1277 1677 fuit
1290 1642 1396 1683 liber,
1419 1653 1491 1686 quo
1508 1642 1552 1675 de
1569 1640 1657 1675 Tito

948 1690 1054 1724 Livio
1075 1689 1167 1722 nihil
1181 1699 1250 1722 nec
1264 1687 1451 1732 antiquius
1470 1697 1541 1721 nec
1555 1697 1659 1720 sanc-

949 1735 1021 1769 tius
1037 1734 1186 1779 Europa
1201 1733 1375 1773 custodit,
1391 1731 1604 1766 maiusculis
1619 1730 1659 1764 li-

949 1779 1051 1820 teris,
1072 1784 1108 1813 et
1122 1780 1245 1824 plane,
1269 1777 1442 1822 qualibus
1459 1777 1581 1810 clarus
1595 1776 1659 1810 illc

950 1825 1190 1859 Florentinus
1212 1835 1256 1857 ex
1275 1823 1414 1857 Pisano
1437 1822 1659 1863 Pandentes,

950 1874 1134 1904 exaratus.
1171 1868 1244 1902 Hic
1259 1869 1360 1902 solus
1381 1867 1579 1911 largiorem
1594 1866 1658 1900 bo-

949 1926 1078 1949 narum
1103 1925 1240 1954 rerum,
1269 1924 1378 1958 quam
1402 1911 1579 1956 quicquid
1605 1914 1662 1945 est

949 1960 1191 2004 reliquorum,
1220 1970 1301 1993 sese
1321 1958 1431 1991 nobis
1451 1955 1660 2001 praestitit?

950 2005 1111 2050 egregiis
1138 2004 1196 2038 his
1229 2002 1500 2038 emendationis
1525 2002 1659 2035 instru—

950 2050 1082 2084 mentis
1108 2048 1253 2084 aeeedit
1271 2048 1371 2082 unici
1391 2047 1459 2080 viri
1478 2045 1662 2080 modestia

950 2106 1067 2140 eaque
1092 2099 1197 2130 recta
1220 2098 1395 2137 reeteque
1420 2103 1441 2126 a
1459 2090 1660 2135 Lessingio

950 2140 1115 2183 definita,
1137 2150 1233 2184 quae
1249 2150 1352 2171 suum
1373 2136 1505 2181 cuique
1519 2135 1660 2177 tribuit,

950 2185 1138 2219 indefessa
1159 2182 1359 2225 industria,
1387 2193 1503 2225 sagax-
1521 2180 1660 2225 ingenii

950 2241 1120 2272 acumen,
1141 2228 1307 2273 perfecta
1323 2239 1405 2261 euni
1424 2227 1574 2270 linguae
1590 2226 1660 2259 La-

950 2276 1049 2310 tinae
1076 2279 1151 2308 tum
1171 2273 1319 2307 Liviani
1345 2271 1493 2317 generis
1513 2270 1661 2305 dicendi

951 2320 1095 2365 peritia,
1113 2319 1258 2353 subacti
1272 2317 1397 2351 iudicii
1411 2316 1604 2350 maturitas
1620 2336 1662 2340 —

952 2366 1063 2410 paulo
1089 2364 1269 2398 audacius
1296 2363 1394 2396 ferro
1421 2361 1560 2406 passim
1580 2372 1663 2395 eum

953 2421 1096 2453 sanare,
1117 2409 1181 2443 ubi
1200 2410 1299 2442 iusta
1313 2408 1422 2441 modo
1443 2407 1662 2450 interpreta-

953 2457 1053 2490 tione
1070 2466 1163 2500 opus
1179 2454 1244 2495 sit,
1269 2452 1437 2487 confiteri
1453 2462 1662 2495 possumus,

953 2513 1021 2535 nee
1041 2506 1165 2534 tamen
1185 2500 1339 2533 multum
1353 2497 1438 2531 inde
1456 2496 1664 2530 detrahitur

954 2546 1127 2581 laudibus
1141 2544 1209 2579 viri
1223 2542 1439 2579 immortalis
1449 2568 1458 2585 ‚
1478 2541 1540 2587 qui
1554 2539 1663 2590 unice

953 2596 1091 2626 rectam
1110 2590 1206 2624 viam
1225 2587 1461 2630 monstravit,
1489 2596 1562 2630 qua
1585 2595 1663 2618 um-

988 2707 1036 2731 313
1056 2706 1092 2729 cf.
1107 2706 1191 2730 etiam
1205 2705 1266 2728 eius
1279 2703 1313 2727 nd
1325 2702 1412 2733 praes.
1428 2701 1451 2731 ξ.
1465 2701 1480 2724 3
1494 2702 1591 2724 annot.

989 2741 1037 2765 314
1056 2740 1083 2764 in
1099 2739 1184 2770 praes.
1200 2738 1243 2763 ed.
1258 2737 1306 2761 alt.
1321 2738 1359 2767 (p.
1375 2736 1421 2760 597
1436 2734 1517 2764 Drb.)
