1780 3204
500 258 652 293 LIBER
676 258 769 303 1111,
795 258 848 293 59.
869 258 921 292 60.
950 259 998 301 [a.
1012 256 1051 291 6.
1064 256 1146 301 406]
1421 245 1505 288 249

150 364 294 405 tiatum
319 369 505 418 repente,
543 377 595 403 ne
620 362 711 416 quis
737 368 898 417 praeter
928 370 1107 402 armatus
1139 360 1375 411 violaretur,
1412 360 1506 402 reli‹

151 441 273 480 quam
300 441 462 467 0111116111
487 425 789 466 multitudinem
813 424 1086 466 voluntariam
1105 424 1217 465 exuit
1236 425 1378 474 armis3
1405 438 1506 478 quo-

150 505 241 529 rum
267 489 318 529 ad
349 489 430 529 (1110
461 488 573 528 milia
604 494 643 528 et
674 487 887 542 quingenti
917 487 1001 527 vivi
1033 486 1260 541 capiuntur.
1316 502 1340 527 a
1371 492 1505 526 cetera
1529 499 1549 529 8

150 551 302 604 pracda
326 550 480 591 Fabius
506 549 676 589 militem
702 549 911 597 abstinuit,
939 548 1070 589 donec
1097 548 1278 603 collegae
1304 548 1501 598 venirent,

151 613 202 653 111)
227 613 306 653 illis
332 627 496 666 quoque
528 611 775 652 exercitibus
808 619 974 665 captum
998 610 1149 651 Anxur
1180 611 1370 651 dictitans
1397 625 1501 659 esse,
1529 625 1546 652 9

151 675 221 727 (1111
246 681 401 715 ceteros
429 673 606 715 Volscos
634 689 658 714 a
680 673 886 728 praesidio
913 673 999 713 eius
1025 672 1105 713 loci
1129 673 1384 713 avertissent.
1434 672 1503 726 qui
1534 686 1571 713 10

150 736 220 777 ubi
241 742 452 785 venerunt,
479 735 675 790 oppidum
695 741 832 776 vetere
851 734 1016 775 fortuna
1036 734 1275 788 opulentum
1294 741 1375 775 tres
1390 749 1505 775 exer-

151 799 254 839 citus
287 798 502 852 diripuere.
563 812 692 850 eaque
728 797 905 851 primum
946 797 1178 851 benignitas
1213 796 1504 851 imperatorum

149 860 312 914 plebem
336 860 520 915 patribus
546 859 789 900 conciliavit.
827 859 1011 899 additum
1037 858 1184 899 deinde
1210 858 1392 899 omnium
1417 873 1504 899 ma-
1532 873 1563 900 11

149 922 258 962 xime
295 922 538 976 tempestivo
569 921 800 975 principum
831 921 873 961 in
902 920 1206 961 multitudinem
1236 935 1422 969 munere,
1459 926 1503 960 ut

150 990 242 1024 ante
279 984 526 1024 mentionem
564 983 687 1023 ullam
723 982 856 1037 plebis
895 981 1231 1035 tribunorumque
1268 982 1502 1022 decerneret

150 1052 334 1095 senatus,
371 1052 415 1086 ut
448 1045 696 1099 stipendium
727 1044 844 1085 miles
876 1045 925 1084 de
950 1043 1115 1098 publico
1152 1044 1370 1097 acciperet,
1409 1058 1503 1084 611111

148 1114 241 1147 111116
266 1108 308 1147 id
333 1113 494 1161 tempus
521 1107 571 1147 de
598 1122 671 1147 suo
697 1106 871 1159 quisque
896 1106 1063 1145 functus
1090 1120 1138 1145 eo
1163 1119 1331 1145 munere
1357 1111 1478 1146 esset.

231 1168 333 1209 LX.
382 1168 494 1210 Nihil
524 1174 738 1222 acceptum
768 1181 965 1219 umquam
997 1182 1020 1206 a
1056 1166 1174 1220 plebe
1206 1172 1318 1206 tanto
1349 1166 1500 1221 gaudio
1530 1180 1542 1207 1

147 1231 328 1271 traditur.
372 1244 614 1270 concursum
645 1230 781 1282 itaque
813 1229 865 1269 ad
896 1228 1050 1268 curiam
1083 1242 1174 1268 esse
1205 1234 1502 1281 prensatasque

146 1292 381 1333 exeuntium
405 1306 550 1332 manus
578 1297 615 1331 et
641 1297 776 1344 patres
802 1304 898 1330 vere
924 1289 1164 1343 appellatos,
1192 1289 1386 1330 effectum
1410 1304 1502 1330 esse

145 1353 386 1402 fatentibus,
414 1359 458 1393 ut
483 1368 603 1393 nemo
628 1367 701 1406 pro
727 1359 809 1392 tam
836 1351 1029 1392 munifica
1052 1352 1201 1405 patria,
1234 1351 1364 1392 donec
1389 1352 1503 1404 quic-

144 1430 267 1469 quam
286 1415 433 1456 virium
455 1422 702 1469 superesset,
730 1413 889 1468 corpori
909 1419 980 1454 aut
1000 1413 1191 1468 sanguini
1210 1428 1284 1454 suo
1303 1420 1500 1468 parceret.

143 1492 237 1518 cum
262 1477 529 1518 commoditas
555 1476 738 1525 iuvabat,
776 1491 862 1517 rem
888 1476 1133 1517 familiarem
1159 1475 1304 1517 saltem
1335 1476 1503 1529 adquie-
1528 1490 1546 1518 2

144 1554 255 1580 scere
287 1554 335 1580 eo
367 1546 567 1593 tempore,
605 1553 687 1592 quo
719 1553 867 1593 corpus
900 1539 1110 1579 addictum
1141 1544 1262 1592 atque
1288 1546 1499 1592 operatum

142 1601 199 1642 rei
219 1601 406 1656 publicae
426 1607 547 1650 esset,
575 1607 673 1649 tum,
701 1601 813 1654 quod
837 1601 943 1641 ultro
971 1599 1047 1641 sibi
1068 1599 1251 1640 oblatum
1271 1606 1392 1648 esset,
1420 1615 1500 1640 non

143 1679 166 1703 a
192 1662 363 1703 tribunis
389 1662 521 1716 plebis
546 1677 743 1714 umquam
767 1662 986 1716 agitatum,
1018 1677 1099 1701 non
1125 1661 1210 1702 suis
1244 1660 1501 1702 sermonibus

143 1724 431 1778 efflagitatum,
468 1723 510 1764 id
540 1723 746 1764 efficiebat
782 1723 995 1777 multiplex
1025 1723 1223 1778 gaudium
1261 1722 1502 1763 cumulatio-

142 1799 310 1838 remque
341 1785 514 1840 gratiam
544 1785 613 1825 rci.
669 1784 820 1825 tribuni
855 1784 1006 1838 plebis,
1045 1784 1274 1824 communis
1312 1784 1499 1824 ordinum
1526 1798 1544 1827 3

143 1847 319 1887 laetitiae
334 1846 656 1899 concordiaeque
671 1846 746 1886 soli
767 1851 968 1900 expertes,
994 1859 1158 1900 negare,
1186 1852 1269 1885 tam
1288 1845 1329 1885 id
1347 1845 1500 1885 laetum

143 1908 341 1963 patribus,
367 1907 569 1948 universis
596 1906 708 1961 (nec)
734 1921 977 1961 prosperum
1002 1907 1089 1947 fore
1115 1921 1239 1959 quam
1263 1907 1342 1960 ipsi
1362 1907 1501 1948 crede-

144 1977 244 2011 rent.
294 1970 509 2010 consilium
536 1969 670 2023 specie
696 1969 827 2022 prima
851 1969 996 2009 melius
1022 1969 1152 2009 fuisse
1178 1983 1301 2021 quam
1326 1984 1405 2009 usu
1429 1985 1500 2023 ap-

143 2032 383 2086 pariturum.
432 2031 541 2071 unde
573 2031 679 2071 6111111
712 2045 803 2070 611111
833 2030 1050 2084 pecuniam
1081 2031 1227 2071 confici
1263 2045 1386 2084 posse
1421 2032 1500 2071 nisi
1524 2047 1543 2074 4

144 2093 294 2134 tributo
313 2092 465 2147 populo
484 2092 661 2132 indicto?
686 2107 736 2132 ex
756 2092 887 2133 alieno
906 2093 1030 2147 igitur
1044 2093 1132 2133 aliis
1146 2093 1329 2147 largitos.
1367 2107 1499 2146 neque

142 2156 196 2204 id,
224 2155 347 2195 etiam
367 2155 401 2195 si
420 2154 541 2195 ceteri
559 2154 704 2202 ferant,
731 2169 925 2208 passuros
946 2169 1029 2204 eos,
1056 2154 1205 2207 quibus
1231 2155 1311 2194 iam
1332 2155 1500 2196 emerita

145 2217 347 2271 stipendia
377 2223 531 2266 essent,
570 2217 736 2257 meliore
767 2217 1006 2258 condicione
1038 2217 1139 2258 alios
1170 2217 1342 2258 militare
1373 2232 1495 2271 quam

144 2280 223 2333 ipsi
246 2279 508 2327 militassent,
547 2285 586 2319 61
612 2279 779 2319 eosdem
803 2279 845 2319 in
871 2294 945 2319 sua
983 2279 1185 2333 stipendia
1214 2279 1406 2333 inpensas
1438 2279 1498 2320 fe-

144 2341 249 2381 cisse
274 2346 314 2381 et
338 2340 379 2380 111
403 2341 575 2381 aliorum
599 2341 746 2381 faeere.
796 2340 860 2380 his
892 2338 1063 2381 vocibus
1094 2347 1309 2381 moverunt
1339 2347 1496 2395 partem
1522 2356 1540 2384 5

143 2402 287 2456 plebis.
336 2408 543 2456 postremo
568 2402 720 2443 indicto
745 2402 827 2442 iam
852 2402 1003 2443 tributo
1036 2402 1251 2442 edixerunt
1282 2402 1404 2442 etiam
1429 2403 1498 2443 tri-

144 2465 255 2513 buni,
282 2464 432 2505 auxilio
459 2478 502 2504 se
526 2464 699 2513 futuros,
728 2465 763 2504 si
782 2463 873 2516 quis
893 2463 936 2503 in
960 2463 1133 2504 militare
1159 2463 1406 2518 stipendium
1428 2464 1496 2505 tri-

142 2526 287 2566 butum
311 2541 392 2566 non
423 2526 674 2566 contulisset.
722 2533 859 2580 patres
891 2525 995 2566 bene
1025 2532 1212 2580 coeptam
1242 2540 1327 2566 rem
1357 2541 1496 2580 perse-
1522 2542 1539 2571 fi

142 2595 328 2629 veranter
341 2588 462 2638 tueri3
489 2588 672 2628 conferre
685 2588 763 2642 ipsi
776 2587 908 2642 primi,
924 2594 963 2628 et
976 2588 1072 2640 quia
1084 2588 1266 2628 nondum
1281 2594 1494 2643 argentum

142 2651 347 2706 signatum
362 2657 458 2701 erat,
486 2666 554 2691 aes
569 2665 694 2706 grave
713 2650 906 2705 plaustris
927 2651 1094 2703 quidam
1115 2651 1167 2691 ad
1185 2651 1386 2692 aerarium
1399 2666 1494 2693 con-

141 2713 337 2753 vehentes
365 2713 591 2767 speciosam
618 2712 738 2752 etiam
766 2712 1034 2753 conlationem
1060 2712 1277 2754 faciebant.
1310 2727 1403 2754 cum
1430 2728 1492 2755 sc-
1519 2727 1535 2755 7
