1780 3204
437 266 592 301 LIBER
615 267 670 312 11,
695 266 753 302 45.
773 267 830 302 46.
860 270 910 311 [a.
928 267 968 304 c.
982 267 1065 312 480]
1348 261 1428 302 107

69 372 283 415 Romanus
314 385 456 426 posse3
495 371 590 413 totis
617 371 761 413 castris
791 372 973 425 undique
1005 371 1057 412 ad
1082 372 1272 413 consules
1304 374 1431 414 curri-

69 442 146 476 tur.
194 450 279 475 non
302 434 384 475 iam
410 434 582 483 sensim,
608 440 654 474 ut
678 440 790 484 ante,
816 449 890 489 per
915 434 1198 475 centurionum
1222 435 1429 490 principes

68 497 297 552 postulant,
336 496 409 537 sed
433 496 589 550 passim
621 511 764 537 omnes
797 496 1045 537 clamoribus
1078 503 1218 551 agunt.
1268 504 1429 539 matura

68 574 132 600 res
148 566 246 608 erat,
273 558 596 613 tergiversantur
614 564 764 599 tamen.
802 558 961 600 Fabius
982 559 1142 608 deinde,
1170 560 1222 599 ad
1242 574 1428 600 crescen-

69 628 152 662 tem
168 620 390 661 tumultum
403 620 485 660 iam
504 626 616 660 metu
637 620 848 661 seditionis
868 621 1026 676 collega
1047 622 1308 671 concedente,
1336 636 1429 662 cum

69 683 277 724 silentium
302 682 475 723 classico
500 682 687 723 fecisset:
728 686 824 737 ‘ego
849 683 971 732 istos,
1009 682 1086 724 Cn,
1112 683 1264 733 Manli,
1303 698 1427 738 posse

67 746 231 786 vincere
257 745 361 794 scio3
386 744 491 785 velle
515 759 567 785 ne
593 744 752 794 scirem,
779 745 860 799 ipsi
884 745 1088 785 fecerunt:
1114 745 1252 798 itaque
1273 752 1429 786 certum

68 815 190 861 atque
222 807 432 848 decretum
463 805 542 856 est,
580 821 665 847 non
700 807 796 848 dare
835 808 1019 862 signum,
1057 808 1138 848 nisi
1173 808 1347 849 victores
1386 823 1429 849 se

66 870 269 911 redituros
295 884 346 910 ex
370 869 447 910 hac
471 884 613 924 pugna
637 869 784 910 iurant.
823 870 1035 911 consulem
1055 870 1290 911 Romanum
1309 871 1427 912 miles

69 931 196 972 semel
220 932 262 972 in
287 931 373 972 acie
398 930 556 980 fefellit,
584 931 682 972 deos
708 946 934 984 numquam
959 931 1099 973 fallet?
1136 933 1320 974 centurio
1340 940 1426 974 erat

67 993 128 1034 M.
161 993 397 1034 Flavoleius
428 993 533 1033 inter
561 993 762 1047 primores
793 1008 958 1048 pugnae
989 994 1206 1048 flagitator.
1257 995 1429 1045 ‘victorss

66 1057 197 1110 inquit
229 1055 308 1096 ίΜ.
333 1054 456 1103 Fabi,
494 1061 674 1095 revertar
704 1069 755 1095 cx
787 1055 899 1095 acie.’
948 1056 983 1097 si
1014 1056 1148 1105 fallat,
1185 1057 1329 1098 Iovem
1354 1072 1427 1111 pa-

66 1126 170 1159 trem
197 1117 509 1170 Gradivumque
534 1116 715 1157 Martem
746 1117 931 1170 aliosque
962 1117 1087 1158 iratos
1118 1118 1284 1158 invocat
1314 1119 1426 1159 deos.

66 1181 176 1221 idem
201 1180 394 1234 deinceps
420 1179 553 1219 omnis
579 1178 782 1219 exercitus
813 1179 856 1219 in
887 1193 931 1219 se
962 1179 1137 1232 quisque
1162 1180 1287 1229 iurat,
1319 1180 1428 1221 iura-

66 1243 117 1283 tis
143 1242 263 1282 datur
287 1241 470 1295 signum,
509 1255 622 1280 arma
647 1240 831 1294 capiunt,
870 1247 967 1281 eunt
991 1241 1034 1281 in
1058 1256 1244 1296 pugnam
1274 1242 1428 1283 irarum

65 1304 234 1358 speique
258 1302 388 1357 pleni3
418 1316 528 1342 nunc
552 1301 695 1343 iubent
718 1302 919 1343 Etruscos
950 1302 1102 1357 probra
1131 1304 1282 1353 iacere,
1317 1320 1427 1346 nunc

65 1366 230 1407 armatis
268 1365 348 1407 sibi
389 1365 564 1419 quisque
604 1365 747 1420 lingua
787 1373 1026 1420 promptum
1067 1366 1229 1408 hostem
1272 1368 1425 1409 offerri.

64 1429 247 1469 omnium
271 1428 340 1469 illo
366 1428 449 1478 die,
487 1442 570 1481 qua
593 1427 746 1482 plebis,
783 1442 866 1481 qua
889 1435 1072 1483 patrum,
1112 1429 1264 1471 eximia
1294 1430 1424 1470 virtus

63 1490 152 1531 suit.
199 1490 379 1532 Fabium
402 1504 566 1539 nomen,
591 1489 724 1531 Fabia
748 1505 852 1546 gens
878 1491 1058 1532 maxime
1085 1492 1242 1533 enituit.
1285 1492 1426 1533 multis

63 1552 250 1594 civilibus
282 1552 574 1593 certaminibus
605 1552 792 1594 infensos
823 1552 957 1607 plebis
989 1554 1149 1595 animos
1186 1554 1257 1596 illa
1287 1570 1428 1610 pugna

65 1615 144 1656 sibi
177 1615 439 1657 reconciliare
483 1621 680 1656 statuunt.
734 1615 949 1656 instruitur
985 1617 1113 1666 acies,
1157 1631 1234 1658 nee
1270 1616 1426 1658 Veiens

63 1677 194 1718 hostis
218 1677 503 1731 Etruscaeque
528 1677 712 1732 legiones
738 1677 978 1719 detrectant.

148 1738 420 1780 XXXXVI.
468 1739 606 1793 Prope
631 1746 742 1780 certa
767 1754 861 1794 spes
887 1746 992 1789 erat,
1018 1755 1100 1781 non
1124 1741 1258 1795 magis
1285 1755 1426 1782 secum

64 1806 320 1855 pugnaturos
351 1814 476 1853 quam
504 1801 728 1855 pugnarint
758 1815 853 1841 cum
883 1800 1064 1854 Aequis,
1096 1802 1230 1842 maius
1262 1817 1426 1855 quoque

67 1862 234 1915 aliquod
257 1862 298 1901 in
323 1868 407 1902 tam
431 1862 604 1902 inritatis
631 1862 780 1904 animis
812 1869 852 1903 et
877 1863 1093 1904 occasione
1118 1864 1287 1918 an01piti
1315 1863 1428 1904 haud

67 1924 371 1978 desperandum
396 1938 488 1964 esse
513 1923 687 1964 facinus.
736 1939 802 1965 res
834 1924 950 1965 aliter
979 1925 1102 1980 longe
1134 1926 1281 1966 evenit.
1329 1942 1425 1966 nam

67 2001 149 2027 non
174 1986 253 2026 alio
279 1992 372 2026 ante
402 1985 510 2026 bello
540 1985 728 2026 infestior
752 1987 966 2028 Romanus
993 2012 1047 2017 -—
1072 1988 1174 2029 adeo
1204 1988 1300 2029 hinc
1330 2003 1427 2029 con-

67 2048 246 2089 tumeliis
284 2047 442 2097 hostes,
480 2047 575 2088 hine
613 2048 803 2089 consules
839 2064 955 2090 mora
991 2049 1337 2091 exacerbaverant
1373 2076 1426 2081 -

67 2110 269 2165 proelium
298 2109 400 2150 iniit.
456 2109 526 2150 vix
557 2110 790 2164 explicandi
821 2111 984 2152 ordines
1024 2111 1204 2166 spatium
1234 2112 1425 2153 Etruscis

65 2173 155 2222 fuit,
183 2187 288 2222 cum,
314 2173 408 2227 pilis
433 2172 539 2213 inter
556 2173 731 2227 primam
750 2174 1062 2228 trepidationem
1083 2174 1252 2216 abiectis
1274 2182 1425 2216 temere

66 2235 199 2290 magis
225 2250 349 2288 quam
370 2235 545 2284 emissis,
571 2250 712 2290 pugna
730 2235 813 2276 iam
831 2236 874 2276 in
892 2251 1052 2286 manus,
1078 2237 1161 2277 iam
1180 2237 1233 2278 ad
1251 2237 1426 2292 gladios,

66 2297 138 2337 ubi
161 2297 278 2338 Mars
304 2304 367 2338 est
391 2297 685 2346 atrocissimus,
711 2305 891 2339 venerat.
940 2298 1046 2339 inter
1070 2299 1269 2353 primores
1292 2314 1424 2354 genus

66 2358 244 2399 Fabium
273 2359 425 2414 insigni
456 2359 692 2413 spectaculo
725 2360 998 2415 exemploque
1029 2361 1188 2402 civibus
1226 2368 1324 2403 erat.
1375 2376 1427 2403 cx

66 2420 129 2461 his
157 2420 359 2473 Quintum
382 2421 561 2462 Fabium
586 2447 641 2451 —
666 2423 784 2463 tertio
809 2422 876 2463 hie
901 2438 1011 2464 anno
1042 2430 1135 2464 ante
1161 2424 1306 2465 consul
1323 2424 1426 2466 'fue-

67 2489 129 2523 rat
153 2508 219 2532 —‚
245 2483 473 2538 principem
497 2484 540 2524 in
565 2483 769 2525 confertos
796 2484 992 2526 Veientes
1019 2492 1197 2535 euntem,
1224 2486 1342 2527 ferox
1366 2486 1427 2527 vi-

66 2544 179 2585 ribus
206 2552 244 2585 et
270 2560 476 2586 armorum
501 2552 586 2587 arte
605 2546 770 2587 Tuscus
795 2547 1006 2588 incautum
1031 2548 1135 2589 inter
1160 2548 1310 2589 multas
1336 2563 1426 2589 ver-

68 2613 227 2647 santem
252 2607 433 2648 hostium
463 2623 610 2649 manus
636 2608 774 2664 gladio
804 2623 878 2663 per
906 2617 1050 2664 pectus
1083 2610 1305 2665 transfigit3
1344 2610 1424 2652 telo

67 2675 261 2718 extracto,
287 2684 486 2725 praeceps
510 2670 667 2712 Fabius
693 2671 736 2711 in
759 2671 910 2712 vulnus
936 2671 1050 2714 abiit.
1099 2673 1227 2714 sensit
1250 2679 1423 2726 utraque

67 2731 175 2772 acies
206 2732 328 2773 unius
360 2733 437 2773 viri
468 2747 610 2774 casum
648 2732 901 2788 cedebatque
932 2735 1027 2776 inde
1058 2734 1291 2785 Romanus,
1329 2734 1423 2777 cum

1458 760 1495 788 123

1456 1072 1494 1100 11

1455 1320 1494 1348 17)

1455 1445 1494 1473 10

1452 1940 1470 1969 ‘2

1451 2313 1470 2342 4

1451 2687 1468 2716 5
