1780 3204
172 721 206 761 F
210 726 428 761 acturusne
443 732 590 773 operae
605 718 780 772 pretitun
796 717 885 765 sim,
907 717 942 757 si
961 731 985 756 a
1003 715 1226 770 primordio
1245 714 1358 756 urbis
1378 728 1444 754 res

87 777 228 832 populi
246 776 425 817 Romani
442 773 763 839 perscripserim,
789 787 865 813 nec
885 772 983 814 satis
1005 772 1102 820 scio,
1127 785 1216 820 nec,
1244 771 1279 812 si
1304 770 1444 819 sciam,

88 834 222 874 dicere
248 833 394 880 ausim,
421 845 573 884 qmppe
598 830 668 882 qui
693 844 787 869 cum
811 836 991 869 veterem
1011 835 1098 868 tum
1117 827 1328 882 vulgatam
1354 841 1445 867 esse
1472 840 1489 855 0

88 905 175 931 rem
210 889 391 935 videam,
428 887 527 927 dum
561 900 658 926 now
695 899 857 938 semper
893 884 1112 938 scriptores
1150 890 1220 924 aut
1249 883 1291 923 in
1321 882 1444 923 rebus

90 946 239 987 certius
265 943 419 997 aliquid
456 942 652 983 allaturos
685 955 729 981 se
760 947 830 980 aut
861 939 1067 980 scribendi
1092 946 1178 979 arte
1208 939 1352 980 rudem
1377 952 1447 979 ve-

90 1008 284 1042 tustatem
309 1006 571 1054 superaturos
597 997 779 1038 credunt.
828 1003 1052 1048 utcumque
1078 996 1172 1044 erit,
1204 995 1362 1037 iuvabit
1387 1000 1448 1035 ta·
1475 1008 1491 1036 ι’

90 1073 183 1099 men
208 1071 345 1097 rerum
369 1064 580 1110 gestarum
604 1053 824 1094 memoriae
850 1052 1044 1106 principis
1076 1060 1274 1091 terrarum
1307 1050 1448 1105 populi

90 1129 162 1169 pro
187 1113 294 1153 virili
317 1118 431 1166 parte
457 1117 497 1151 et
519 1111 657 1164 ipsum
682 1108 957 1156 consuluisse,
991 1115 1029 1148 et
1056 1107 1091 1148 si
1114 1107 1157 1147 in
1183 1114 1295 1148 tanta
1321 1106 1448 1160 scrip-

89 1179 223 1211 torum
248 1168 367 1209 turba
391 1182 483 1207 mea
512 1166 624 1206 fama
648 1165 690 1205 in
715 1164 891 1206 obscuro
917 1164 986 1212 sit,
1023 1162 1235 1204 nobilitate
1260 1176 1307 1204 ac
1332 1177 1449 1216 mag—

88 1225 273 1267 nitudjne
304 1239 445 1264 eorum
476 1237 559 1271 me,
598 1222 668 1274 qui
698 1221 854 1261 nomini
885 1220 1067 1261 officient
1098 1234 1208 1267 meo,
1247 1218 1446 1259 consoler.

88 1296 152 1322 res
178 1288 241 1322 est
263 1288 474 1334 praeterea
499 1287 538 1319 et
562 1278 739 1318 inmensi
763 1277 918 1331 operis,
945 1284 990 1317 ut
1014 1291 1120 1329 quae
1147 1290 1271 1329 supra
1297 1275 1449 1329 septin-

88 1337 363 1393 gentesimum
389 1350 542 1376 annum
566 1341 774 1389 repetatur
798 1341 838 1373 et
862 1348 967 1386 quae
999 1332 1050 1373 ab
1077 1332 1238 1387 exiguis
1265 1332 1449 1386 profecta

87 1393 212 1435 initiis
238 1407 286 1433 eo
312 1392 501 1440 creverit,
533 1397 578 1431 ut
602 1391 685 1431 iam
710 1389 994 1445 magnitudine
1018 1389 1176 1430 laboret
1202 1404 1295 1437 sua,
1328 1398 1367 1430 ct
1391 1389 1449 1430 10-

88 1450 273 1505 gentium
298 1448 504 1503 plerisque
529 1447 640 1488 haud
665 1447 808 1487 dubito
834 1446 933 1499 quin
958 1446 1114 1500 primae
1145 1446 1325 1501 origines
1355 1460 1449 1500 pro-

89 1507 281 1558 ximaque
312 1503 538 1559 originibus
570 1503 707 1544 minus
738 1502 975 1557 praebitura
1005 1502 1228 1557 voluptatis
1261 1503 1341 1544 sint
1366 1501 1449 1542 fes-

90 1561 315 1603 tinantibus
341 1562 394 1601 ad
418 1561 521 1601 haec
545 1575 669 1608 nova,
701 1559 851 1613 quibus
878 1559 959 1599 iam
984 1559 1144 1613 pridem
1174 1558 1449 1614 praevalentis

90 1618 231 1673 populi
254 1618 362 1658 xires
395 1631 439 1657 se
469 1617 584 1671 ipsae
616 1616 849 1657 conficiunt.
900 1630 978 1670 ego
1010 1623 1151 1656 contra
1176 1616 1253 1656 1100
1285 1629 1449 1668 quoque
1476 1630 1488 1654 .-·

89 1674 240 1715 laboris
277 1673 506 1727 praemium
540 1680 698 1726 petam,
736 1679 781 1712 ut
818 1686 882 1711 me
919 1687 943 1712 a
979 1680 1204 1725 conspectu
1234 1672 1448 1718 malorum,

91 1745 196 1783 quae
220 1737 361 1770 nostra
385 1736 443 1769 tot
467 1743 540 1782 per
565 1743 693 1768 annos
714 1728 815 1768 vidit
834 1734 960 1776 aetas,
987 1728 1186 1781 tantisper
1205 1735 1325 1776 certe,
1352 1727 1449 1767 dum

91 1786 227 1840 prisca
250 1792 335 1825 tota
359 1785 429 1824 illa
457 1791 594 1824 mente
626 1791 785 1838 repeto,
824 1791 1006 1823 avertam
1038 1784 1170 1823 omnis
1203 1798 1349 1837 expers
1382 1797 1452 1822 cu-

92 1855 173 1889 rae,
200 1855 305 1893 quae
331 1840 546 1880 scribentis
572 1840 767 1888 animum,
794 1839 870 1879 etsi
895 1853 978 1879 non
1002 1839 1164 1880 flectere
1191 1854 1215 1879 a
1232 1853 1343 1886 vero,
1371 1838 1451 1878 sol-

93 1897 251 1938 licitum
275 1904 413 1936 tamen
438 1895 601 1936 efficere
626 1902 778 1949 posset.

179 1951 299 2004 Quae
325 1958 417 1992 ante
437 1951 643 1991 conditam
669 1951 976 1991 condendamve
1002 1950 1146 1991 urbem
1170 1951 1341 2005 poeticis
1366 1966 1452 1991 ma-

93 2009 158 2064 gis
184 2008 331 2048 decora
355 2006 507 2049 fabulis
532 2021 658 2060 quam
687 2007 932 2061 incorruptis
963 2021 1100 2047 rerum
1129 2014 1340 2062 gestarum
1366 2022 1452 2046 mo-

94 2064 299 2105 numentis
336 2063 568 2111 traduntur,
613 2077 661 2103 ea
702 2077 778 2103 nec
819 2062 1034 2103 adfirmare
1075 2077 1152 2103 nec
1187 2063 1373 2103 refellere
1410 2064 1452 2103 in

96 2121 231 2161 animo
258 2126 332 2160 est.
387 2119 507 2159 datur
530 2119 633 2159 haec
657 2119 776 2159 venia
800 2118 1044 2171 antiquitati,
1071 2126 1115 2159 ut
1139 2119 1352 2160 miscendo
1377 2119 1452 2159 hu-

93 2191 216 2217 mana
241 2175 390 2216 (livinis
414 2175 637 2229 primordia
660 2174 824 2215 urbium
849 2174 1088 2229 augustiora
1111 2174 1247 2224 faciat,
1275 2182 1314 2216 et
1333 2176 1367 2216 si
1387 2176 1452 2216 cui

95 2232 246 2286 populo
271 2232 392 2272 licere
418 2237 577 2285 oportet
601 2245 840 2271 consecrare
871 2231 1049 2286 origines
1082 2246 1178 2271 suas
1211 2238 1249 2271 et
1275 2232 1327 2272 ad
1351 2232 1451 2272 deos

95 2288 246 2328 referre
272 2294 477 2336 auctores,
515 2301 564 2328 ea
593 2286 690 2328 belli
719 2287 849 2341 gloria
880 2294 942 2328 est
971 2287 1123 2341 populo
1148 2287 1356 2337 Romano,
1393 2296 1450 2336 ut,

97 2358 190 2384 cum
217 2359 336 2384 suum
356 2343 659 2396 conditorisque
680 2344 743 2384 sui
761 2350 973 2397 parentem
992 2343 1171 2384 Martem
1190 2344 1451 2398 potissimum

97 2400 218 2448 ferat,
256 2406 338 2440 tam
364 2406 404 2439 et
427 2399 505 2440 hoc
530 2406 674 2454 gentes
699 2399 903 2440 humanae
927 2399 1135 2454 patiantur
1159 2414 1290 2453 aequo
1316 2400 1452 2441 animo

97 2470 221 2508 quam
245 2455 462 2509 imperium
486 2455 706 2509 patiuntur.

184 2510 269 2553 Sed
298 2511 401 2552 haec
432 2518 471 2552 et
500 2511 564 2552 his
596 2511 761 2560 similia,
801 2518 1022 2565 utcumque
1060 2513 1346 2554 animadversa
1383 2520 1451 2554 aut

97 2567 330 2608 existimata
355 2574 491 2616 erunt,
526 2567 628 2608 haut
668 2568 710 2608 in
735 2583 887 2622 magno
912 2569 1103 2621 equidem
1132 2584 1283 2623 ponam
1310 2570 1453 2611 discri-

96 2623 217 2672 mine,
244 2623 297 2664 ad
320 2623 390 2664 illa
414 2624 514 2664 mihi
530 2639 605 2678 pro
632 2638 676 2665 se
694 2624 869 2677 quisque
889 2626 1035 2665 acriter
1052 2625 1236 2666 intendat
1256 2626 1450 2676 animum,

97 2694 201 2733 quae
233 2680 335 2728 vita,
373 2680 444 2732 qui
475 2695 609 2720 mores
641 2680 809 2727 fuerint,
847 2695 919 2734 per
949 2695 1052 2733 quos
1083 2681 1193 2722 viros
1219 2682 1452 2736 quibusque

98 2735 253 2777 artibus
284 2736 395 2776 domi
425 2736 674 2789 militiaeque
707 2745 746 2777 et
775 2747 938 2790 partum
970 2744 1008 2777 et
1040 2746 1205 2780 auctum
1235 2739 1452 2794 imperium

1182 2805 1225 2837 1*

1475 729 1485 757 1

1478 1966 1495 1992 (5
