1780 3204
546 271 699 305 LIBER
724 271 818 316 1111,
844 271 874 305 5
895 272 924 305 6.
954 271 1151 315 [50445]
1447 262 1526 303 199

256 375 308 417 V.
346 375 538 428 Denique
563 382 700 415 utrum
726 375 891 415 tandem
916 375 1056 429 populi
1075 374 1251 415 Romani
1276 390 1327 415 an
1347 381 1527 416 vestrum

171 452 378 478 summum
402 436 621 490 imperium
646 437 732 478 est?
766 436 933 491 regibus
960 436 1112 477 exactis
1145 442 1281 476 utrum
1312 436 1429 478 vobis
1456 437 1528 478 do-

170 499 338 540 minatio
363 515 416 540 an
435 498 625 540 omnibus
646 513 778 552 aequa
795 499 961 539 libertas
983 505 1099 553 parta
1119 498 1205 539 est?
1230 505 1388 552 oportet
1405 499 1527 540 licere

169 560 321 616 populo
340 560 540 609 Romano,
569 561 603 601 si
623 560 732 610 velit,
758 560 898 601 iubere
917 560 1072 615 legem3
1099 575 1162 609 an,
1189 567 1234 600 ut
1253 574 1440 613 quaeque
1464 576 1528 602 ro-

169 623 280 678 gatio
305 622 565 677 promulgata
589 622 675 671 erit,
702 637 775 663 vos
802 622 996 662 dilectum
1020 636 1092 676 pro
1117 637 1251 676 poena
1275 622 1528 663 decernetis?

170 692 209 726 et
240 685 361 726 simul
392 700 470 740 ego
501 685 687 726 tribunus
725 676 872 726 vocare
909 684 1038 725 tribus
1075 685 1117 724 in
1154 684 1399 739 suffragium
1436 699 1528 726 coe-

173 762 289 802 pero,
328 754 372 787 tu
404 747 541 788 statim
573 747 716 788 consul
747 754 1002 788 sacramento
1032 747 1210 787 iuniores
1242 747 1385 801 adiges
1417 752 1457 787 et
1486 747 1527 786 in

173 816 307 850 eastra
331 808 481 849 educes
507 815 547 849 et
566 807 785 849 minaberis
804 807 927 863 plebi,
954 807 1176 848 minaberis
1202 807 1390 849 tribuno?
1415 808 1524 861 quid,
1553 824 1569 849 ;1

171 872 329 920 sinon,
367 877 567 924 quantum
591 871 694 911 istae
719 870 854 910 minae
885 870 1083 911 adversus
1115 869 1246 924 plebis
1280 885 1526 911 consensum

168 932 362 981 valerent,
389 932 452 973 bis
478 932 558 972 iam
585 932 741 986 experti
766 932 937 972 essetis?
968 932 1140 980 scilicet,
1167 931 1262 984 quia
1287 932 1405 973 nobis
1432 946 1528 973 con-

169 994 322 1035 sultum
347 993 565 1043 volebatis,
599 993 819 1034 certamine
844 992 1120 1043 abstinuistis3
1157 1008 1208 1033 an
1239 993 1332 1034 ideo
1357 1009 1439 1035 non
1465 1001 1526 1035 est

168 1056 419 1105 dimicatum,
446 1056 557 1108 quod
576 1069 681 1108 quae
699 1070 793 1109 pars
818 1055 984 1103 firmior,
1012 1055 1156 1095 eadem
1180 1055 1405 1096 modestior
1425 1055 1527 1096 fuit?

168 1132 244 1159 nec
279 1132 388 1158 nunc
424 1117 499 1158 erit
541 1125 763 1165 certamen,
809 1116 1003 1169 Quirites.
1065 1117 1224 1156 animos
1268 1123 1426 1157 vestros
1468 1117 1525 1157 illi

168 1179 426 1234 temptabunt
450 1193 623 1233 semper,
651 1179 756 1219 vires
776 1193 858 1219 non
878 1178 1150 1232 experientur.
1188 1178 1326 1230 itaque
1347 1178 1400 1218 ad
1418 1177 1525 1219 bella

165 1242 255 1291 ista,
284 1255 357 1281 seu
381 1240 487 1281 falsa
507 1254 579 1281 seu
597 1254 693 1280 vera
714 1246 820 1288 sunt,
848 1239 1051 1288 consules,
1078 1245 1220 1293 parata
1239 1238 1357 1280 vobis
1381 1239 1524 1294 plebes

166 1310 244 1350 cst,
278 1302 313 1342 si
338 1301 522 1342 conubiis
553 1301 722 1342 redditis
748 1316 872 1341 unam
897 1301 1004 1342 hanc
1035 1300 1241 1341 civitatem
1274 1302 1440 1342 tandem
1465 1302 1526 1343 fa-

165 1363 273 1412 citis,
307 1363 340 1403 si
366 1363 613 1412 coalescere,
647 1362 682 1403 si
705 1362 820 1418 iungi
845 1363 1090 1416 miscerique
1114 1362 1233 1403 vobis
1258 1363 1428 1417 privatis
1454 1379 1525 1404 ne—

164 1424 482 1466 cessitudinibus
509 1431 695 1479 possunt,
724 1425 758 1465 si
784 1440 898 1479 spes,
925 1425 959 1466 si
985 1425 1119 1465 aditus
1146 1425 1198 1465 ad
1223 1425 1399 1466 honores
1425 1426 1523 1466 viris

165 1487 339 1527 strenuis
365 1493 405 1526 et
429 1485 605 1528 fortibus
632 1487 768 1536 datur,
807 1487 841 1527 si
866 1487 908 1527 in
933 1487 1157 1536 consortio,
1195 1487 1230 1527 si
1254 1487 1297 1527 in
1329 1487 1523 1528 societate

162 1549 220 1589 rei
243 1548 433 1603 publicae
459 1563 568 1598 esse,
603 1549 653 1598 si,
687 1549 796 1602 quod
822 1563 977 1603 aequae
1002 1549 1202 1590 libertatis
1233 1557 1313 1599 est,
1346 1550 1523 1591 invicem

163 1611 308 1651 annuis
334 1610 643 1665 magistratibus
669 1625 811 1665 parere
831 1618 952 1664 atque
970 1611 1203 1665 imperitare
1223 1611 1329 1652 licet.
1369 1612 1402 1652 si
1421 1612 1524 1652 haec

163 1672 342 1727 inpediet
355 1672 514 1726 aliquis,
542 1672 644 1713 ferte
658 1672 916 1714 sermonibus
931 1679 971 1713 et
984 1673 1252 1727 multiplicate
1271 1673 1383 1714 sama
1396 1673 1521 1714 bella:

163 1748 283 1774 nemo
309 1741 371 1774 est
394 1749 545 1774 nornen
570 1734 758 1782 daturus,
785 1749 906 1775 nemo
931 1750 1045 1775 arma
1070 1741 1283 1789 capturus,
1317 1750 1437 1775 nemo
1463 1735 1523 1775 di-

165 1794 385 1834 micaturus
411 1810 484 1849 pro
510 1795 698 1849 superbis
723 1796 913 1845 dominis,
941 1810 1035 1836 cum
1061 1796 1211 1848 quibus
1231 1811 1306 1843 nec
1325 1796 1367 1836 in
1386 1811 1428 1837 re
1447 1811 1523 1851 pu-

164 1855 270 1896 blica
293 1856 496 1897 honorum
520 1871 596 1897 nec
620 1857 663 1897 in
685 1857 846 1911 privata
871 1857 1037 1898 conubii
1062 1858 1238 1898 societas
1264 1858 1351 1898 est.9

248 1916 324 1958 VI.
381 1917 490 1959 Cum
521 1919 563 1958 in
593 1919 824 1959 contionem
855 1925 896 1959 et
926 1919 1115 1960 consules
1146 1920 1447 1974 processissent
1483 1929 1521 1962 et

166 1993 229 2019 res
255 1994 279 2020 a
302 1980 510 2034 perpetuis
535 1980 786 2021 orationibus
812 1981 854 2021 in
878 1981 1185 2022 altercationem
1216 1983 1424 2032 vertisset,
1461 1983 1522 2024 in-

165 2042 388 2096 terroganti
412 2041 593 2091 tribuno,
620 2056 693 2082 cur
715 2042 922 2097 plebeium
948 2043 1159 2086 consulem
1184 2044 1272 2085 fieri
1296 2060 1378 2086 non
1403 2060 1522 2100 opor-

165 2109 284 2152 teret,
310 2110 354 2143 ut
379 2103 554 2144 fortasse
580 2118 692 2153 vere,
720 2104 778 2145 sic
802 2119 948 2159 parum
973 2105 1125 2146 utiliter
1149 2106 1190 2146 in
1214 2121 1410 2161 praesens
1436 2122 1521 2148 cer-

165 2171 301 2205 tamen
331 2166 559 2220 respondit,
598 2166 709 2219 quod
738 2181 858 2208 nemo
895 2167 1081 2222 plebeius
1118 2169 1302 2223 auspicia
1337 2169 1519 2219 haberet,

164 2226 337 2280 ideoque
363 2228 616 2270 decemviros
643 2229 863 2271 conubium
889 2230 1120 2281 diremisse,
1153 2246 1204 2271 ne
1229 2231 1383 2272 incerta
1407 2232 1520 2286 prole

1557 390 1567 417 l

1553 514 1570 542 2

1548 2124 1564 2150 Ιῦ

165 2288 347 2342 auspicia
376 2289 647 2332 turbarentur.
701 2291 843 2346 plebes
874 2293 927 2333 ad
957 2293 998 2333 id
1029 2294 1208 2334 maxime
1238 2293 1518 2349 indignatione
1546 2309 1563 2337 :3

164 2350 333 2400 exarsit,
371 2353 481 2405 quod
505 2353 709 2408 auspicari
733 2362 944 2408 tamquam
973 2356 1096 2397 invisi
1126 2357 1203 2398 diis
1233 2357 1518 2399 inmortalibus

164 2419 410 2467 negarentur
432 2429 568 2468 posse.
617 2431 693 2457 nec
718 2424 811 2458 ante
835 2417 927 2458 finis
954 2419 1261 2460 contentionum
1291 2419 1387 2469 fuit,
1425 2434 1518 2461 cum

163 2479 203 2513 et
238 2474 445 2516 tribunum
482 2477 724 2519 acerrimum
760 2485 969 2521 auctorem
1004 2480 1146 2535 plebes
1182 2487 1303 2522 nacta
1339 2488 1448 2523 esset
1478 2488 1518 2523 et

162 2534 252 2589 ipsa
277 2550 371 2577 cum
397 2552 444 2578 eo
467 2539 692 2592 pertinacia
715 2548 898 2591 certaret,
925 2556 1050 2596 quam
1068 2543 1166 2583 victi
1191 2543 1356 2584 tandem
1380 2549 1516 2598 patres

162 2603 206 2637 ut
236 2597 287 2638 de
318 2599 494 2641 conubio
525 2601 698 2643 ferretur
727 2617 988 2653 consensere,
1026 2605 1082 2646 ita
1106 2605 1284 2646 maxime
1315 2606 1390 2646 rati
1421 2620 1518 2647 con-
1543 2621 1561 2649 4

162 2660 384 2701 tentionem
415 2662 465 2703 de
495 2663 666 2717 plebeiis
699 2665 936 2707 consulibus
967 2665 1152 2708 tribunos
1184 2673 1254 2708 aut
1289 2674 1416 2709 totam
1446 2669 1516 2709 de-

162 2724 365 2776 posituros
402 2733 471 2766 aut
506 2733 598 2781 post
635 2726 787 2769 bellum
829 2728 1025 2770 dilaturos
1068 2744 1159 2772 esse
1201 2736 1514 2785 contentamque
