1835 3226
369 208 451 250 336
640 215 793 249 Lissfflz
820 214 889 259 VI,
915 213 1059 247 30—3‘2.
1087 214 1438 259 [amnem-317]

320 332 339 361 s
366 334 444 372 que
470 319 576 367 inde,
604 324 802 371 quantum
827 333 851 357 a
871 316 1048 366 Volscis,
1076 315 1171 366 fuit3
1197 316 1239 357 id
1264 317 1386 358 niodo
1412 325 1593 360 extremo
1618 334 1724 361 auno

321 521 337 546 υ

321 954 338 981 Ιὺ

366 380 677 428 tunmltuatum,
715 379 825 432 quod
850 378 1110 419 Praenestini
1141 378 1353 420 concitatis
1378 379 1622 421 Latinorum
1653 396 1726 436 po-

366 442 471 496 pulis
497 441 759 482 rebellarunt.

450 503 613 544 Eodem
638 517 745 543 anno
773 501 948 551 Setiam,
987 503 1088 556 ipsis
1120 502 1384 556 querentibus
1416 504 1628 558 penuriam
1653 505 1727 546 ho-

365 566 539 615 minum,
577 566 675 606 novi
706 565 840 607 coloni
870 565 1078 620 adscripti.
1133 564 1351 621 rebusque·
1371 566 1483 607 haud
1517 568 1725 622 prosperis

365 629 471 670 bello
498 628 724 670 domestica
748 629 878 682 quies,
905 642 1028 681 quam
1055 627 1310 669 tribunorum
1336 628 1511 669 militum
1537 643 1588 670 ex
1606 629 1726 684 plebe

364 691 495 747 gratia
521 691 798 744 maiestasque
823 691 928 731 inter
953 705 1049 731 suos
1076 690 1262 739 obtinuit,
1291 690 1489 731 solacium
1514 690 1605 732 fuit.

449 752 630 793 XXXI.
687 752 950 806 Insequentis
988 752 1084 793 anni
1113 752 1315 806 principia.
1351 753 1489 793 statim
1527 753 1726 794 seditione

364 815 519 870 ingenti
545 829 680 855 arsere
707 814 880 856 tribunis
906 814 1082 855 militum
1107 814 1311 855 consulari
1331 821 1533 869 potestate
1555 813 1628 869 Sp.
1642 814 1679 856 F
1682 830 1727 855 u-

366 878 443 926 rio,
478 876 530 929 Q.
559 875 735 918 Servilio
760 876 926 925 iterum,
959 877 1013 918 L.
1039 875 1237 917 Menenio
1262 877 1444 926 tertium,
1476 876 1525 918 P.
1555 876 1724 925 Cloelio,

366 939 425 979 M.
453 939 642 989 Horatio,
668 939 722 980 L.
751 937 954 994 Geganio.
1005 945 1090 979 erat
1115 945 1252 979 autem
1279 947 1318 979 et
1343 939 1513 980 materia
1538 945 1578 980 et
1602 953 1728 980 causa

367 1001 578 1042 seditionis
603 1016 672 1042 aes
699 1001 890 1047 alienum,
918 1001 1034 1042 euius
1060 1001 1258 1042 noscendi
1283 1001 1416 1055 gratia
1437 999 1509 1056 Sp.
1527 999 1726 1043 Servilius

365 1062 553 1112 Priscus,
588 1062 640 1115 Q.
670 1062 853 1104 Cloelius
882 1062 1048 1104 Siculus
1076 1077 1267 1104 censores
1294 1063 1411 1112 faeti,
1443 1078 1494 1104 ne
1519 1077 1606 1103 rem
1631 1077 1729 1117 age-

322 1140 339 1165 :3
366 1131 472 1174 rent,
510 1124 618 1165 bello
648 1125 819 1179 inpediti
851 1132 958 1166 sunt.
1014 1139 1192 1178 namque
1229 1125 1375 1179 trepidi
1413 1125 1544 1166 nuntii
1580 1125 1725 1180 primo,

320 1884 337 1913 6

329 2690 338 2716 1

365 1186 467 1242 fuga
497 1187 643 1227 deinde
676 1201 727 1227 ex
757 1187 867 1242 agris
899 1186 1082 1241 legiones
1109 1186 1358 1227 Volscorum
1390 1187 1599 1241 ingressas
1623 1187 1726 1227 fines

365 1248 633 1303 popularique
669 1249 826 1303 passim
862 1248 1097 1289 Romanum
1135 1263 1279 1303 agrum
1316 1248 1500 1288 attulere.
1566 1248 1610 1288 in
1645 1262 1727 1301 qua

367 1310 637 1365 trepidatione
669 1317 827 1351 tantum
859 1310 980 1359 afuit,
1019 1316 1061 1350 ut
1087 1310 1222 1350 civilia
1253 1310 1475 1350 certamina
1506 1316 1634 1350 terror
1658 1324 1727 1350 ex-

367 1381 504 1413 ternus
532 1372 757 1420 cohiberet,
792 1379 835 1412 ut
861 1379 1000 1413 contra
1026 1386 1074 1413 eo
1100 1372 1315 1412 violentior
1347 1378 1529 1425 potestas
1556 1371 1727 1412 tribuni-

367 1434 429 1475 cia
454 1435 701 1489 inpediendo
728 1435 879 1475 dilectu
905 1441 1031 1482 esset,
1070 1434 1200 1475 donee
1237 1433 1498 1475 condiciones
1523 1433 1725 1488 inpositae

365 1496 568 1550 patribus,
606 1512 657 1537 ne
683 1497 793 1550 quis,
833 1498 970 1550 quoad
995 1497 1190 1538 bellatum
1217 1504 1343 1547 esset,
1382 1497 1581 1539 tributum
1610 1498 1721 1538 daret

366 1567 435 1600 aut
465 1560 529 1600 ius
561 1561 611 1601 de
641 1561 817 1615 pecunia
850 1561 1003 1601 credita
1034 1561 1198 1615 diceret.
1260 1575 1308 1602 eo
1345 1561 1579 1601 laxamento
1615 1560 1725 1614 plebi

366 1629 529 1676 sumpto
566 1637 680 1663 mora
717 1622 883 1663 dilectui
919 1637 1001 1663 non
1043 1629 1105 1663 est
1146 1622 1269 1663 faeta.
1329 1621 1562 1677 legionibus
1606 1621 1723 1662 nox-is

365 1684 526 1738 scriptis
552 1684 704 1738 placuit
729 1685 832 1725 duos
858 1684 1060 1725 exercitus
1086 1684 1127 1723 in
1159 1699 1304 1738 agrum
1330 1683 1529 1725 Volscum
1555 1683 1726 1739 legioni-

365 1746 441 1787 bus
468 1746 610 1787 divisis
637 1747 749 1787 duci:
779 1745 850 1801 Sp.
873 1746 1036 1796 Furius,
1063 1745 1124 1786 M.
1152 1746 1353 1786 Horatius
1380 1746 1615 1786 dextrorsus
1642 1761 1728 1785 ma-

362 1808 554 1849 ritumam
581 1823 694 1849 oram
719 1815 841 1862 atque
860 1807 1050 1856 Antium,
1081 1807 1133 1860 Q.
1151 1806 1352 1849 Servilius
1379 1815 1418 1848 et
1442 1808 1495 1848 L.
1513 1805 1726 1862 Geganius

363 1871 481 1911 laeva
511 1870 564 1910 ad
594 1877 754 1911 montes
784 1870 981 1911 Ecetram
1012 1877 1202 1925 pergunt.
1269 1876 1413 1910 neutra
1446 1875 1562 1924 parte
1597 1869 1727 1910 hostis

364 1932 512 1974 obvius
539 1932 628 1973 fuit.
667 1933 878 1987 populatio
904 1933 1042 1986 itaque
1067 1947 1149 1972 non
1175 1932 1232 1973 illi
1260 1946 1392 1987 vagae
1419 1931 1576 1981 similis,
1603 1946 1727 1985 quam

365 1994 544 2035 Volscus
569 1994 770 2035 latrocinii
795 2010 927 2044 more,
961 1994 1190 2035 discordiae
1222 1994 1404 2034 hostium
1430 1994 1558 2035 fretus
1584 2001 1623 2034 et
1648 1994 1729 2034 vir-

364 2063 493 2097 tutem
517 2063 723 2106 metuens,
755 2072 829 2112 per
854 2057 1166 2112 trepidationem
1190 2056 1338 2110 raptim
1365 2055 1535 2105 fecerat,
1575 2056 1647 2096 sed
1673 2055 1725 2096 ab

364 2119 472 2159 iusto
498 2118 680 2159 exercitu
705 2118 814 2159 iusta
838 2119 898 2159 ira
922 2118 1031 2159 faeta
1057 2118 1189 2173 spatio
1218 2133 1380 2172 quoque
1414 2117 1608 2172 temporis
1633 2133 1728 2172 gra-

365 2181 464 2222 vior.
514 2181 668 2235 quippe
701 2196 724 2221 a
755 2180 921 2222 Volscis
954 2180 1212 2230 timentibus,
1249 2195 1299 2220 ne
1330 2180 1490 2220 interim
1522 2179 1724 2220 exercitus

365 2242 416 2283 ab
430 2243 566 2284 Roma
579 2243 719 2292 exiret,
746 2242 1001 2283 incursiones
1016 2242 1057 2282 in
1078 2249 1260 2283 extrema
1278 2242 1419 2282 finium
1439 2241 1574 2282 saetae
1593 2248 1725 2283 erant:

366 2305 555 2345 Romano
599 2311 740 2346 eontra
782 2304 904 2345 etiam
946 2305 987 2345 in
1029 2304 1188 2345 hostico
1230 2303 1417 2345 morandi
1460 2318 1586 2345 causa
1627 2314 1725 2353 crat,

366 2373 410 2407 ut
434 2367 596 2408 hostem
628 2367 680 2407 ad
711 2375 917 2408 certamen
947 2367 1123 2407 eliceret.
1178 2366 1315 2419 itaque
1347 2365 1539 2407 omnibus
1568 2366 1726 2420 passim

367 2429 482 2470 tectis
509 2444 703 2485 agrorum
729 2429 912 2483 vicisque
939 2429 1060 2470 etiam
1086 2428 1335 2482 quibusdam
1361 2427 1531 2478 exustis,
1556 2442 1638 2469 non
1663 2443 1728 2468 ar-

368 2491 463 2532 bore
488 2491 708 2547 frugifera,
748 2507 829 2532 non
861 2492 960 2533 satis
992 2491 1033 2531 in
1065 2505 1181 2546 spem
1208 2490 1375 2545 frugum
1405 2489 1576 2539 relictis,
1615 2489 1726 2530 omni

367 2568 470 2606 quae
497 2561 612 2595 extra
636 2554 799 2595 moenia
824 2554 901 2594 suit
926 2553 1139 2594 hominum
1163 2553 1452 2607 pecudumque
1476 2552 1630 2607 praeda
1655 2551 1727 2592 ab-

367 2623 469 2663 acta,
496 2615 673 2656 Romam
698 2616 902 2670 utrimque
928 2615 1131 2656 exercitus
1156 2614 1326 2655 reducti.

452 2677 655 2717 XXXII.
699 2677 836 2718 Parvo
862 2677 1077 2718 intervallo
1095 2676 1147 2718 ad
1166 2677 1450 2731 respirandum
1472 2675 1724 2717 debitoribus
