1835 3226
307 526 341 555 14

321 960 338 988 {0

320 1769 337 1791 t)

317 2258 336 2285 8

319 2444 336 2471 9

304 2629 339 2657 lo

368 158 452 199 544
722 163 874 197 LIBER
899 164 951 208 x,
977 163 1031 198 45.
1051 163 1105 197 46.
1135 166 1182 207 [a.
1197 175 1230 197 u.
1247 175 1275 198 c.
1288 165 1369 208 461]

370 267 602 321 eruptiones
633 266 813 307 hostium
843 273 1084 320 pugnatum.
1139 280 1214 307 nec
1244 266 1422 316 obsidio,
1460 268 1534 309 scd
1563 268 1715 311 bellum

370 343 420 369 ex
445 341 576 381 aequo
602 333 704 367 erat:
737 341 820 367 non
845 327 952 368 enim
978 327 1105 368 muris
1131 328 1263 383 magis
1290 343 1334 369 se
1361 327 1567 371 Samnites
1593 345 1716 384 quam

325 404 340 432 π
369 389 492 430 armis
523 402 570 429 ac
601 388 698 429 viris
729 389 893 430 moenia
923 388 1172 430 tutabantur.
1234 390 1399 430 tandem
1427 392 1651 446 pugnando
1675 394 1715 434 in

369 450 625 491 obsidionem
654 450 805 491 iustam
835 450 970 505 coegit
999 450 1139 491 hostes
1176 450 1483 505 obsidendoque
1519 453 1560 493 vi
1595 460 1716 507 atquc

369 511 560 566 operibus
592 510 735 552 urbem
773 511 1038 566 expugnavit.
1097 512 1236 565 itaque
1273 512 1324 553 ab
1360 513 1421 554 ira
1449 513 1543 568 plus
1580 515 1716 556 caedis

368 573 520 614 editum
547 579 666 627 capta
690 572 807 614 urbe:
836 580 993 627 septem
1013 573 1126 614 milia
1144 574 1430 630 quadringenti
1450 576 1571 625 caesi,
1598 586 1717 631 capta

367 635 502 675 minus
539 635 615 675 tria
650 634 762 675 milia
798 634 1022 676 hominum.
1081 636 1252 690 praeda,
1289 651 1393 689 quae
1428 637 1604 692 plurima
1638 639 1716 679 fuit

367 697 572 751 congestis
606 694 854 737 Samnitium
883 695 1006 738 rebus
1042 696 1085 737 in
1114 696 1235 738 urbes
1266 712 1438 752 paucas,
1475 699 1593 740 militi
1623 714 1718 741 con-

367 774 484 800 cessa
509 765 580 799 est.
1636 775 1641 779 “

450 819 721 861 XXXXVI.
769 819 897 862 Nives
922 821 1005 862 iam
1029 821 1167 863 omnia
1191 821 1457 876 oppleverant
1481 837 1556 864 nec
1581 823 1717 865 durari

366 889 480 924 extra
510 889 617 924 tecta
645 889 820 937 poterat:
856 883 996 937 itaque
1027 883 1171 925 consul
1202 884 1425 925 exercitum
1462 885 1513 926 de
1546 883 1715 927 Samnio

366 945 547 986 deduxit.
601 945 782 986 venienti
811 944 989 986 Romam
1025 945 1256 1000 triumphus
1294 946 1476 987 omnium
1513 961 1717 989 consensu

365 1014 427 1048 cst
451 1006 622 1047 delatus.
671 1006 936 1062 triumphavit
959 1007 1002 1047 in
1026 1007 1271 1062 magistratu
1295 1007 1459 1063 insigni,
1485 1014 1530 1049 ut
1553 1008 1714 1050 illorum

366 1076 595 1123 temporum
619 1068 783 1110 habitus
810 1075 907 1119 erat,
934 1069 1152 1124 triumpho.
1207 1070 1365 1124 pedites
1392 1070 1631 1125 equitesque
1656 1072 1717 1112 in-

367 1131 503 1186 signes
529 1131 646 1172 donis
672 1132 867 1173 transiere
899 1146 947 1173 ac
977 1132 1200 1173 transvecti
1231 1138 1342 1181 sunt3
1380 1132 1531 1174 multae
1562 1133 1715 1175 civicae

367 1208 538 1234 coronae
576 1193 831 1247 vallaresque
867 1208 914 1235 ac
951 1194 1129 1236 murales
1167 1201 1423 1249 eonspectae.
1489 1196 1716 1250 inspectata

366 1255 496 1309 spolia
518 1253 765 1297 Samnitium
791 1262 830 1296 et
854 1256 1000 1297 decore
1026 1271 1072 1296 ac
1097 1256 1398 1310 pulchritudine
1422 1257 1601 1311 paternis
1623 1272 1716 1312 spo-

364 1317 441 1366 liis,
468 1331 573 1370 quae
597 1323 694 1358 nota
717 1316 920 1370 frequenti
944 1317 1202 1371 publicorum
1221 1326 1366 1359 ornatu
1385 1319 1568 1360 locorum
1587 1326 1712 1367 erant,

364 1378 709 1434 conparabantur3
746 1378 904 1420 nobiles
935 1379 1089 1432 aliquot
1120 1379 1271 1433 captivi
1302 1379 1398 1420 clari
1425 1380 1508 1421 suis
1534 1387 1716 1434 patrum-

365 1455 443 1493 que
469 1440 587 1481 sactis
613 1440 743 1490 ducti3
775 1441 879 1482 aeris
905 1441 1042 1496 gravis
1068 1448 1249 1482 travecta
1273 1441 1426 1482 viciens
1453 1449 1615 1482 centum
1641 1443 1715 1482 1ni-

364 1502 418 1543 lia
443 1509 482 1542 et
507 1502 732 1557 quingenta
757 1502 924 1557 triginta
949 1503 1024 1543 tria
1049 1503 1161 1544 milia
1185 1529 1237 1533 —
1263 1503 1305 1543 id
1330 1518 1398 1544 aes
1430 1503 1638 1544 redactum
1665 1518 1714 1544 ex

365 1564 536 1618 captivis
568 1563 780 1604 dicebatur
810 1589 882 1613 —-,
921 1564 1078 1619 argenti
1109 1565 1221 1618 quod
1256 1572 1420 1619 captum
1457 1580 1508 1606 ex
1544 1565 1713 1606 urbibus

365 1632 466 1675 erat,
504 1625 642 1680 pondo
672 1624 782 1666 mille
814 1625 1050 1680 octingenta
1080 1626 1257 1680 triginta.
1308 1641 1428 1666 omne
1464 1641 1533 1668 aes
1570 1642 1715 1682 argen-

364 1695 531 1740 tumque
561 1687 604 1727 in
634 1687 834 1728 aerarium
866 1687 1094 1736 conditum,
1133 1687 1331 1729 militibus
1362 1688 1463 1728 nihil
1494 1689 1634 1729 datum
1665 1704 1714 1730 ex

326 1763 336 1770 ²
364 1749 515 1803 pracda
540 1755 613 1790 est.
663 1755 864 1803 auctaque
890 1764 938 1790 ea
962 1749 1117 1790 invidia
1142 1755 1204 1790 est
1229 1749 1282 1790 ad
1305 1749 1486 1804 plebem,
1514 1750 1624 1803 quod
1648 1751 1716 1791 tri-

364 1810 507 1852 butum
533 1811 655 1852 ctiam
679 1811 722 1851 in
747 1811 995 1865 stipendium
1020 1811 1193 1852 militum
1218 1811 1424 1852 conlatum
1449 1818 1522 1861 est,
1550 1826 1655 1862 cum,
1683 1813 1717 1854 si

364 1879 499 1927 spreta
523 1872 654 1927 gloria
677 1872 825 1914 suisset
850 1873 1035 1927 captivae
1054 1873 1252 1927 pecuniae
1271 1873 1313 1913 in
1333 1873 1535 1914 aerarium
1553 1873 1714 1923 inlatae,

362 1942 401 1975 et
425 1935 544 1975 militi
568 1943 655 1975 tum
680 1935 767 1976 dari
792 1950 843 1976 ex
872 1935 1025 1990 pracda
1055 1942 1094 1975 et
1126 1935 1374 1989 stipendium
1404 1935 1576 1976 militare
1600 1950 1717 1990 prac-

364 1997 461 2037 stari
490 1997 705 2051 potuisset.
760 1997 904 2038 aedem
936 1996 1099 2050 Quirini
1129 1997 1351 2047 dedicavit3
1388 2011 1511 2050 quam
1548 1997 1591 2037 in
1626 1997 1717 2052 ipsa

362 2059 623 2101 dimicatione
652 2065 791 2101 votam
821 2059 932 2114 apud
960 2059 1166 2100 neminem
1196 2065 1376 2100 veterem
1412 2065 1620 2100 auctorem
1656 2060 1716 2099 in-

362 2122 496 2171 venio,
521 2136 654 2175 neque
679 2122 843 2163 hercule
869 2128 953 2163 tam
978 2122 1129 2176 exiguo
1148 2128 1331 2176 tempore
1349 2121 1543 2176 perficere
1561 2121 1717 2175 potuis-

363 2190 436 2224 set.
473 2183 525 2225 ab
551 2184 746 2225 dictatore
770 2190 885 2239 patre
910 2190 1047 2225 votam
1071 2183 1179 2225 filius
1205 2183 1349 2225 consul
1373 2183 1576 2224 dedicavit
1600 2197 1716 2224 exor-

362 2246 555 2300 navitque
579 2246 760 2287 hostium
786 2245 946 2300 spoliis,
973 2260 1146 2299 quorum
1171 2252 1285 2286 tanta
1308 2245 1526 2286 multitudo
1550 2244 1646 2294 fuit,
1671 2252 1716 2285 ut

361 2323 445 2349 non
474 2308 671 2363 templum
702 2314 862 2349 tantum
891 2307 1108 2361 forumque
1138 2308 1187 2348 iis
1219 2315 1446 2356 ornaretur,
1485 2307 1558 2348 scd
1594 2306 1715 2348 sociis

363 2370 485 2411 ctiam
533 2370 770 2424 colonisque
817 2369 1015 2411 finitumis
1061 2370 1114 2410 ad
1161 2369 1406 2424 templorum
1453 2369 1715 2422 locorumque

362 2432 620 2485 publicorum
645 2438 834 2473 ornatum
858 2432 1147 2473 dividerentur.
1185 2431 1236 2472 ab
1261 2431 1468 2486 triumpho
1493 2431 1714 2472 exercitum

362 2494 405 2534 in
429 2509 575 2549 agrum
599 2494 845 2543 Vescinum,
872 2494 968 2548 quia
992 2494 1106 2549 regio
1132 2508 1180 2535 ea
1204 2493 1356 2535 infesta
1380 2493 1431 2534 ab
1460 2491 1712 2534 Samnitibus

364 2563 460 2605 erat,
487 2556 748 2598 hibernatum
773 2556 902 2596 duxit.

451 2617 560 2658 Inter
578 2618 678 2659 haec
701 2617 907 2659 Carvilius
927 2617 1071 2659 consul
1089 2618 1130 2658 in
1149 2617 1316 2658 Etruria
1335 2616 1519 2658 Troilum
1538 2614 1712 2670 primum
