1780 3204
495 216 649 250 LIBER*
676 216 802 261 vnn,
828 216 947 250 ἦρε.
977 219 1025 259 [a.
1042 215 1174 259 0314]
1427 208 1504 247 471

152 334 247 359 men
265 319 494 368 demittunt,
522 319 658 372 ibique
679 320 856 373 primum
877 326 1010 360 castra
1028 319 1069 359 in
1089 326 1354 374 conspectum
1382 319 1507 360 hosti-

152 383 230 423 bus
262 382 374 432 data,
407 382 553 423 deinde
584 382 744 423 levibus
775 382 940 437 proeliis
973 382 1156 436 equitum
1188 382 1350 436 saepius
1383 397 1506 435 quam
1533 391 1551 418 ὁ

154 445 337 498 peditum
363 445 565 497 utrimque
590 444 817 498 periculum
842 444 1016 484 factum:
1047 458 1123 484 nec
1149 450 1218 484 aut
1243 450 1413 484 eventus
1440 458 1508 484 eo-

155 522 241 546 rum
268 507 500 547 Romanum
528 513 598 546 aut
622 520 777 555 morae,
809 520 891 559 qua
920 505 1135 546 trahebant
1165 505 1336 555 bellum,
1368 506 1508 560 paeni-

154 568 276 609 tebat.
330 568 576 609 Samnitium
609 575 750 608 contra
780 567 953 609 (lucibus
986 576 1026 608 et
1050 568 1161 622 carpi
1190 568 1328 622 parvis
1360 567 1508 608 cotidie
1536 576 1553 604 6

155 630 314 670 damnis
341 638 380 670 et
407 644 618 671 senescere
645 630 838 670 dilatione
869 629 965 670 belli
996 629 1103 670 vires
1130 644 1228 670 suae
1254 629 1507 670 videbantur.

155 693 291 745 itaque
310 692 351 731 in
372 692 500 732 aciem
525 692 751 746 procedunt
779 691 983 744 equitibus
1003 691 1046 731 in
1064 705 1217 732 cornua
1242 691 1398 740 divisis,
1422 691 1510 745 qui-
1538 701 1553 728 7

156 755 233 795 bus
261 761 528 808 praeceptum
553 761 651 803 erat,
672 754 909 794 intentiores
936 754 988 794 ad
1012 760 1245 808 respectum
1270 760 1509 802 castrorum,

156 831 203 855 ne
235 831 316 869 qua
347 830 394 856 eo
426 816 487 855 vis
519 815 650 864 fieret,
684 830 808 868 quam
845 815 897 855 ad
933 815 1134 869 proelium
1167 821 1342 855 starent:
1380 815 1510 855 aciem

154 878 281 930 pediti
313 884 442 917 tutam
474 877 573 917 fore.
624 877 840 917 consulum
868 875 1077 931 Sulpicius
1108 877 1150 916 in
1175 877 1336 926 dextro,
1363 876 1511 917 Poete-
1536 884 1554 914 8

154 940 230 979 lius
256 940 299 979 in
323 939 440 979 laevo
466 953 592 979 cornu
618 939 858 979 consistunt.
903 939 1045 979 dextra
1064 953 1171 992 pars,
1193 953 1273 991 qua
1295 946 1332 979 ct
1350 937 1512 979 Samni-

154 1009 214 1041 tes
234 1001 334 1041 raris
361 1000 584 1048 ordinibus,
611 1006 682 1040 aut
707 1001 758 1040 ad
779 1000 1090 1041 circumeundos
1109 1000 1249 1041 hostes
1270 1008 1338 1040 aut
1363 1015 1413 1040 ne
1433 1001 1512 1054 ipsi

154 1063 472 1111 circumirentur,
494 1063 770 1111 constiterant,
791 1062 912 1102 latius
933 1061 1140 1115 patefacta
1161 1062 1283 1102 stetit.
1323 1062 1509 1110 sinistris,
1538 1072 1554 1099 ‘J

152 1131 437 1177 praeterquam
457 1124 568 1176 quod
593 1123 858 1164 confertiores
880 1129 1087 1171 steterant,
1109 1123 1322 1176 repentino
1342 1123 1512 1163 consilio

154 1185 325 1226 Poetelii
351 1186 528 1226 consulis
561 1185 723 1225 additae
748 1185 875 1233 vires,
908 1184 978 1236 qui
1010 1183 1276 1224 subsidiarias
1309 1184 1509 1233 cohortes.

153 1262 257 1300 quae
283 1248 465 1301 integrae
491 1247 543 1287 ad
568 1247 765 1301 longioris
791 1261 955 1300 pugnae
976 1260 1096 1286 casus
1121 1245 1448 1295 reservabantur,
1471 1246 1510 1286 in

152 1310 325 1363 primam
346 1309 474 1348 aciem
495 1308 701 1362 extemplo
721 1308 856 1348 emisit
881 1307 1166 1360 universisque
1192 1308 1353 1348 hostem
1378 1308 1510 1362 primo

152 1371 307 1424 impetu
331 1369 488 1410 viribus
514 1370 673 1424 inpulit.
718 1376 923 1410 commota
948 1369 1128 1424 pedestri
1153 1370 1239 1410 acie
1263 1368 1510 1411 Samnitium
1541 1382 1579 1410 11)

153 1446 277 1484 eques
309 1432 349 1472 in
381 1447 565 1487 pugnam
603 1432 798 1473 succedit.
852 1432 894 1472 in
929 1431 1039 1472 hunc
1076 1439 1311 1473 transverso
1348 1432 1512 1488 agmine

151 1494 255 1534 inter
280 1494 383 1534 duas
409 1494 516 1535 acies
544 1509 587 1535 se
613 1494 856 1534 inferentem
870 1494 1084 1535 Romanus
1111 1495 1316 1548 equitatus
1337 1495 1512 1535 concitat

152 1570 280 1608 equos
308 1556 507 1610 signaque
534 1563 573 1596 et
599 1556 763 1597 ordines
788 1556 975 1610 peditum
995 1563 1115 1609 atquc
1136 1556 1318 1608 equitum
1340 1556 1513 1596 confun-

152 1618 222 1666 dit,
238 1618 368 1658 donee
387 1618 621 1658 universam
641 1617 692 1658 ab
712 1633 760 1658 ea
777 1624 892 1672 parte
912 1618 1057 1658 avertit
1076 1618 1218 1658 aciem.
1256 1618 1298 1657 in
1317 1632 1365 1658 eo
1385 1632 1511 1658 cornu
1540 1630 1576 1658 11

153 1694 234 1719 non
246 1679 457 1719 Poetelius
484 1679 608 1728 solus,
631 1679 704 1719 sed
720 1678 929 1733 Sulpicius
956 1680 1080 1720 ctiam
1104 1679 1286 1719 hortator
1311 1679 1509 1729 adfuerat,

153 1748 319 1781 avectus
341 1740 392 1781 ab
413 1741 497 1781 suis
518 1741 703 1781 nondum
723 1741 1032 1782 conserentibus
1054 1756 1199 1781 manus
1219 1742 1271 1781 ad
1292 1741 1511 1782 clamorem

154 1817 177 1841 a
203 1802 367 1842 sinistra
391 1808 504 1855 parte
529 1803 643 1855 prius
670 1808 869 1842 exortum.
919 1803 1027 1842 unde
1053 1802 1164 1842 haud
1189 1802 1356 1843 dubiam
1382 1803 1511 1843 victo-
1542 1817 1577 1844 12

154 1863 256 1903 riam
281 1877 464 1911 cernens,
487 1877 580 1903 cum
606 1864 658 1903 ad
684 1879 803 1903 suum
830 1878 957 1904 cornu
982 1864 1165 1904 tenderet
1191 1878 1284 1904 cum
1304 1864 1413 1904 mille
1435 1865 1510 1904 du-

155 1925 282 1965 centis
308 1925 419 1974 viris,
440 1925 681 1966 dissimilem
700 1925 756 1965 ibi
775 1926 981 1966 fortunam
1001 1925 1167 1974 invenit,
1188 1926 1399 1967 Romanos
1420 1927 1510 1968 loco

155 1987 314 2041 pulsos,
353 1987 549 2027 victorem
584 1987 745 2027 hostem
783 1988 901 2042 signa
931 1988 970 2027 in
1006 1988 1217 2042 perculsos
1254 1988 1508 2029 inferentem.

156 2055 335 2089 ceterum
367 2049 504 2088 onmia
534 2049 709 2089 mutavit
744 2057 910 2103 repente
942 2049 1121 2090 consulis
1152 2050 1376 2091 adventus:
1413 2066 1508 2091 nam
1541 2063 1576 2091 13

156 2116 193 2150 et
220 2117 444 2164 conspectu
475 2111 591 2150 ducis
623 2111 802 2151 refectus
834 2111 1007 2151 militum
1039 2118 1101 2151 cst
1126 2111 1286 2151 animus
1313 2118 1352 2151 et
1377 2112 1508 2153 maius

155 2187 278 2224 quam
310 2186 382 2225 pro
408 2186 578 2211 numero
604 2172 802 2212 auxilium
828 2172 1077 2213 advenerant
1102 2172 1229 2214 fortes
1254 2173 1330 2213 viri
1355 2179 1394 2213 ct
1418 2188 1510 2228 par-

155 2234 206 2273 tis
233 2233 398 2273 alterius
423 2233 594 2273 victoria
618 2234 775 2281 audita,
808 2249 906 2274 mox
930 2235 1020 2275 wisa
1050 2234 1190 2283 etiam,
1221 2235 1422 2289 proelium
1447 2250 1510 2276 re-

157 2295 298 2335 stituit.
348 2302 431 2335 tota
456 2296 603 2335 deinde
633 2296 714 2336 iam
740 2296 903 2337 vincere
935 2297 1021 2337 acie
1046 2296 1259 2338 Romanus
1292 2303 1331 2337 et
1356 2297 1508 2338 omisso
1538 2313 1574 2340 14

157 2357 376 2397 certamine
403 2358 517 2397 caedi
549 2358 720 2412 capique
748 2357 974 2408 Sanmites,
1006 2359 1085 2399 nisi
1115 2360 1185 2412 qui
1210 2359 1507 2409 Maleventum,

157 2418 222 2458 cui
253 2433 361 2458 nunc
391 2419 484 2459 urbi
513 2419 799 2460 Beneventum
835 2435 985 2461 nomen
1016 2427 1096 2469 est,
1128 2421 1408 2476 perfugerunt.
1457 2422 1509 2462 ad

159 2481 321 2535 triginta
346 2481 458 2522 milia
484 2496 603 2523 caesa
629 2489 698 2522 aut
717 2489 836 2537 capta
852 2481 1098 2524 Samnitium
1123 2484 1331 2538 proditum
1355 2498 1510 2525 memo-

159 2543 239 2583 rIae
266 2549 339 2583 est.

241 2604 462 2645 XXVIII.
514 2604 717 2646 Consules
761 2607 928 2661 egregia
962 2607 1132 2648 victoria
1171 2614 1289 2662 parta
1323 2609 1507 2663 protinus
1538 2622 1550 2650 1

157 2667 251 2708 inde
277 2668 328 2709 ad
354 2668 586 2709 Bovianum
613 2670 934 2724 oppugnandum
959 2669 1142 2725 legiones
1168 2671 1339 2720 (lucunt3
1370 2670 1508 2724 ibique
1534 2684 1552 2712 2
