1835 3226
273 605 290 634 G

275 792 290 799 ‚-

277 803 285 820 ό

272 978 290 1005 ὅ

274 1162 290 1190 9

254 1471 293 1500 10

254 1595 290 1623 11

273 2028 292 2057 10

274 2340 291 2368 ΕΟ

317 296 399 337 262
671 299 826 334 LIBER
849 299 895 343 V,
923 300 974 333 10.
997 300 1049 333 11.
1079 302 1126 343 [a.
1141 311 1176 334 u.
1192 311 1221 335 ο.
1234 301 1317 345 353]

315 405 511 460 pendium
536 418 640 458 opus
667 409 770 452 erat,
797 417 926 456 eaque
947 402 1097 444 tributo
1118 403 1405 445 conferebatur
1422 405 1560 447 invitis
1581 421 1676 448 con-

317 465 559 515 ferentibus,
597 465 667 518 qui
697 464 809 505 domi
839 464 1123 515 remanebant,
1161 466 1258 519 quia
1288 466 1497 508 tuentibus
1535 467 1676 509 urbem

316 542 440 582 opera
470 541 634 581 quoque
664 526 829 567 militari
853 526 1124 567 laborandum
1151 528 1495 582 serviendumque
1520 529 1579 570 rei
1603 545 1678 584 pu-

316 590 446 631 blicae
477 595 574 630 erat.
630 588 732 630 haee
761 604 835 644 per
866 604 910 630 se
941 589 1096 644 gravia.
1145 590 1459 645 indignioraque
1491 598 1536 632 ut
1567 592 1679 632 vidc-

317 660 466 701 rentur,
494 651 645 693 tribuni
668 651 801 707 plebis
829 651 1034 693 seditiosis
1061 652 1321 694 contionibus
1341 649 1560 703 faciebant,
1586 654 1679 694 ideo

318 729 413 755 aera
442 714 639 755 militibus
666 714 889 755 constituta
914 728 1005 754 esse
1031 715 1261 769 arguendo,
1294 721 1338 755 ut
1363 715 1496 770 plebis
1521 722 1679 770 partem

319 777 481 825 militia,
513 783 672 831 partem
703 776 854 817 tributo
886 777 1145 818 conficerent.
1194 793 1321 818 unum
1349 778 1500 819 bellum
1527 793 1680 818 annum

315 839 397 879 iam
422 838 586 879 tertium
611 838 715 879 trahi
742 846 781 879 et
807 839 995 880 consulto
1021 839 1127 880 male
1149 840 1256 894 geri,
1283 850 1328 881 ut
1347 840 1500 880 diutius
1521 846 1678 895 gerant.

316 900 357 940 in
389 906 581 953 quattuor
611 900 758 941 deinde
789 899 898 941 bella
926 915 1009 942 uno
1035 901 1186 942 dilectu
1212 902 1415 943 exercitus
1443 901 1616 956 scriptos
1641 907 1681 942 et

317 977 466 1016 pueros
498 977 662 1016 quoque
694 977 742 1003 ae
774 977 892 1004 senes
925 969 1142 1004 extractos.
1191 963 1274 1004 iam
1305 978 1388 1004 non
1413 963 1579 1005 aestatis
1604 977 1681 1003 nee

316 1024 463 1065 hiemis
501 1025 722 1066 discrimen
759 1040 869 1074 esse,
911 1040 964 1066 ne
1000 1025 1085 1066 ulla
1121 1026 1237 1079 quies
1274 1041 1471 1079 umquam
1507 1025 1680 1066 miserae

316 1086 428 1140 plebi
454 1086 523 1136 sit,
550 1102 655 1140 quae
680 1101 790 1128 nune
816 1088 938 1128 etiam
964 1088 1178 1143 vectigalis
1204 1089 1255 1129 ad
1275 1088 1465 1128 ultimum
1486 1088 1596 1128 facta
1616 1086 1679 1136 sit,

317 1155 362 1188 ut
387 1163 479 1188 cum
505 1149 695 1190 confecta
719 1149 878 1199 labore,
905 1150 1164 1200 vulneribus,
1196 1157 1405 1205 postremo
1431 1155 1562 1191 aetate
1595 1163 1683 1190 cor-

318 1224 419 1264 pora
449 1210 677 1251 rettulerint
708 1211 942 1264 incultaque
975 1212 1112 1252 onmia
1143 1213 1301 1253 diutino
1326 1212 1586 1253 dominorum
1611 1211 1682 1251 de-

319 1272 467 1313 siderio
498 1273 609 1313 domi
639 1273 886 1322 invenerint,
924 1273 1121 1314 tributum
1153 1289 1204 1315 ex
1235 1274 1464 1315 adfectare
1490 1272 1681 1313 familiari

317 1334 497 1388 pendant
516 1348 691 1388 aeraque
711 1335 900 1375 militaria
918 1335 1030 1375 velut
1056 1336 1221 1377 faenore
1246 1342 1415 1390 accepta
1441 1333 1681 1389 multiplicia

318 1396 376 1436 rei
399 1395 589 1450 publicae
615 1396 800 1437 reddant.

404 1458 517 1499 Inter
547 1458 741 1499 dilectum
774 1458 1055 1513 tributumque
1087 1469 1126 1500 et
1157 1466 1378 1514 occupatos
1411 1459 1569 1500 animos
1595 1473 1681 1498 ma-

317 1520 449 1560 iorum
486 1535 623 1561 rerum
662 1520 769 1561 curis
809 1521 984 1562 comitiis
1022 1521 1277 1563 tribunorum
1313 1521 1445 1576 plebis
1484 1534 1679 1561 numerus

319 1581 473 1635 expleri
503 1582 656 1635 nequit.
705 1590 935 1637 pugnatum
968 1589 1030 1624 cst
1060 1583 1173 1633 inde,
1205 1584 1246 1624 in
1271 1583 1361 1625 loca
1385 1599 1516 1624 vacua
1541 1590 1585 1622 ut
1609 1597 1682 1636 pa-

319 1643 423 1683 tricii
448 1650 748 1698 cooptarentur.
798 1652 1020 1698 postquam
1046 1645 1219 1686 obtineri
1239 1661 1321 1687 non
1340 1652 1517 1700 poterat,
1545 1652 1681 1685 tamen

317 1704 629 1746 labefactandae
676 1706 780 1761 legis
824 1706 1056 1748 Treboniae
1105 1722 1230 1748 causa
1272 1708 1465 1749 effectum
1508 1714 1588 1756 cst,
1637 1713 1681 1746 ut

319 1774 607 1821 cooptarentur
643 1767 794 1808 tribuni
830 1768 963 1822 plebis
1003 1768 1052 1809 C.
1088 1769 1291 1810 Lacerius
1330 1776 1369 1810 ct
1404 1770 1465 1810 M.
1502 1769 1680 1810 Acutius

317 1828 429 1869 haud
454 1829 577 1870 dubie
602 1830 865 1884 patriciorum
892 1830 1052 1885 opibus.

401 1890 485 1931 XI.
523 1891 628 1932 Fors
649 1891 705 1932 ita
724 1892 834 1941 tulit,
861 1900 905 1933 ut
930 1907 978 1934 eo
999 1908 1106 1934 anno
1127 1892 1314 1934 tribunus
1333 1892 1466 1948 plebis
1489 1892 1566 1934 Cn.
1581 1892 1683 1933 Tre-

317 1952 465 1993 bonius
486 1959 606 2003 esset,
634 1953 704 2007 qui
724 1954 880 1995 nomini
895 1969 942 1995 ae
956 1954 1136 1996 familiae
1151 1955 1335 1996 debitum
1349 1962 1557 2010 praestare
1570 1955 1682 1995 vide-

316 2021 429 2055 retur
442 2014 674 2056 Treboniae
689 2015 793 2071 legis
807 2017 1094 2070 patrocinium.
1131 2018 1187 2067 is,
1207 2018 1317 2071 quod
1330 2018 1530 2072 petissent
1544 2023 1681 2071 patres

318 2077 528 2130 quondam
552 2077 686 2132 primo
712 2078 876 2134 incepto
901 2079 1073 2134 repulsi,
1105 2086 1243 2120 tamen
1263 2079 1466 2133 (tribunos
1486 2078 1681 2133 militum)

317 2153 581 2194 expugnasse
605 2140 857 2190 vociferans,
884 2140 1020 2196 legem
1045 2141 1296 2183 Treboniam
1322 2141 1525 2183 sublatam
1551 2147 1591 2181 et
1615 2155 1682 2181 co-

318 2208 479 2256 optatos
504 2202 691 2245 tribunos
716 2203 850 2257 plebis
875 2219 957 2245 non
984 2204 1192 2260 suffragiis
1217 2204 1376 2259 populi,
1413 2204 1484 2244 sed
1509 2202 1681 2257 imperio

316 2264 598 2318 patriciorum,
626 2279 674 2305 eo
694 2265 850 2306 revolvi
868 2281 974 2316 rem,
1001 2273 1044 2307 ut
1065 2274 1133 2307 aut
1152 2266 1312 2321 patricii
1331 2273 1401 2307 aut
1419 2264 1681 2321 patriciorum

318 2326 537 2368 adseculae
562 2327 742 2369 habendi
768 2327 920 2369 tribuni
943 2329 1076 2384 plebis
1104 2329 1202 2377 sint,
1232 2329 1331 2383 eripi
1353 2336 1532 2370 sacratas
1552 2327 1680 2384 legeS,

318 2389 552 2443 extorqueri
582 2389 843 2431 tribuniciam
868 2398 1135 2445 potestatem,
1167 2392 1209 2432 id
1233 2392 1378 2432 fraude
1403 2391 1679 2445 patriciorum,

318 2450 470 2492 scelere
496 2466 544 2492 ae
568 2452 798 2507 proditione
825 2452 1077 2508 collegarum
1101 2453 1258 2495 factum
1284 2468 1468 2509 arguere.

405 2512 513 2554 Cum
540 2514 729 2555 arderent
752 2514 909 2555 invidia
932 2530 1014 2556 non
1039 2522 1176 2570 patres
1202 2516 1342 2565 modo,
1371 2516 1443 2556 sed
1469 2515 1591 2556 etiarn
1610 2515 1680 2556 tri-

318 2573 416 2614 buni
446 2575 578 2629 plebis
611 2576 790 2630 cooptati
820 2577 972 2631 pariter
1002 2583 1042 2617 et
1073 2578 1143 2631 qui
1175 2584 1484 2633 cooptaverant,
1517 2584 1602 2618 tum
1628 2591 1678 2616 ex

319 2636 492 2691 collegio
518 2643 619 2688 tres,
646 2637 695 2679 P.
718 2637 933 2688 Curatius,
958 2639 1021 2680 M.
1035 2639 1241 2689 Metilius,
1267 2639 1329 2681 M.
1343 2639 1572 2687 Minucius,
1599 2644 1678 2678 tre-

318 2697 403 2749 pidi
427 2713 562 2739 rerum
589 2715 775 2750 suarum,
801 2701 844 2741 in
864 2699 1058 2757 Sergium
1072 2701 1399 2757 Verginiumque
1418 2699 1562 2754 prioris
1581 2698 1676 2739 anni

320 2758 503 2801 tribunos
534 2762 730 2804 militares
762 2763 992 2814 incurrunt,
1023 2764 1065 2804 in
1090 2778 1159 2805 eos
1185 2763 1237 2804 ab
1264 2778 1308 2804 se
1332 2763 1432 2802 iram
1458 2759 1589 2815 plebis
1615 2760 1676 2800 in-
