1780 3204
378 255 531 289 LIBER
556 255 590 298 1,
616 255 670 288 22.
691 254 747 289 23.
777 257 824 297 [a.
841 252 880 288 e.
897 253 1090 297 715-640]
1362 243 1415 284 ‘25

57 362 191 403 facere
227 367 372 408 testes,
410 366 500 399 uter
530 359 642 413 prius
679 357 856 412 populus
892 371 957 398 res
994 363 1223 411 repetentes
1255 357 1413 412 legatos

56 428 297 477 aspernatus
323 420 542 469 dimiserit,
582 426 627 460 ut
657 420 699 459 in
730 434 825 460 eum
851 433 992 460 omnes
1019 425 1212 473 expetant
1243 418 1414 460 huiusce
1457 445 1467 451 -

59 485 196 525 clades
222 482 344 524 belli?

140 544 319 586 XXIII.
373 544 493 585 Haec
528 543 718 584 nuntiant
755 543 924 584 domum
960 541 1127 583 Albani.
1184 550 1224 583 et
1258 542 1413 583 bellum

56 608 259 660 utrimque
291 622 453 647 summa
483 620 560 660 ope
590 605 829 660 parabatur,
867 604 976 645 civili
1008 604 1261 645 simillimum
1292 605 1414 655 bello,

54 684 182 724 prope
212 670 318 710 inter
346 674 536 723 parentes
567 674 786 720 natosque,
825 666 1047 708 Troianam
1078 673 1293 721 utramque
1322 683 1416 723 pro-

55 732 154 780 lem,
188 745 281 771 cum
306 730 531 771 Lavinium
562 729 614 770 ab
640 729 784 778 Troia,
817 729 868 770 ab
894 729 1074 769 Lavinio
1099 728 1230 779 Alba,
1262 729 1314 771 ab
1339 729 1416 770 Al-

54 793 257 834 banorum
288 792 413 846 stirpe
449 806 595 846 regum
631 791 793 831 oriundi
822 790 1001 830 Romani
1038 797 1187 831 essent.
1243 798 1414 832 eventus

55 862 191 894 tamen
217 853 315 894 belli
339 853 474 893 minus
506 851 783 892 miserabilem
814 852 1119 892 dimicationem
1150 852 1268 901 fecit,
1305 854 1416 906 quod

55 931 131 956 nec
156 916 244 956 acie
268 921 465 956 certatum
492 920 554 954 est
588 920 628 954 et
657 913 773 954 tectis
793 913 916 954 modo
937 913 1080 954 dirutis
1101 913 1267 955 alterius
1296 913 1409 954 urbis

54 979 135 1019 duo
160 977 302 1032 populi
326 977 369 1016 in
392 991 519 1016 unum
545 974 708 1015 confusi
734 981 840 1015 sunt.
889 973 1048 1015 Albani
1072 975 1229 1028 priores
1255 975 1413 1030 ingenti

55 1040 237 1080 exercitu
266 1039 308 1079 in
339 1052 484 1092 agrum
508 1037 745 1077 Romanum
775 1036 976 1090 impetum
1000 1036 1148 1077 fecere.
1198 1044 1333 1077 castra
1363 1037 1414 1077 ab

54 1102 154 1142 urbe
186 1101 297 1142 haud
326 1101 420 1155 plus
445 1099 626 1152 quinque
658 1098 770 1139 milia
799 1113 971 1152 passum
1001 1098 1156 1147 locant,
1193 1098 1309 1139 fossa
1339 1099 1415 1139 cir-

54 1164 266 1204 cumdant:
299 1162 413 1203 fossa
438 1160 590 1202 Cluilia
620 1159 671 1201 ab
697 1160 862 1201 nomine
893 1159 1010 1200 ducis
1041 1173 1115 1214 per
1145 1160 1301 1213 aliquot
1327 1174 1416 1200 sae-

54 1226 145 1266 cula
170 1224 375 1278 appellata
400 1229 474 1272 est,
501 1223 632 1263 donec
657 1237 752 1262 cum
777 1237 820 1263 re
845 1236 997 1263 nomen
1021 1236 1186 1275 quoque
1211 1228 1415 1263 vetustate

54 1287 244 1328 abolevit.
299 1286 341 1326 in
372 1285 435 1326 his
467 1284 612 1326 castris
640 1283 837 1333 Cluilius,
874 1283 1068 1325 Albanus
1099 1298 1191 1333 rex,
1230 1284 1413 1333 moritur,

53 1350 292 1390 dictatorem
316 1347 472 1388 Albani
496 1346 692 1398 Mettium
716 1346 930 1387 Fufetium
955 1352 1107 1387 creant.

137 1410 307 1452 Interim
332 1409 479 1450 Tullus
505 1409 624 1450 ferox
648 1408 869 1463 praecipue
899 1415 1030 1449 morte
1061 1408 1171 1463 regis
1198 1423 1416 1464 magnum-

53 1488 132 1527 que
157 1473 328 1514 deorum
352 1487 518 1521 numen,
545 1471 596 1513 ab
616 1471 708 1526 ipso
731 1472 863 1527 capite
883 1487 1036 1521 orsum,
1063 1472 1105 1512 in
1124 1487 1244 1513 omne
1265 1487 1416 1513 nomen

53 1535 266 1576 Albanum
302 1535 578 1589 expetiturum
614 1549 769 1588 poenas
807 1533 860 1575 ob
896 1533 1052 1575 bellum
1089 1534 1262 1588 impium
1299 1534 1416 1575 dicti-

54 1606 164 1647 tans,
200 1603 319 1637 nocte
344 1596 573 1651 praeteritis
599 1596 781 1637 hostium
812 1596 958 1637 castris
984 1596 1136 1637 infesto
1168 1596 1350 1637 exercitu
1374 1596 1416 1636 in

55 1675 199 1714 agrum
224 1658 438 1700 Albanum
468 1659 615 1713 pergit.
672 1673 721 1699 ea
750 1673 816 1700 res
848 1658 899 1699 ab
932 1658 1092 1699 stativis
1125 1659 1276 1699 excivit
1306 1657 1416 1698 Met-

55 1721 169 1761 tium.
218 1721 331 1761 ducit
355 1735 479 1774 quam
503 1735 703 1775 proxume
729 1721 782 1761 ad
805 1720 968 1761 hostem
991 1726 1140 1789 potest.
1184 1721 1279 1761 inde
1304 1719 1416 1774 lega-

56 1790 144 1822 tum
173 1782 446 1836 praemissum
477 1782 666 1822 nuntiare
699 1782 822 1823 Tullo
858 1781 989 1831 iubet,
1026 1782 1267 1835 priusquam
1298 1781 1417 1821 dimi-

57 1850 166 1892 cent,
204 1857 308 1905 opus
333 1857 425 1884 esse
451 1843 672 1897 colloquio
663 1875 673 1893 ‚
712 1844 747 1884 si
773 1858 913 1884 secum
939 1857 1187 1897 congressus
1215 1843 1285 1891 sit,
1318 1843 1416 1884 satis

58 1905 162 1945 scire
188 1920 237 1945 ea
263 1919 307 1945 se
346 1904 585 1954 allaturum,
623 1919 729 1958 quae
754 1904 881 1945 nihilo
906 1905 1043 1945 minus
1069 1904 1122 1945 ad
1152 1919 1239 1945 rem
1263 1904 1417 1945 Roma-

56 1982 152 2007 nam
177 1981 301 2020 quam
326 1967 378 2007 ad
397 1966 606 2007 Albanam
630 1966 870 2020 peltineant.
914 1967 1026 2006 haud
1052 1973 1294 2021 aspernatus
1315 1966 1415 2007 Tul-

57 2029 133 2078 lus,
154 2028 318 2069 tametsi
341 2043 448 2068 vana
473 2028 623 2068 adferri
647 2027 824 2078 rebatur,
850 2029 893 2068 in
917 2028 1048 2070 aciem
1073 2029 1222 2070 educit.
1266 2036 1417 2069 exeunt

58 2097 200 2131 contra
225 2096 264 2130 et
287 2089 455 2130 Albani.

141 2152 371 2222 Postquam
397 2152 540 2193 structi
566 2152 769 2205 utrimque
802 2152 984 2202 stabant,
1023 2167 1117 2193 cum
1147 2153 1290 2207 paucis
1322 2167 1417 2207 pro-

59 2229 198 2255 cerum
222 2215 265 2254 in
288 2214 471 2255 medium
495 2214 621 2255 duces
646 2215 862 2269 prodeunt.
905 2214 963 2256 ibi
987 2215 1075 2255 infit
1093 2214 1304 2256 Albanus·
1339 2215 1416 2255 ‘in-

58 2277 182 2317 iurias
209 2283 249 2317 et
273 2292 355 2317 non
378 2277 559 2317 redditas
585 2291 670 2326 ies,
703 2292 754 2317 ex
779 2277 944 2318 foedere
969 2292 1074 2330 quae
1099 2277 1295 2331 repetitae
1321 2277 1414 2326 sint,

59 2347 98 2379 et
123 2353 199 2393 ego
224 2354 364 2394 regem
388 2345 575 2380 nostrum
596 2338 794 2380 Cluilium
818 2353 987 2380 causam
1011 2339 1183 2380 huiusce
1209 2354 1300 2380 esse
1320 2339 1416 2380 belli

58 2401 224 2441 audisse
249 2401 392 2441 videor
414 2415 490 2441 nec
515 2406 554 2441 te
580 2400 741 2450 dubito,
769 2401 907 2450 Tulle,
940 2401 1084 2442 eadem
1109 2415 1207 2454 prae
1232 2407 1271 2441 te
1296 2401 1413 2442 ferre.

59 2462 132 2502 scd
158 2462 192 2502 si
217 2477 313 2502 vera
338 2463 472 2516 potius
498 2477 622 2522 quam
648 2462 761 2511 dictu
786 2463 975 2517 speciosa
1000 2463 1175 2503 dicenda
1199 2469 1312 2512 sunt,
1346 2477 1415 2503 cu-

57 2525 154 2578 pido
185 2524 345 2579 imperii
375 2525 478 2566 duos
511 2531 707 2580 cognatos
738 2525 977 2578 vicinosque
1008 2525 1183 2579 populos
1215 2525 1267 2565 ad
1303 2540 1415 2565 arma

1441 806 1459 834 [Ο

1443 2231 1458 2259 «1

59 2586 252 2627 stimulat.
301 2601 434 2640 neque
459 2593 567 2627 recte
593 2602 646 2627 an
670 2601 884 2641 perperam
908 2587 1163 2641 interpretor,
1189 2586 1312 2627 fuerit
1335 2586 1414 2627 ista
1440 2604 1458 2631 ὅ

58 2649 146 2689 eius
171 2648 423 2699 deliberatio,
449 2649 520 2702 qui
544 2648 699 2690 bellum
726 2649 919 2704 suscepit.
962 2663 1029 2689 me
1053 2647 1210 2689 Albani
1233 2649 1414 2704 gerendo

59 2711 165 2752 bello
196 2712 341 2753 ducem
375 2726 576 2753 creavere.
633 2713 732 2753 illud
769 2719 826 2761 te,
866 2712 1004 2760 Tulle,
1043 2712 1240 2753 monitum
1271 2712 1413 2753 velim:
