1835 3226
244 512 280 540 15

245 636 280 663 lv

264 944 281 971 Ιύ

267 1873 282 1899 *Ι

253 2490 289 2518 10

309 203 391 244 534
614 207 767 241 LIBER
790 207 842 250 X,
869 207 989 241 30:37.
1019 210 1066 250 [a.
1081 220 1115 242 u.
1131 219 1160 242 c.
1174 208 1250 242 460.
1266 209 1348 253 4⁴51]

308 313 556 364 colonosque
581 316 722 364 captos
749 318 929 364 agerent,
956 310 997 350 in
1023 310 1220 351 victorem
1244 311 1429 352 incidunt
1449 315 1658 357 consulem

307 374 358 414 ab
384 372 562 413 Luceria
586 372 844 420 redeuntem3
875 385 950 412 nce
974 371 1170 426 praedam
1196 372 1329 413 solum
1354 374 1561 424 amittunt,
1589 377 1662 417 sed

306 435 385 489 ipsi
414 434 539 489 longo
571 440 692 486 atque
722 433 904 487 inpedito
942 434 1106 488 agmine
1141 434 1386 489 inconpositi
1423 437 1660 479 caeduntur.

307 496 450 538 consul
474 496 756 536 Interamnam
782 495 914 537 edicto
939 495 1115 536 dominis
1142 496 1194 537 ad
1218 511 1283 538 res
1311 512 1406 538 suas
1432 500 1662 541 noscendas

306 558 642 613 recipiendasque
666 557 867 598 revocatis
894 564 933 598 et
958 558 1139 598 exercitu
1162 557 1220 599 ibi
1243 558 1383 600 relicto
1408 561 1662 602 comitiorum

307 636 432 662 causa
456 620 633 661 Romam
659 626 720 660 est
745 619 967 674 profectus.
1017 619 1083 660 cui
1114 620 1164 660 de
1190 620 1399 675 triumpho
1431 623 1568 677 agenti
1592 637 1662 663 ne-

307 689 427 737 gatus
452 681 582 723 honos
609 687 649 722 et
673 680 725 722 ob
751 681 903 722 amissa
929 687 988 722 tot
1011 681 1124 722 milia
1148 681 1322 722 militum
1343 690 1381 723 et
1402 683 1512 736 quod
1537 685 1665 739 eapti-

307 759 381 785 vos
408 743 496 784 sine
520 743 709 797 pactione
736 742 812 784 sub
838 743 981 797 iugum
1007 743 1200 784 misisset.

390 804 638 846 XXXVII.
690 804 848 846 Consul
874 805 975 845 alter
998 804 1257 854 Postumius,
1284 806 1379 858 quia
1402 806 1445 846 in
1471 804 1665 848 Samniti-

306 868 383 909 bus
409 867 579 908 materia
603 867 699 908 belli
725 867 875 915 deerat,
901 866 1111 908 Etruriam
1130 868 1367 908 transducto
1387 869 1566 910 exercitu
1583 871 1666 924 pri-

308 944 421 970 mum
439 935 749 983 pervastaverat
762 928 1067 970 Volsiniensem
1086 944 1244 983 agrum,
1271 929 1363 970 dein
1378 945 1471 971 curn
1486 933 1664 985 egressis

307 992 359 1032 ad
383 992 557 1033 tuendos
582 991 686 1032 fines
712 991 823 1032 haud
842 991 984 1045 procul
1003 990 1218 1032 moenibus
1238 991 1422 1045 ipsorum
1440 992 1663 1047 depugnat.

307 1054 388 1095 duo
419 1053 530 1094 milia
562 1068 609 1094 ac
641 1053 806 1094 ducenti
834 1053 1109 1094 Etruscorum
1140 1053 1266 1102 caesi,
1306 1060 1463 1094 eeteros
1499 1055 1665 1109 propin-

307 1115 440 1169 quitas
473 1115 583 1156 urbis
616 1122 746 1156 tutata
776 1122 850 1156 est.
900 1116 942 1156 in
973 1115 1243 1156 Rusellanum
1282 1131 1427 1170 agrum
1463 1117 1665 1158 exercitus

308 1177 532 1226 traductus,
557 1176 615 1217 ibi
641 1193 722 1218 non
748 1178 836 1232 agri
861 1184 1019 1218 tantum
1044 1179 1206 1227 vastati,
1234 1179 1307 1219 sed
1327 1178 1524 1233 oppidum
1544 1179 1666 1220 etiam

308 1247 610 1294 expugnatum,
651 1248 769 1294 capta
800 1240 975 1294 amplius
1007 1240 1088 1280 (luo
1119 1240 1232 1280 milia
1263 1240 1494 1290 hominum,
1531 1241 1665 1282 minus

308 1301 389 1342 duo
415 1301 527 1341 milia
552 1301 659 1341 circa
684 1316 821 1342 muros
849 1316 980 1342 caesa.
1018 1316 1099 1355 pax
1125 1308 1262 1342 tamen
1287 1302 1432 1342 clarior
1455 1303 1666 1355 maiorque

309 1378 431 1416 quam
457 1363 609 1404 bellum
634 1363 677 1403 in
695 1363 862 1404 Etruria
886 1378 933 1404 eo
959 1378 1066 1404 anno
1092 1363 1223 1404 fuerat
1249 1371 1365 1418 parta
1390 1371 1469 1404 est:
1496 1371 1576 1404 tres
1598 1379 1667 1404 va-

308 1424 532 1465 lidissimae
558 1424 694 1474 urbes,
720 1424 911 1465 Etruriae
937 1424 1083 1478 capita,
1111 1424 1302 1474 Vulsinii,
1330 1425 1513 1475 Perusia,
1540 1425 1667 1466 Arre-

310 1486 429 1533 tium,
455 1500 600 1540 pacem
625 1486 777 1540 petiere
787 1503 797 1536 3
836 1494 875 1527 et
900 1487 1154 1528 vestimentis
1180 1488 1353 1528 militum
1379 1488 1666 1541 frumentoque

308 1547 416 1602 pacti
441 1561 535 1588 cum
560 1548 739 1597 consule,
766 1555 811 1588 ut
836 1548 939 1588 mitti
964 1548 1141 1588 Romam
1171 1557 1349 1590 oratores
1375 1550 1525 1599 liceret,
1551 1550 1669 1590 indu-

309 1611 385 1651 tias
411 1610 453 1650 in
477 1610 751 1665 quadraginta
777 1625 906 1651 annos
933 1610 1265 1664 impetraverunt.
1313 1611 1441 1651 multa
1473 1626 1668 1666 praesens

309 1672 580 1726 quingentum
606 1672 764 1712 milium
791 1672 896 1713 aeris
922 1672 964 1712 in
990 1672 1174 1727 singulas
1201 1673 1386 1713 civitates
1413 1673 1602 1727 inposita.

395 1733 465 1775 Ob
491 1734 616 1775 hasce
641 1748 706 1775 res
732 1741 872 1789 gestas
899 1733 1043 1774 consul
1070 1748 1163 1774 eum
1184 1734 1436 1789 triumphum
1455 1734 1506 1775 ab
1527 1741 1669 1775 senatu

310 1796 433 1837 moris
459 1796 592 1851 magis
619 1811 745 1837 eausa
770 1811 894 1849 quam
921 1811 994 1850 spe
1025 1796 1271 1850 impetrandi
1295 1797 1467 1851 petisset
1497 1797 1671 1838 videret-

310 1872 388 1910 que
408 1857 522 1907 alios‚
550 1859 660 1911 quod
680 1852 834 1898 tartlius
855 1857 906 1899 ab
927 1857 1028 1898 urbe
1048 1857 1213 1907 exisset,
1240 1858 1354 1908 alios,
1381 1858 1493 1912 quod
1511 1858 1671 1900 iniussu

311 1926 476 1960 senatus
514 1935 565 1961 ex
598 1919 769 1961 Samnio
806 1920 847 1960 in
877 1920 1088 1960 Etruriam
1125 1920 1357 1969 transisset,
1394 1921 1542 1975 partim
1573 1935 1670 1962 suos

310 1982 513 2031 inimicos,
550 1983 698 2036 partim
736 1982 918 2037 collegae
956 1982 1110 2023 amieos
1149 1982 1201 2023 ad
1238 1982 1436 2023 solacium
1473 1989 1670 2036 aequatae

310 2044 498 2098 repulsae
524 2044 603 2086 sibi
627 2059 789 2099 quoque
815 2059 966 2100 negare
992 2044 1263 2099 triumphum:
1303 2048 1404 2085 ‘non
1429 2045 1515 2094 ita,'
1539 2045 1672 2098 inquit

313 2110 466 2160 ‘patres
487 2107 718 2161 conscripti,
746 2114 906 2148 vestrae
926 2107 1150 2147 maiestatis
1170 2107 1406 2155 meminero,
1433 2113 1477 2146 ut
1492 2121 1556 2147 me
1576 2121 1672 2147 eon-

312 2168 441 2208 sulem
462 2184 553 2209 csse
573 2169 805 2210 obliviscar.
843 2169 989 2210 codem
1008 2169 1095 2209 iure
1114 2169 1286 2223 imperii,
1314 2183 1395 2222 quo
1414 2168 1523 2209 bella
1542 2169 1667 2224 gessi,

312 2230 428 2272 bellis
454 2231 633 2272 feliciter
651 2232 792 2287 gestis,
823 2230 993 2273 Samnio
1020 2237 1141 2285 atque
1166 2231 1334 2272 Etruria
1359 2230 1559 2280 subactis,
1586 2231 1670 2271 vic-

313 2292 415 2333 toria
439 2300 476 2333 ct
503 2308 604 2347 pace
629 2300 746 2348 parta
767 2292 1052 2348 triumphabo?
1088 2293 1145 2334 ita
1166 2300 1351 2334 senatum
1371 2293 1545 2346 reliquit.
1577 2292 1672 2332 inde

312 2353 417 2394 inter
453 2354 637 2396 tribunos
668 2355 801 2410 plebis
839 2355 1043 2396 eontentio
1081 2362 1186 2395 orta:
1231 2370 1325 2410 pars
1361 2355 1670 2403 intercessuros,

314 2431 362 2455 110
389 2431 494 2457 novo
520 2417 709 2471 exemplo
736 2417 1018 2471 triumpharet,
1045 2417 1192 2466 aiebat,
1219 2432 1327 2472 pars,
1354 2416 1506 2457 auxilio
1532 2431 1575 2457 se
1600 2415 1671 2456 ad-

316 2493 458 2519 versus
491 2479 670 2534 collegas
702 2479 970 2533 triumphanti
1001 2479 1175 2519 futuros.
1232 2479 1383 2519 iactata
1412 2493 1476 2519 res
1513 2477 1565 2518 ad
1599 2492 1672 2532 po-

314 2540 457 2592 pulum
483 2548 562 2590 est,
601 2548 854 2594 vocatusque
887 2556 935 2582 eo
961 2541 1103 2582 consul
1135 2556 1227 2581 cum
1254 2541 1315 2581 M.
1341 2541 1580 2589 Horatium,
1616 2539 1668 2579 L.

316 2600 526 2643 Valerium
552 2603 760 2652 consules,
801 2601 953 2643 Gaium
978 2602 1183 2643 Marcium
1209 2603 1395 2644 Rutilum
1421 2617 1568 2656 nuper,
1599 2615 1670 2654 pa-

317 2669 417 2702 trem
431 2663 530 2712 cius,
557 2665 627 2717 qui
641 2672 736 2706 tunc
752 2679 897 2705 censor
917 2672 1037 2714 essct,
1065 2679 1146 2705 non
1161 2679 1211 2705 ex
1231 2664 1470 2706 auctoritate
1491 2669 1667 2709 senatus,
