1780 3204
407 292 560 327 LIBER
584 291 677 336 1111,
703 291 757 325 20.
777 291 831 324 21.
860 293 906 334 [a.
922 289 1170 334 c.437-435]
1382 281 1464 321 213

116 401 181 441 trii
204 398 335 446 Iovis,
367 411 491 450 quam
521 401 722 436 vetustate
753 394 954 449 dilapsam
986 393 1146 442 refecit,
1185 408 1228 434 se
1259 394 1394 447 ipsum
1424 393 1466 433 in

116 462 282 503 thorace
316 459 441 500 linteo
478 458 674 512 seriptum
703 457 854 513 legisse
884 456 1110 505 audissem,
1147 469 1273 510 prope
1305 454 1467 495 saerile-

117 524 231 579 gium
254 528 366 563 ratus
393 535 501 569 sum,
535 519 669 560 Cosso
695 519 915 574 spoliorum
942 533 1109 559 suorum
1136 516 1376 565 Caesarem,
1407 516 1468 571 ip-

118 586 203 626 sius
229 583 370 638 templi
394 590 618 630 auctorem,
652 581 890 623 subtrahere
915 587 1073 621 testem.
1121 580 1192 633 qui
1217 580 1251 621 si
1276 594 1324 620 ea
1353 579 1395 619 in
1425 594 1468 620 re

119 647 170 688 sit
195 661 316 695 error,
349 645 459 698 quod
483 651 567 685 tam
590 650 747 684 veteres
773 643 940 684 annales
967 642 1158 696 quodque
1183 642 1468 696 magistratum

118 709 211 750 libri
240 705 467 763 quos[que]
499 707 646 747 linteos
678 706 721 746 in
751 706 851 748 aede
881 704 1081 759 repositos
1106 703 1301 744 Monetae
1326 703 1470 744 Macer

118 770 306 811 Licinius
344 770 440 810 citat
475 768 697 809 identidem
732 774 937 816 auctores,
977 766 1149 820 septimo
1180 772 1274 819 post
1303 766 1469 806 demum

119 847 225 873 anno
251 847 344 873 cum
370 831 419 872 Τ.
447 830 640 884 Quinctio
665 829 809 870 Penno
834 828 888 869 A.
911 828 1149 870 Cornelium
1170 828 1350 869 Cossum
1375 842 1471 868 con-

120 894 251 936 sulem
280 893 477 942 habeant,
513 892 759 934 existimatio
785 891 1011 932 communis
1037 889 1226 931 omnibus
1252 896 1326 930 est.
1375 904 1470 929 nam

119 957 242 997 etiam
271 956 373 996 illud
403 955 577 1004 accedit,
614 969 666 994 ne
697 960 781 994 tam
813 953 922 994 clara
951 968 1092 1008 pugna
1121 953 1164 992 in
1195 967 1288 992 eum
1319 965 1471 992 annum

119 1017 330 1059 transferri
353 1024 510 1072 posset,
537 1017 647 1070 quod
670 1015 819 1056 inbelle
844 1015 1062 1055 triennium
1088 1014 1216 1055 ferme
1241 1012 1473 1068 pestilentia

119 1079 338 1134 inopiaque
363 1078 530 1133 frugum
556 1078 663 1118 circa
683 1076 736 1117 A.
758 1075 997 1117 Cornelium
1017 1075 1228 1116 consulem
1248 1074 1343 1123 fuit,
1370 1074 1472 1114 adeo

118 1148 164 1182 ut
188 1141 356 1194 quidam
381 1140 549 1181 annales
574 1139 685 1179 velut
710 1138 864 1178 funesti
887 1137 989 1178 nihil
1011 1144 1172 1191 praeter
1191 1135 1357 1176 nomina
1376 1149 1473 1175 con-

120 1202 254 1244 sulum
281 1207 518 1257 suggerant.
555 1200 698 1240 tertius
724 1199 775 1240 ab
802 1198 1018 1239 consulatu
1038 1197 1162 1238 Cossi
1187 1212 1319 1238 annus
1346 1195 1473 1236 tribu-

118 1280 215 1305 num
247 1278 340 1304 eum
365 1263 540 1303 militum
565 1261 770 1303 consulari
795 1266 996 1315 potestate
1021 1259 1163 1308 habet,
1196 1259 1340 1300 eodem
1367 1273 1473 1299 anno

118 1326 360 1380 magistrum
380 1325 581 1378 equitum,
608 1338 689 1377 quo
708 1323 750 1363 in
769 1323 940 1377 imperio
966 1321 1134 1362 alteram
1159 1321 1364 1376 insignem
1390 1320 1475 1361 edi-

117 1388 175 1428 dit
198 1402 382 1442 pugnam
407 1393 652 1440 equestrem.
703 1400 751 1426 ea
775 1385 903 1426 libera
928 1384 1161 1426 coniectura
1187 1392 1261 1424 est.
1312 1383 1403 1432 sed,
1429 1390 1472 1423 ut

117 1465 194 1506 ego
220 1449 410 1498 arbitror,
443 1465 549 1490 vana
573 1464 736 1490 versare
761 1449 803 1490 in
828 1463 970 1490 omnes
996 1448 1209 1503 opiniones
1235 1447 1347 1496 lieet,
1381 1461 1474 1487 cum

118 1519 260 1553 auctor
288 1526 453 1566 pugnae
477 1511 710 1552 recentibus
737 1511 879 1566 spoliis
904 1511 1087 1551 in'saera
1114 1510 1210 1551 sede
1237 1509 1382 1564 positis
1407 1508 1475 1549 Io-

117 1589 209 1615 vem
234 1588 360 1628 prope
385 1574 540 1628 ipsum,
574 1574 640 1614 cui
664 1581 758 1614 vota
785 1579 917 1623 erant,
950 1572 1259 1625 Romulumque
1296 1572 1473 1619 intuens,

120 1636 219 1677 haut
245 1636 497 1690 spernendos
524 1635 620 1676 falsi
644 1635 751 1676 tituli
775 1642 920 1685 testes,
954 1649 997 1676 se
1024 1634 1077 1674 A.
1106 1633 1345 1675 Cornelium
1372 1632 1476 1673 Cos-

120 1713 210 1739 sum
236 1698 446 1738 consulem
474 1697 692 1753 scripserit.

203 1758 335 1799 XXI.
383 1758 445 1800 M.
474 1758 666 1800 Cornelio
696 1759 1006 1814 Maluginense,
1039 1759 1092 1798 L.
1124 1757 1290 1811 Papirio
1323 1755 1477 1796 Crasso

121 1820 357 1861 consulibus
378 1821 580 1863 exercitus
599 1821 640 1862 in
660 1836 805 1876 agrum
819 1821 1036 1862 Veientem
1057 1835 1103 1860 ac
1122 1819 1333 1860 Faliscum
1352 1817 1476 1865 ducti,

120 1882 296 1937 praedae
334 1882 502 1923 abactae
537 1883 751 1924 hominum
785 1896 1074 1937 pecorumque.
1124 1881 1254 1922 hostis
1290 1880 1332 1920 in
1369 1879 1478 1933 agris

122 1959 327 1998 nusquam
368 1944 559 1985 inventus
601 1959 734 1998 neque
777 1944 990 1999 pugnandi
1026 1944 1144 1998 copia
1178 1943 1299 1984 facta.
1354 1941 1478 1982 urbes

124 2014 261 2046 tamen
285 2021 368 2047 non
393 2006 672 2062 obpugnatae,
705 2006 802 2060 quia
826 2006 1059 2061 pestilentia
1084 2005 1283 2060 populum
1314 2003 1476 2044 invasit.

125 2074 165 2109 et
201 2068 420 2109 seditiones
460 2069 572 2109 domi
607 2069 816 2122 quaesitae
856 2075 951 2109 sunt
986 2083 1061 2108 nec
1093 2074 1227 2108 motae
1258 2074 1397 2107 tamen
1426 2063 1477 2105 ab

127 2129 200 2186 Sp.
225 2129 380 2171 Maelio
411 2130 574 2171 tribuno
603 2130 755 2184 plebis,
793 2130 864 2184 qui
893 2130 1034 2171 favore
1065 2129 1241 2170 nominis
1273 2135 1479 2168 moturum

126 2207 169 2234 se
195 2192 348 2246 aliquid
372 2199 484 2233 ratus
511 2200 550 2233 et
567 2191 752 2233 Minucio
778 2193 886 2233 diem
911 2192 1070 2233 dixerat
1094 2198 1132 2232 et
1154 2190 1409 2245 rogationem
1429 2189 1479 2229 de

124 2253 382 2309 publicandis
408 2254 526 2295 bonis
554 2253 703 2296 Servili
721 2253 883 2295 Ahalae
908 2253 1072 2303 tulerat,
1099 2253 1215 2294 falsis
1242 2250 1478 2293 criminibus

125 2331 149 2357 a
173 2315 358 2357 Minucio
384 2316 706 2356 circumventum
731 2315 931 2357 Maelium
957 2330 1154 2371 arguens,
1188 2314 1364 2357 Servilio
1389 2327 1480 2354 cae-

126 2378 221 2418 dem
246 2377 346 2418 civis
371 2377 595 2418 indemnati
625 2377 817 2419 obiciens.
865 2393 970 2432 quae
1001 2378 1168 2418 vaniora
1199 2377 1251 2418 ad
1280 2375 1479 2431 populum

125 2440 216 2494 ipso
235 2446 400 2480 auctore
419 2440 546 2481 fuere.
585 2446 763 2481 ceterum
783 2441 916 2495 magis
942 2441 1004 2481 vis
1029 2439 1162 2481 morbi
1186 2440 1478 2495 ingravescens

126 2516 247 2542 curae
278 2508 364 2542 erat
394 2508 648 2555 terroresque
674 2517 721 2543 ac
744 2502 953 2557 prodigia,
985 2502 1164 2543 maxime
1190 2501 1301 2555 quod
1326 2499 1478 2541 crebris

126 2563 305 2604 motibus
331 2571 460 2605 terrae
484 2579 601 2605 ruere
626 2564 669 2604 in
693 2565 802 2620 agris
822 2564 1115 2605 nuntiabantur
1133 2570 1252 2606 tecta.
1290 2562 1480 2604 obsecra-

126 2625 182 2666 tio
206 2626 344 2679 itaque
369 2641 393 2666 a
417 2626 568 2680 populo
593 2627 820 2667 duumviris
845 2626 1137 2681 praeeuntibus
1163 2633 1226 2667 est
1250 2625 1371 2666 facta.

1503 1211 1540 1237 1⁴¹

1506 1396 1514 1423 l
1530 1397 1535 1422 l

1504 1891 1522 1919 10

1505 2078 1522 2107 ΩΟ

210 2686 473 2731 Pestilentior
496 2689 591 2729 inde
617 2704 747 2730 annus
775 2688 824 2730 C.
850 2688 956 2729 Iulio
980 2688 1129 2729 iterum
1154 2694 1194 2729 et
1211 2686 1479 2742 L.Verginio
1506 2699 1523 2728 6

127 2749 364 2791 consulibus
390 2757 547 2791 tantum
575 2758 728 2792 metum
753 2751 956 2795 vastitatis
976 2750 1017 2792 in
1037 2749 1137 2792 urbe
1158 2750 1350 2806 agrisque
1370 2748 1478 2799 fecit,
