1780 3204
519 292 672 327 LIBER
697 293 769 337 ΙΠ,
797 294 848 327 17.
865 295 916 327 is.
946 292 1143 337 [aromo]
1429 286 1505 326 141

149 405 255 439 trum
281 396 495 452 plebisque
521 404 601 446 est,
636 396 844 445 eonsules,
878 396 1082 446 tribunos,
1115 397 1214 438 deos
1240 397 1508 451 hominesque

147 474 290 500 omnes
316 465 494 500 armatos
515 473 635 513 opem
654 459 772 507 ferre,
799 459 840 498 in
862 457 1112 512 Capitolium
1138 473 1311 508 currere,
1337 459 1508 500 liberare

149 537 195 563 ac
220 536 368 576 pacare
399 522 737 577 augustissimam
767 521 879 562 illam
911 521 1080 562 domum
1105 521 1218 562 Iovis
1250 522 1393 576 optimi
1423 538 1509 563 ma-

148 583 249 623 ximi
274 583 436 623 decuit?
472 583 649 624 Romule
675 589 808 637 pater,
841 589 885 623 tu
910 589 1088 623 mentem
1116 589 1246 632 tuam,
1273 598 1355 636 qua
1379 598 1509 636 quon-

149 646 243 685 dam
275 659 410 685 arcem
441 644 492 686 ab
523 645 586 686 his
616 645 749 686 isdem
782 643 949 686 Sabinis
982 660 1081 686 auro
1112 653 1274 700 captam
1304 646 1506 700 recepisti,

149 708 202 747 da
233 707 347 761 stirpi
378 713 484 747 tuae.
533 706 629 747 iube
664 706 770 747 hanc
806 707 966 761 ingredi
1004 707 1130 756 viam,
1168 722 1292 761 quam
1329 715 1374 748 tu
1410 708 1506 755 dux,

149 783 272 821 quam
297 775 393 809 tuus
418 769 631 824 ingressus
658 769 860 810 exercitus
888 776 961 810 est.
999 769 1155 823 primus
1182 784 1233 810 en
1253 784 1330 824 ego
1350 770 1506 815 consul,

148 838 347 884 quantum
366 831 548 872 mortalis
569 831 692 871 deum
713 845 897 885 possum,
925 838 963 871 te
983 846 1031 872 ac
1050 838 1121 872 tua
1142 832 1315 887 vestigia
1335 831 1507 885 sequar?

148 892 336 933 ultimum
362 893 555 934 orationis
575 893 664 942 fuit,
692 907 736 933 se
756 908 868 933 arma
889 907 1046 947 capere,
1073 908 1221 934 vocare
1240 908 1383 935 omnes
1405 893 1508 946 Qui·
1537 910 1550 936 .-

147 955 243 995 rites
259 955 310 995 ad
325 970 456 1004 arma3
483 954 518 995 si
531 955 601 1007 qui
613 955 806 1009 inpediat,
834 955 916 995 iam
931 970 974 995 se
993 955 1218 996 consularis
1232 955 1404 1010 imperii,
1424 956 1507 995 iam

149 1016 388 1057 tribuniciae
413 1017 626 1071 potestatis
654 1023 986 1070 sacratarumque
1011 1017 1151 1072 legum
1176 1017 1367 1066 oblitum,
1395 1017 1507 1070 quis-

146 1080 238 1132 quis
252 1079 319 1120 ille
334 1080 397 1129 sit,
412 1080 659 1133 ubicumque
675 1081 738 1128 sit,
754 1080 794 1120 in
805 1079 1024 1134 Capitolio,
1039 1080 1083 1120 in
1097 1080 1199 1129 foro,
1215 1095 1289 1134 pro
1303 1080 1420 1121 hoste
1435 1080 1507 1119 ha-

148 1142 338 1183 biturum.
376 1141 561 1183 iuberent
581 1141 745 1190 tribuni,
772 1142 966 1195 quoniam
986 1142 1029 1181 in
1043 1141 1230 1195 Appium
1245 1142 1505 1182 Herdonium

146 1211 346 1253 vetarent,
384 1204 427 1244 in
450 1204 499 1245 P.
527 1203 738 1244 Valerium
764 1204 974 1244 consulem
1002 1204 1108 1243 sumi
1140 1219 1272 1253 arma;
1310 1218 1506 1244 ausurum

146 1280 189 1306 se
214 1266 256 1306 in
282 1265 472 1313 tribunis,
500 1265 610 1318 quod
634 1265 824 1319 princeps
850 1264 1029 1305 familiae
1058 1279 1156 1305 suae
1182 1280 1307 1306 ausus
1334 1266 1375 1305 in
1400 1266 1507 1320 regi-

145 1327 220 1368 bus
247 1334 367 1368 esset.
405 1327 489 1367 vim
515 1327 699 1367 ultimam
725 1326 951 1381 apparebat
977 1326 1159 1368 futuram
1187 1328 1504 1382 spectaculoque
1532 1343 1537 1367 ε

143 1389 384 1429 seditionem
409 1388 641 1429 Romanam
672 1388 861 1430 hostibus
894 1389 1002 1430 fore:
1040 1404 1116 1430 nec
1148 1389 1216 1430 lex
1246 1397 1384 1430 tamen
1409 1389 1505 1430 ferri

142 1466 217 1492 nee
241 1451 299 1492 ire
323 1451 365 1492 in
387 1450 638 1506 Capitolium
664 1451 807 1493 consul
825 1452 970 1506 potuit.
1008 1467 1092 1493 nox
1112 1453 1336 1494 certamina
1361 1462 1505 1507 coepta

142 1513 364 1568 oppressit3
396 1513 549 1554 tribuni
574 1528 736 1555 cessere
762 1514 890 1563 nocti,
917 1514 1108 1555 timentes
1133 1515 1353 1556 consulum
1379 1531 1503 1556 arma.

142 1576 289 1618 amotis
314 1576 408 1617 inde
435 1576 646 1617 seditionis
673 1576 909 1617 auctoribus
934 1583 1071 1630 patres
1098 1577 1311 1618 circumire
1342 1577 1504 1632 plebem

141 1639 449 1692 inserentesque
471 1653 514 1680 se
533 1639 575 1679 in
594 1639 767 1680 circulos
791 1654 1000 1680 sermones
1020 1640 1195 1693 tempori
1219 1646 1336 1694 aptos
1358 1654 1504 1687 serere,

144 1701 383 1749 admonere,
420 1707 466 1741 ut
489 1701 693 1749 viderent,
731 1701 773 1741 in
798 1702 909 1754 quod
935 1701 1156 1741 discrimen
1179 1716 1266 1742 rem
1297 1700 1506 1755 publicam

145 1762 411 1802 adducerent:
447 1777 531 1803 non
560 1763 666 1803 inter
701 1769 839 1816 patres
871 1777 918 1803 ac
954 1762 1119 1816 plebem
1156 1770 1363 1803 certamen
1400 1776 1504 1811 esse,

146 1823 219 1863 sed
245 1823 366 1863 simul
390 1830 527 1876 patres
551 1823 810 1878 plebemque,
837 1838 972 1864 arcem
993 1823 1120 1872 urbis,
1147 1824 1301 1877 templa
1320 1824 1503 1872 deorum,

146 1890 314 1938 penates
338 1884 526 1938 publicos
551 1885 815 1939 privatosque
841 1885 1028 1926 hostibus
1055 1885 1162 1925 dedi.
1212 1886 1310 1925 dum
1335 1885 1437 1926 haec
1462 1885 1504 1925 in

146 1946 235 1986 foro
261 1946 467 1987 sedandae
492 1946 720 1987 discordiae
746 1961 872 1987 causa
896 1953 1085 2001 aguntur,
1113 1947 1303 1988 consules
1328 1947 1504 1996 interim,

147 2022 198 2048 ne
220 2006 366 2048 Sabini
390 2022 494 2048 neve
513 2007 667 2048 Veiens
694 2007 823 2049 hostis
849 2015 1093 2057 moveretur,
1121 2009 1228 2050 circa
1252 2016 1390 2063 portas
1416 2024 1506 2049 mu-

148 2083 296 2121 rosque
322 2069 607 2110 discesserant.

230 2129 402 2171 XVIII.
443 2130 604 2171 Eadem
628 2139 748 2172 nocte
773 2139 814 2172 et
834 2132 1062 2173 Tusculum
1088 2133 1138 2173 de
1164 2147 1256 2173 arce
1282 2140 1402 2187 capta
1423 2132 1504 2179 Ca,-

147 2191 372 2247 pitolioque
399 2199 597 2246 occupato
623 2199 663 2232 et
687 2193 766 2233 alio
791 2193 977 2234 turbatae
1002 2194 1115 2235 urbis
1143 2201 1253 2235 statu
1279 2195 1411 2235 nuntii
1435 2210 1506 2235 ve-

146 2253 274 2294 niunt„
311 2254 364 2295 L.
379 2252 592 2295 Mamilius
613 2254 785 2295 Tusculi
804 2262 890 2295 tum
910 2256 1082 2296 dictator
1102 2263 1199 2297 erat.
1232 2257 1266 2298 is
1287 2257 1505 2298 confestim

107 2349 110 2353 .
147 2322 370 2356 convocato
396 2322 541 2356 senatu
574 2322 695 2369 atque
726 2317 968 2358 introductis
995 2318 1146 2359 nuntiis
1205 2334 1357 2373 magno
1383 2333 1504 2373 opere

147 2383 303 2425 censet,
335 2391 387 2417 ne
412 2384 669 2432 exspectent,
703 2378 800 2418 dum
826 2378 877 2419 ab
902 2379 1037 2420 Roma
1061 2380 1187 2434 legati
1212 2381 1410 2421 auxilium
1434 2395 1504 2435 pe-
1531 2409 1548 2421 .‚

147 2444 278 2478 tentes
304 2438 488 2488 veniant3
514 2439 741 2493 periculum
766 2440 902 2494 ipsum
928 2441 1231 2494 discrimenque
1257 2456 1305 2482 ae
1331 2442 1503 2483 sociales

147 2500 245 2541 deos
271 2500 475 2554 fidemque
500 2501 713 2542 foederum
737 2503 780 2543 id
809 2517 991 2557 poscere.
1040 2504 1276 2545 demerendi
1307 2503 1504 2545 beneficio

146 2568 231 2602 tam
249 2568 470 2616 potentem,
497 2569 581 2604 tam
600 2564 872 2618 propinquam
892 2565 1098 2606 civitatem
1118 2580 1343 2619 numquam
1362 2581 1503 2620 parem

146 2624 405 2665 occasionem
430 2625 596 2667 daturos
622 2626 734 2667 deos.
783 2626 917 2681 placet
941 2627 1039 2668 ferri
1064 2627 1280 2677 auxilium,
1312 2628 1503 2669 iuventus

147 2686 434 2736 conscribitur,
467 2702 580 2728 arma
604 2687 763 2729 dantur.
813 2688 990 2729 Romam
1014 2689 1146 2743 prima
1175 2689 1266 2730 luce
1292 2690 1502 2732 venientes

147 2748 287 2802 procul
313 2749 490 2804 speciem
516 2749 695 2791 hostium
720 2749 965 2804 praebuere;
997 2751 1136 2805 Aequi
1161 2758 1231 2792 aut
1258 2751 1399 2794 Volsci
1431 2767 1501 2794 ve-

1535 1592 1544 1618 l
1554 1590 1573 1614 (h

1536 1776 1570 1803 11

1533 1900 1570 1927 12

1534 2147 1547 2174 1

1531 2272 1548 2291 ⁸)

1531 2394 1547 2405 ἢ
