1780 3204
549 281 702 315 LIBER
727 281 772 325 V,
797 280 852 314 42.
871 279 926 314 43.
953 282 1001 323 [a.
1016 279 1055 314 e.
1068 280 1150 323 390]
1448 270 1532 312 293

179 388 330 442 magis,
356 386 427 440 qui
451 400 646 439 umquam
671 383 832 426 obsessi
858 390 969 434 sunt,
997 383 1105 437 quod
1130 383 1341 424 interclusi
1360 398 1384 423 a
1401 382 1533 437 patria
1559 396 1577 425 5

180 449 472 491 obsidebantur
507 447 644 488 omnia
679 462 755 488 sua
790 453 1001 488 cernentes
1036 446 1078 486 in
1109 445 1289 487 hostium
1318 451 1533 500 potestate.

179 526 254 552 nec
279 510 532 564 tranquillior
560 524 643 550 nox
673 509 782 551 diem
814 515 897 550 tam
928 508 1049 550 foede
1081 514 1218 549 aetum
1248 507 1425 562 excepit,
1461 507 1533 547 lux
1560 522 1578 550 6

179 573 326 614 deinde
362 578 522 613 noctem
558 571 783 625 inquietam
818 571 1004 612 insecuta
1040 576 1120 619 est,
1168 584 1244 611 nee
1285 569 1412 610 ullum
1449 576 1536 610 erat

179 643 359 689 ternpus,
397 634 508 687 quod
539 649 564 674 a
594 648 724 674 novae
757 648 917 688 semper
948 633 1075 674 cladis
1101 632 1273 673 alicuius
1300 631 1534 686 spectaculo

180 704 371 738 cessaret.
415 696 515 736 nihil
534 702 673 736 tamen
697 702 756 736 tot
780 695 936 736 onerati
961 701 1083 748 atque
1108 694 1244 736 obruti
1268 694 1385 734 malis
1411 693 1535 734 flexe-
1562 708 1576 735 7

179 765 272 799 runt
297 759 475 807 animos,
508 758 624 811 quin,
657 758 734 798 etsi
759 757 896 798 omnia
919 757 1095 798 flammis
1121 771 1168 798 ac
1199 756 1327 797 ruinis
1359 762 1534 809 aequata

179 820 395 869 vidissent,
422 820 609 872 quamvis
634 819 798 873 inopem
822 832 1078 873 parvumque
1097 832 1220 872 quem
1240 817 1433 858 tenebant
1453 817 1533 858 eol-

179 882 259 922 lem
295 881 471 922 libertati
505 881 691 921 relietum
726 881 874 921 virtute
906 880 1183 921 defenderent.
1234 886 1273 920 et
1302 879 1403 928 iam,
1441 893 1534 920 cum
1561 892 1580 921 8

179 944 322 984 eadem
348 943 494 984 cotidie
520 943 768 992 acciderent,
800 942 912 982 velut
936 942 1097 983 adsueti
1127 941 1245 982 malis
1277 941 1536 982 abalienave-

180 1012 269 1046 rant
293 1005 344 1046 ab
365 1020 488 1046 sensu
507 1019 642 1045 rerum
664 1019 828 1044 suarum
849 1004 1026 1053 animos,
1054 1019 1167 1044 arma
1185 1010 1343 1044 tantum
1363 1003 1536 1044 ferrum-

179 1083 258 1121 que
282 1068 325 1108 in
349 1068 502 1108 dextris
527 1067 640 1108 velut
665 1066 773 1107 solas
798 1066 990 1119 reliquias
1018 1066 1105 1120 spei
1131 1080 1229 1106 suae
1254 1066 1471 1105 intuentes.

262 1129 538 1170 XXXXHI.
589 1127 700 1170 Galli
731 1143 912 1181 quoque,
950 1143 1023 1182 per
1052 1128 1207 1180 aliquot
1237 1127 1325 1167 dies
1356 1127 1398 1166 in
1429 1132 1535 1166 tecta
1565 1142 1574 1168 1

180 1192 300 1233 modo
324 1191 436 1232 urbis
462 1191 712 1244 nequiquam
736 1190 844 1230 bello
862 1196 998 1244 gesto,
1027 1204 1119 1229 cum
1145 1189 1250 1228 inter
1273 1188 1463 1228 incendia
1487 1202 1535 1228 ac

178 1254 314 1294 ruinas
341 1259 484 1307 captae
509 1252 620 1293 urbis
646 1252 746 1292 njhil
772 1266 988 1306 superesse
1013 1257 1174 1306 praeter
1195 1259 1373 1291 armatos
1393 1250 1535 1291 hostes

177 1315 378 1363 viderent,
409 1314 660 1367 nequiquam
691 1319 750 1354 tot
780 1312 966 1354 cladibus
993 1313 1152 1353 territos
1179 1327 1254 1353 nec
1278 1312 1456 1353 flexuros
1483 1312 1536 1353 ad

178 1375 425 1416 deditionem
450 1375 627 1425 animos,
659 1375 702 1416 ni
726 1375 788 1416 vis
815 1374 1094 1425 adhiberetur,
1127 1375 1302 1429 experiri
1328 1374 1472 1415 ultima
1497 1381 1536 1415 et

175 1437 373 1491 impetum
398 1437 533 1478 facere
558 1437 600 1477 in
625 1451 761 1478 arcem
787 1443 982 1478 statuunt.
1019 1437 1152 1492 prima
1176 1437 1266 1477 luce
1293 1436 1412 1491 signo
1437 1436 1533 1477 dato

175 1498 393 1539 multitudo
418 1499 550 1540 omnis
576 1499 618 1540 in
648 1499 738 1540 foro
767 1499 1000 1549 instruitur3
1036 1499 1131 1540 inde
1162 1499 1339 1540 clamore
1372 1498 1533 1539 sublato

176 1575 223 1602 ae
253 1561 458 1602 testudine
488 1561 599 1602 facta
631 1561 821 1603 subeunt.
870 1561 1069 1602 adversus
1101 1576 1206 1615 quos
1231 1561 1410 1602 Romani
1435 1560 1536 1600 nihil

176 1629 328 1664 temere
363 1638 440 1664 nec
470 1624 627 1678 trepide
658 1624 710 1664 ad
741 1624 874 1665 omnis
906 1624 1041 1664 aditus
1073 1623 1316 1664 stationibus
1348 1623 1533 1671 firmatis,

177 1700 258 1738 qua
284 1685 402 1739 signa
421 1685 516 1726 ferri
536 1685 749 1735 videbant,
776 1701 825 1727 ea
842 1685 986 1727 robore
1005 1686 1187 1727 virorum
1209 1685 1397 1740 opposito
1418 1699 1536 1725 scan—

177 1747 273 1786 dere
297 1747 457 1788 hostem
484 1747 639 1797 sinunt,
667 1762 748 1801 quo
775 1747 1020 1788 successerit
1043 1747 1177 1802 magis
1202 1747 1245 1787 in
1269 1747 1460 1795 arduum,
1488 1761 1535 1787 eo

178 1808 274 1862 pelli
298 1823 420 1862 posse
444 1824 518 1863 per
540 1810 720 1863 proclive
746 1810 908 1850 facilius
932 1809 1021 1850 rati.
1070 1809 1206 1849 medio
1232 1809 1317 1849 fere
1343 1808 1448 1849 clivo
1474 1823 1536 1849 re-

181 1869 318 1909 stitere
344 1877 465 1923 atque
490 1871 585 1911 inde
610 1885 662 1911 ex
685 1871 774 1912 loco
800 1871 1027 1925 superiore,
1054 1871 1125 1924 qui
1143 1885 1270 1925 prope
1292 1885 1366 1911 sua
1392 1877 1536 1924 sponte

180 1932 222 1972 in
252 1931 413 1972 hostem
444 1932 663 1982 inserebat,
695 1933 851 1987 impetu
882 1933 992 1974 facto
1019 1940 1154 1988 strage
1180 1947 1227 1973 ac
1251 1933 1369 1973 ruina
1393 1933 1537 1974 fudere

182 1991 344 2042 Gallos,
370 2000 416 2034 ut
440 2009 664 2047 numquam
688 2002 833 2049 postea
856 2009 933 2036 nee
951 2010 1046 2049 pars
1066 2009 1142 2035 nec
1161 1995 1342 2036 universi
1362 2001 1536 2049 tempta-

182 2055 314 2095 verint
338 2055 417 2096 tale
441 2070 605 2111 pugnae
630 2071 775 2111 genus.
824 2057 979 2098 omissa
1008 2057 1146 2110 itaque
1173 2071 1245 2111 spe
1269 2071 1343 2111 per
1367 2057 1451 2097 vim
1476 2048 1536 2098 at·
1562 2070 1579 2098 4

181 2131 261 2170 que
286 2132 400 2157 arma
420 2117 622 2158 subeundi
642 2118 898 2160 obsidionem
916 2126 1080 2173 parant,
1107 2118 1224 2159 cuius
1244 2119 1296 2159 ad
1314 2119 1356 2159 id
1375 2125 1536 2172 tempus

181 2179 427 2220 inmemores
464 2186 503 2219 et
539 2180 650 2233 quod
684 2181 727 2221 in
762 2180 863 2222 urbe
893 2181 1028 2221 fuerat
1057 2180 1308 2221 frumentum
1338 2180 1536 2221 incendiis

182 2240 296 2281 urbis
333 2240 649 2295 absumpserant
685 2249 725 2283 et
761 2257 812 2283 ex
848 2243 958 2298 agris
994 2257 1067 2297 per
1102 2243 1213 2297 ipsos
1251 2243 1338 2283 dies
1373 2249 1537 2297 raptum

183 2316 302 2342 omne
327 2301 453 2343 Veios
485 2310 582 2344 erat.
630 2304 755 2358 igitur
785 2305 966 2345 exercitu
990 2305 1123 2345 diviso
1147 2304 1296 2358 partim
1320 2318 1394 2358 per
1416 2304 1538 2344 finiti·
1564 2318 1582 2345 5

183 2378 272 2404 mos
298 2364 471 2418 populos
496 2365 683 2419 praedari
708 2366 879 2420 placuit,
916 2366 1064 2421 partim
1095 2365 1273 2407 obsideri
1304 2380 1456 2415 arcem,
1492 2372 1538 2406 ut

184 2424 466 2467 obsidentibus
499 2427 750 2468 frumentum
775 2429 1038 2483 populatores
1065 2443 1258 2483 agrorum
1282 2427 1536 2482 praeberent.

183 2487 487 2541 proficiscentes
515 2487 658 2531 Gallos
691 2490 742 2530 ab
775 2490 875 2531 urbe
907 2491 960 2531 ad
984 2490 1216 2531 Romanam
1248 2489 1537 2544 experiendam
1563 2502 1581 2531 6

184 2549 375 2590 virtutem
410 2549 574 2592 fortuna
608 2552 699 2606 ipsa
732 2551 936 2601 Ardeam,
979 2552 1051 2592 ubi
1089 2551 1290 2593 Camillus
1332 2550 1536 2600 exulabat,

184 2610 319 2660 duxit3
356 2612 426 2664 qui
455 2613 650 2654 maestior
684 2613 742 2654 ibi
771 2613 934 2654 fortuna
963 2613 1129 2668 publica
1158 2627 1282 2666 quarn
1313 2627 1406 2662 sua,
1444 2627 1538 2653 cum
1565 2627 1579 2654 7

184 2673 261 2713 diis
298 2673 614 2727 hominibusque
645 2675 887 2716 accusandis
920 2681 1151 2716 senesceret
1179 2674 1433 2729 indignando
1462 2675 1538 2715 mi-

184 2735 412 2789 randoque,
438 2735 510 2777 ubi
528 2736 585 2777 illi
605 2737 680 2777 viri
702 2743 856 2787 essent,
883 2737 953 2791 qui
972 2751 1112 2778 secum
1125 2736 1253 2778 Veios
1271 2736 1537 2790 Faleriosque

1562 1452 1579 1478 1:

1562 1823 1580 1851 02
