1780 3204
1383 257 1430 277 οἵ

424 269 576 304 LIBER
600 269 691 314 vn,
717 270 748 303 9.
770 269 822 303 10.
850 271 898 312 [a.
915 266 1043 302 esee.
1062 268 1144 311 361]
1381 258 1463 299 ωε)

114 375 321 430 profectus
347 374 388 415 in
414 373 595 414 citeriore
621 373 709 427 ripa
733 371 907 412 Anienis
934 377 1064 412 castra
1091 371 1239 426 posuit.
1294 386 1397 426 pons
1423 371 1464 410 in

114 437 248 478 medio
274 442 376 486 erat,
402 436 555 476 neutris
582 450 675 476 eum
694 433 996 488 rumpentibus,
1023 448 1073 473 ne
1095 433 1249 474 timoris
1269 433 1464 474 indicium

115 507 235 539 esset.
284 498 438 552 proelia
468 498 518 538 de
550 497 789 551 occupando
814 502 937 550 ponte
963 495 1105 536 erebra
1130 501 1242 536 erant
1268 510 1361 545 nee,
1394 495 1464 549 qui

114 566 365 615 poterentur,
408 560 571 600 incertis
608 559 764 599 viribus
803 558 901 599 satis
939 557 1115 598 discerni
1150 564 1321 612 poterat.
1377 564 1463 598 tum

114 622 264 662 eximia
299 622 479 676 eorporis
516 620 798 676 magnitudine
834 620 875 660 in
910 634 1087 660 vacuum
1118 627 1284 674 pontem
1317 618 1462 661 Gallus

112 684 312 738 processit
348 690 386 724 et
422 690 619 736 quantum
656 683 836 723 maxima
871 696 972 722 voce
1002 682 1134 736 potuit
1167 686 1306 735 ‘quem
1337 682 1463 723 nune'

112 746 243 798 inquit
269 745 421 786 ‘Roma
444 746 577 785 virum
602 745 872 785 fortissimum
898 743 1039 793 habet,
1066 745 1258 797 proceda-t
1284 745 1461 799 agedum

112 808 163 847 ad
181 823 381 863 pugnam,
409 814 451 847 ut
471 815 609 847 noster
628 807 801 847 duorum
821 811 991 846 eventus
1018 806 1224 855 ostendat,
1252 812 1341 846 utra
1359 821 1462 861 gens

112 869 219 910 bello
246 870 297 910 sit
322 869 488 909 melior.’

194 931 253 972 X.
289 930 378 972 Diu
396 931 501 971 inter
518 932 716 985 primores
736 931 931 971 iuvenum
951 930 1234 971 Romanorum
1255 930 1461 970 silentium

110 993 204 1041 fuit,
243 1008 335 1034 eum
367 999 406 1033 et
437 992 615 1033 abnuere
642 998 849 1033 certamen
872 1000 1110 1032 vererentur
1135 998 1174 1031 et
1198 992 1461 1046 praecipuam

111 1060 260 1095 sortem
285 1054 454 1109 perieuli
478 1061 615 1108 petere
646 1054 811 1094 nollent.
861 1060 947 1094 tum
974 1053 1022 1093 T.
1050 1053 1234 1094 Manlius
1260 1054 1312 1093 L.
1339 1054 1460 1102 filius,

108 1117 178 1169 qui
202 1124 359 1171 patrem
379 1132 403 1157 a
423 1117 638 1157 vexatione
659 1116 874 1156 tribunicia
893 1115 1189 1163 vindicaverat,
1217 1130 1267 1155 ex
1289 1115 1461 1156 statione

108 1179 159 1219 ad
185 1179 423 1219 dictatorem
449 1179 599 1233 pergit:
628 1179 805 1218 ‘iniussu
826 1177 926 1225 tuo‚’
951 1177 1082 1229 inquit
1110 1177 1362 1231 ‘imperator‚
1390 1192 1460 1217 ex-

109 1248 169 1281 tra
195 1241 378 1282 ordinem
403 1255 628 1293 numquam
653 1239 943 1295 pugnaverim,
975 1254 1054 1279 non
1089 1239 1123 1279 si
1155 1244 1308 1279 certam
1333 1239 1461 1279 victo-

1487 1067 1505 1095 Ιῦ

106 1303 209 1342 riam
235 1303 415 1352 videam3
451 1303 485 1342 si
511 1309 553 1342 tu
578 1302 797 1356 permittis,
831 1301 925 1341 volo
951 1316 1029 1356 ego
1061 1301 1117 1341 illi
1149 1300 1294 1341 beluae
1326 1307 1462 1342 osten·
1488 1316 1505 1340 :z

104 1365 218 1413 dere,
244 1365 408 1417 quando
434 1365 536 1405 adeo
562 1365 679 1405 ferox
699 1364 925 1418 praesultat
944 1363 1124 1404 hostium
1146 1363 1295 1419 signis,
1324 1378 1387 1403 me
1408 1379 1458 1403 ex

105 1441 153 1467 ea
176 1426 332 1467 familia
357 1433 509 1476 ortum,
537 1441 642 1480 quae
669 1425 883 1468 Gallorum
911 1441 1060 1480 agmen
1085 1441 1136 1465 ex
1160 1441 1261 1480 rupe
1282 1426 1460 1480 Tarpeia

105 1488 274 1529 deiecit.'
316 1495 403 1529 tum
428 1490 602 1530 dictator
628 1493 778 1529 ‘macte
804 1488 971 1529 virtute'
996 1488 1126 1541 inquit
1154 1492 1218 1528 ‘ac
1243 1488 1392 1542 pietate
1418 1488 1458 1528 in

103 1557 260 1605 patrem
284 1552 558 1606 patriamun
586 1552 635 1592 T.
656 1551 807 1600 Manli,
835 1557 933 1591 esto.
983 1565 1108 1605 perge
1135 1559 1174 1591 et
1200 1566 1350 1590 nomen
1376 1550 1459 1590 Ro-

104 1629 271 1654 manum
307 1614 505 1654 invictum
541 1613 778 1654 iuvantibus
816 1613 893 1653 diis
930 1612 1118 1666 praesta.'
1167 1617 1327 1652 armant
1364 1612 1457 1651 inde
1485 1627 1497 1651 ,⁷

104 1676 294 1716 iuvenem
320 1676 530 1728 aequales:
556 1676 744 1729 pedestre
771 1681 933 1715 scutum
959 1674 1084 1728 capit,
1112 1674 1304 1727 Hispano
1330 1673 1459 1727 cingi-

105 1744 170 1778 tur
193 1738 331 1792 gladio
357 1738 409 1777 ad
433 1738 665 1791 propiorem
685 1737 810 1777 habili
830 1751 1031 1790 pugnam3
1059 1742 1259 1776 armatum
1286 1735 1459 1775 adorna-

105 1805 273 1852 tumque
299 1801 496 1840 adversus
524 1798 690 1840 Gallum
719 1799 863 1839 stolide
888 1798 1041 1838 laetum
1067 1803 1106 1837 et
1125 1822 1178 1826 -—
1198 1796 1391 1849 quoniam
1417 1797 1458 1836 id

105 1875 268 1914 quoque
298 1861 495 1901 memoria
526 1861 696 1915 dignum
728 1860 905 1912 antiquis
937 1859 1071 1899 visum
1104 1865 1164 1899 est
1190 1883 1244 1888 —
1274 1858 1456 1913 linguam

106 1922 229 1962 etiam
254 1922 305 1963 ab
330 1923 457 1963 inrisu
484 1928 737 1963 exserentem
765 1921 1007 1975 producunt.
1056 1920 1256 1974 recipiunt
1286 1920 1380 1960 inde
1413 1935 1455 1961 se

106 1984 158 2024 ad
189 1984 423 2033 stationem3
462 1990 501 2024 et
531 1984 612 2024 duo
642 1984 684 2023 in
714 1983 849 2023 medio
886 1983 1030 2022 armati
1067 1982 1288 2036 speetaeuli
1324 1982 1456 2037 magis

107 2060 218 2086 more
255 2060 378 2099 quam
414 2046 505 2101 lege
537 2045 633 2086 belli
665 2044 958 2093 destituuntur,
996 2059 1256 2097 nequaquam
1287 2044 1378 2084 visu
1410 2059 1457 2085 ae

107 2108 242 2161 specie
263 2107 573 2148 aestimantibus
594 2121 731 2161 pares:
759 2120 905 2160 corpus
926 2106 1041 2146 alteri
1066 2105 1347 2160 magnitudine
1373 2106 1457 2146 exi-

105 2169 251 2218 mium,
278 2169 512 2210 versicolori
531 2175 644 2209 veste
663 2168 864 2222 pictisque
885 2174 922 2208 et
943 2182 1041 2208 auro
1061 2167 1227 2208 caelatis
1246 2168 1456 2222 refulgens

107 2231 248 2280 armis3
275 2232 410 2272 media
428 2231 469 2271 in
489 2231 613 2272 altero
632 2231 816 2271 militaris
838 2236 993 2271 statura
1011 2231 1253 2283 modicaque
1273 2230 1313 2270 in
1334 2230 1456 2270 armis

106 2292 311 2333 habilibus
343 2293 475 2348 magis
507 2308 630 2346 quam
662 2293 820 2333 decoris
854 2293 1023 2346 species.
1072 2307 1154 2333 non
1180 2299 1342 2341 cantus,
1375 2307 1454 2332 non

107 2354 301 2394 exultatio
340 2369 625 2408 armorumque
664 2354 831 2409 agitatio
862 2369 985 2403 vana,
1026 2355 1098 2394 sed
1128 2360 1271 2408 peetus
1303 2353 1458 2394 animo-

105 2431 195 2455 rum
220 2416 384 2469 iraeque
411 2417 556 2457 taeitae
580 2417 746 2471 plenum
773 2430 935 2457 omnem
961 2416 1156 2456 ferociam
1175 2416 1218 2455 in
1237 2415 1456 2456 discrimen

106 2477 240 2531 ipsum
261 2479 492 2519 certaminis
514 2478 737 2519 distulerat.
775 2478 844 2518 ubi
864 2478 1081 2518 eonstitere
1100 2478 1205 2518 inter
1223 2477 1325 2518 duas
1346 2477 1454 2518 acies

105 2546 164 2580 tot
190 2540 295 2580 cirea
315 2540 546 2581 mortalium
567 2540 712 2581 animis
733 2555 804 2594 spe
824 2546 1015 2593 metuque
1035 2539 1327 2594 pendentibus,
1356 2537 1456 2580 Gal-

104 2602 168 2643 lus
200 2603 311 2643 velut
342 2603 470 2644 moles
498 2617 673 2658 superne
698 2602 901 2643 inminens
927 2602 1107 2656 proiecto
1132 2601 1248 2642 laeva
1274 2608 1389 2642 scuto
1413 2602 1454 2642 in

105 2664 357 2706 advenientis
377 2681 490 2706 arma
508 2665 638 2706 hostis
664 2680 815 2705 vanum
841 2664 993 2705 caesim
1019 2679 1112 2704 cum
1137 2664 1293 2719 ingenti
1319 2663 1454 2704 sonitu

105 2740 244 2767 ensem
281 2727 446 2768 deiecit:
484 2727 697 2768 Romanus
734 2740 928 2767 muerone
966 2726 1174 2775 subrecto,
1213 2740 1305 2767 eum
1338 2731 1453 2767 scuto

1482 2306 1500 2334 8

1482 2490 1499 2519 9

1485 2739 1523 2768 10
