1835 3226
322 215 405 256 403
644 219 799 255 LIBER
821 219 933 261 VIII,
959 219 1011 253 10.
1033 219 1085 252 11.
1113 221 1161 262 [a.
1175 229 1209 253 u.
1225 218 1349 263 e.414]

321 325 487 380 pilanis,
520 323 696 364 elamore
728 321 890 363 sublato
922 322 1121 376 principia
1144 321 1392 362 Latinorum
1422 321 1672 376 perturbant,

279 401 295 431 6
322 387 532 438 hastisque
569 399 639 426 ora
669 384 872 425 fodientes
902 384 1034 438 primo
1064 383 1209 425 robore
1244 383 1423 424 virorum
1454 398 1574 424 caeso
1603 399 1676 438 per

322 448 422 489 alios
448 445 679 501 manipulos
704 445 817 486 velut
840 445 1018 500 inermes
1044 460 1171 500 prope
1196 446 1339 486 intacti
1358 460 1525 486 evasere
1545 452 1676 486 tanta-

322 523 401 563 que
426 508 551 549 caede
576 522 796 562 perrupere
827 522 1000 557 cuneos,
1037 515 1081 548 ut
1111 508 1182 548 vix
1212 515 1399 561 quartam
1431 514 1590 561 partem
1613 522 1677 548 re-

279 589 295 617 7
321 571 550 624 linquerent
569 569 762 610 hostium.
803 567 1011 611 Samnites
1037 583 1200 623 quoque
1226 569 1303 610 sub
1328 570 1535 611 radicibus
1562 584 1678 610 mon-

322 632 372 673 tis
398 631 539 686 procu]
565 631 752 672 instructi
783 631 1008 686 praebuere
1039 639 1235 672 terrorem
1258 632 1436 672 Latinis.
1497 638 1677 672 ceterum

323 694 428 734 inter
469 708 611 734 omncs
655 693 765 734 cives
809 693 1025 747 sociosque
1066 693 1289 748 praecipua
1329 693 1419 734 laus
1457 693 1544 734 eius
1580 692 1679 734 belli

321 770 447 810 penes
480 755 670 796 consules
701 754 797 804 fuit,
829 770 1004 809 quorum
1035 755 1137 796 alter
1161 756 1293 797 onmis
1320 756 1451 797 minas
1477 755 1679 810 pericula-

277 834 296 864 s
321 833 400 872 que
426 817 477 859 ab
504 818 591 859 deis
618 818 777 872 superis
803 818 1026 871 inferisque
1052 818 1093 858 in
1119 833 1162 858 se
1187 833 1314 859 unum
1340 818 1477 867 vertit,
1504 818 1606 859 alter
1629 832 1680 858 ea.

321 881 470 921 virtute
503 895 633 934 eoque
659 880 830 921 consilio
855 881 897 921 in
920 880 1076 935 proelio
1101 880 1196 930 fuit,
1227 888 1273 921 ut
1297 880 1417 921 facile
1444 879 1679 921 convenerit

321 944 426 984 inter
454 943 666 984 Romanos
697 943 974 996 Latinosque,
1012 943 1083 996 qui
1113 943 1200 984 eius
1236 957 1400 998 pugnae
1437 942 1678 983 memoriam

322 1005 497 1060 posteris
524 1005 795 1054 tradiderunt,
821 1005 952 1046 utrius
978 1005 1105 1059 partis
1127 1005 1176 1046 T.
1196 1004 1382 1045 Manlius
1408 1005 1492 1045 dux
1517 1004 1678 1053 fuisset,

278 1083 295 1111 9
323 1068 410 1108 eius
435 1067 616 1108 futuram
640 1067 752 1108 haud
777 1067 900 1108 dubie
926 1067 1055 1109 fuisse
1081 1067 1308 1108 victoriam.
1345 1067 1489 1107 Latini
1507 1082 1558 1107 ex
1576 1066 1679 1121 suga

324 1144 368 1170 se
381 1128 626 1170 Menturnas
645 1129 914 1170 contulerunt.
943 1137 1075 1170 castra
1097 1129 1321 1170 secundum
1340 1128 1541 1183 proelium
1560 1135 1680 1182 capta

324 1191 523 1244 multique
560 1190 753 1232 mortales
790 1190 848 1231 ibi
885 1191 969 1231 vivi
1005 1191 1211 1245 oppressi,
1248 1192 1427 1232 maxime
1460 1189 1677 1244 Campani.

260 1268 298 1297 10
322 1252 445 1294 Decii
481 1267 630 1307 corpus
660 1267 711 1293 ne
743 1267 791 1293 eo
823 1252 888 1293 die
918 1253 1180 1301 inveniretur,
1217 1268 1300 1293 nox
1331 1259 1574 1305 quaerentes
1605 1266 1678 1306 op-

323 1315 493 1369 pressit;
539 1321 705 1368 postero
747 1314 812 1354 dic
854 1314 1065 1354 inventum
1101 1314 1206 1354 inter
1240 1315 1461 1354 maximam
1497 1313 1678 1354 hostium

325 1385 506 1432 stragem
532 1384 769 1431 coopertum
795 1376 904 1425 telis,
931 1376 1137 1429 funusque
1158 1376 1194 1416 ei
1213 1391 1287 1430 par
1307 1376 1426 1417 morti
1446 1375 1677 1416 celebrante

260 1455 296 1483 11
325 1439 482 1494 collega
507 1439 663 1480 factum
687 1444 762 1479 est.
821 1438 922 1479 illud
948 1439 1209 1479 adiciendum
1236 1439 1407 1487 videtur,
1434 1438 1554 1479 licere
1581 1452 1678 1478 con-

325 1501 404 1542 suli
429 1500 697 1553 dictatorique
724 1507 762 1541 et
787 1501 983 1554 praetori,
1015 1515 1108 1541 eum
1134 1500 1316 1555 legiones
1343 1500 1522 1541 hostium
1553 1500 1678 1540 devo-

324 1569 435 1611 veat,
467 1577 551 1603 non
574 1563 715 1616 utique
741 1576 803 1611 sc,
837 1562 910 1602 sed
940 1576 1063 1615 quem
1093 1562 1189 1602 velit
1222 1577 1274 1602 ex
1302 1562 1463 1617 legione
1488 1561 1678 1603 Romana

261 1639 298 1668 12
326 1624 478 1678 scripta
514 1624 647 1664 civem
685 1623 900 1664 devovere.
963 1624 997 1664 si
1032 1623 1067 1665 is
1103 1623 1247 1672 homo,
1285 1625 1356 1677 qui
1392 1624 1564 1665 devotus
1603 1630 1677 1672 est,

323 1687 513 1735 moritur,
550 1685 678 1740 probe
715 1685 872 1726 factum
908 1686 1055 1735 videri3
1092 1686 1134 1726 ni
1164 1686 1352 1735 moritur,
1389 1694 1477 1726 tum
1514 1687 1678 1741 signum

325 1756 484 1802 septem
513 1747 639 1802 pedes
667 1747 793 1788 altum
820 1754 890 1787 aut
914 1747 1047 1788 maius
1073 1747 1115 1787 in
1140 1755 1288 1788 terram
1314 1747 1452 1788 defodi
1477 1754 1515 1788 ct
1539 1748 1679 1802 piacu-

325 1810 462 1851 culum
488 1809 623 1850 hostia
654 1809 767 1850 caedi
778 1825 788 1858 3
826 1808 897 1849 ubi
927 1808 1028 1849 illud
1060 1809 1225 1864 signum
1257 1809 1468 1849 defossum
1501 1809 1594 1858 erit,
1631 1823 1680 1849 eo

261 1887 298 1916 13
324 1872 610 1926 magistratum
624 1871 860 1912 Romanum
880 1871 1099 1911 escendere
1121 1871 1183 1911 fas
1209 1886 1292 1911 non
1318 1886 1422 1911 csse.
1461 1871 1522 1911 sin
1543 1877 1680 1911 autem

325 1948 416 1975 sese
443 1933 645 1974 devovere
664 1932 792 1982 volet,
819 1932 1110 1974 sieutiDecius
1131 1933 1316 1982 devovit,
1342 1933 1383 1973 ni
1402 1933 1584 1982 moritur,
1610 1947 1682 1973 nc-

325 2010 404 2049 que
437 2011 559 2036 suum
589 2010 722 2049 neque
754 1995 967 2050 publicum
999 1995 1183 2035 dix-inum
1213 2010 1314 2049 pure
1345 1994 1467 2035 faciet
1493 1995 1564 2048 qui
1589 2008 1680 2035 sese

324 2058 546 2099 devoverit.
606 2055 796 2098 Vulcano
827 2073 941 2098 arma
973 2058 1059 2098 sive
1091 2057 1157 2098 cui
1182 2057 1250 2098 alii
1275 2057 1370 2098 divo
1395 2071 1544 2097 vovere
1570 2056 1681 2097 volet

262 2136 300 2164 14
326 2120 412 2161 sive
439 2120 575 2161 hostia
601 2120 687 2161 sive
713 2134 794 2174 quo
821 2119 898 2160 alio
924 2119 1033 2161 volet
1058 2120 1121 2161 ius
1149 2127 1222 2160 est.
1284 2119 1383 2167 telo,
1416 2134 1539 2173 super
1569 2118 1680 2171 quod

326 2191 438 2224 stans
458 2183 831 2238 (eonsulrprecatus
864 2190 944 2231 est,
982 2183 1143 2223 hostem
1173 2182 1294 2237 potiri
1324 2182 1387 2223 fas
1419 2196 1501 2222 non
1531 2188 1609 2231 est3
1647 2180 1682 2221 si

324 2247 516 2301 potiatur,
542 2245 672 2286 Marti
697 2245 1043 2287 suovetaurilibus
1069 2245 1278 2299 piaculum
1303 2244 1403 2285 fieri.

283 2322 297 2351 1
409 2308 493 2349 XI.
542 2308 680 2358 Haec,
719 2308 796 2349 etsi
827 2308 959 2348 omnis
991 2308 1117 2348 divini
1147 2307 1399 2360 humanique
1435 2306 1559 2347 moris
1597 2320 1682 2346 me-

325 2370 454 2411 moria
480 2370 659 2411 abolevit
684 2385 792 2411 nova
816 2370 1114 2425 peregrinaque
1140 2370 1276 2410 omnia
1301 2369 1449 2424 priscis
1474 2383 1521 2409 ac
1539 2367 1681 2422 patriis

327 2432 616 2486 praeferendo,
648 2432 761 2473 haud
786 2431 837 2474 ab
862 2447 905 2472 re
932 2432 1031 2472 duxi
1056 2431 1191 2472 verbis
1218 2445 1382 2484 quoque
1406 2430 1507 2485 ipsis
1532 2436 1577 2470 ut
1603 2436 1682 2470 tra-

327 2493 411 2534 dita
434 2502 752 2549 nuncupataque
779 2501 875 2535 sunt
899 2494 1064 2534 referre.

283 2569 300 2597 2
410 2555 610 2597 Romanis
642 2564 735 2611 post
765 2556 965 2611 proelium
997 2556 1164 2596 demum
1195 2555 1349 2596 factum
1379 2554 1586 2596 Sanmites
1611 2567 1681 2593 ve-

328 2618 437 2659 nisse
470 2618 654 2660 subsidio
687 2626 924 2674 exspectato
955 2626 1105 2660 eventu
1129 2633 1312 2674 pugnae,
1344 2618 1454 2672 apud
1479 2615 1680 2669 quosdam

284 2692 302 2721 3
329 2688 513 2722 auctores
546 2681 723 2723 invenio.
786 2681 949 2724 Latinis
982 2696 1146 2735 quoque
1177 2680 1228 2722 ab
1260 2680 1438 2722 Lavinio
1470 2678 1678 2725 auxilium,
