1780 3204
468 183 620 217 LIBER
645 182 697 227 X,
722 182 776 216 32.
789 181 842 216 33.
871 184 918 224 sa.
934 179 1158 224 C.295.294]
1403 168 1486 211 529

134 288 416 341 sociorumque
447 286 589 342 populi
613 285 790 327 Romani
820 284 922 326 fines
951 283 1180 326 Samnitem
1209 282 1483 338 prohiberent.

133 365 227 391 cum
252 358 385 390 castra
410 349 553 390 castris
579 347 740 388 conlata
764 353 919 396 essent,
952 346 1063 400 quod
1088 346 1157 386 vix
1180 345 1393 386 Romanus
1425 351 1486 385 to-
1511 358 1529 386 5

132 412 237 453 tiens
262 411 391 452 victor
415 410 594 459 auderet,
621 409 710 450 ausi
737 407 944 450 Samnites
970 415 1065 449 sunt
1085 431 1137 435 —
1157 414 1315 448 tantum
1340 406 1486 461 despe-

132 474 234 514 ratio
259 472 403 512 ultima
427 471 665 512 temeritatis
691 470 856 511 sacit—
871 477 1005 511 castra
1017 469 1208 510 Romana
1226 482 1484 523 oppugnare3

134 542 174 575 et
204 548 454 588 quamquam
482 548 566 573 non
594 532 707 573 venit
737 532 788 572 ad
818 531 942 572 finem
972 539 1055 572 tam
1092 531 1227 572 audax
1263 530 1484 584 inceptum,

133 604 271 637 ‘tamen
300 595 410 636 haud
436 595 600 636 omnino
625 609 777 634 vanum
807 593 896 634 fuit.
944 593 1095 634 nebula
1120 599 1205 634 erat
1230 592 1282 633 ad
1311 591 1485 632 multum
1512 604 1529 633 6

135 658 215 698 dici
246 658 373 698 densa
404 657 524 706 adeo,
561 662 607 696 ut
635 655 739 696 lucis
770 670 893 696 usum
923 655 1113 710 eriperet,
1149 669 1232 695 non
1266 660 1487 708 prospectu

134 719 256 760 modo
277 725 391 760 extra
408 718 561 759 vallum
586 717 789 771 adempto,
817 717 890 758 sed
913 717 1143 771 propinquo
1169 716 1292 757 etiam
1316 729 1487 770 congre-

136 782 335 823 dientium
358 782 462 822 inter
488 795 531 822 se
556 786 790 834 conspectu.
833 779 910 820 hac
930 779 1042 820 velut
1065 778 1222 819 latebra
1245 777 1486 819 insidiarum
1513 790 1529 818 7

135 844 229 885 freti
255 842 463 885 Samnites
488 842 658 882 vixdum
684 841 783 882 satis
810 848 920 882 certa
943 841 1034 882 luce
1059 846 1099 881 et
1123 855 1214 881 eam
1238 840 1372 894 ipsam
1395 853 1488 893 pre-

134 911 270 946 mente
301 904 474 959 caligine
504 903 556 944 ad
588 903 804 943 stationem
827 902 1059 943 Romanam
1088 902 1131 942 in
1158 908 1277 956 porta
1308 900 1488 956 segniter

135 973 325 1021 agentem
345 965 505 1020 vigilias
524 964 778 1019 perveniunt.
810 964 1018 1018 inproviso
1038 963 1246 1017 oppressis
1267 976 1342 1003 nec
1361 961 1487 1002 animi
1511 973 1530 1002 8

136 1029 234 1069 satis
260 1028 313 1069 ad
336 1027 611 1069 resistendum
635 1041 711 1067 neo
735 1026 883 1066 xirium
907 1025 996 1066 fuit.
1041 1025 1092 1066 ab
1118 1032 1234 1079 tergo
1260 1030 1486 1065 castrorum

135 1090 363 1131 decumana
393 1095 510 1144 porta
538 1089 715 1142 impetus
747 1087 900 1136 factus3
936 1087 1074 1140 itaque
1106 1093 1271 1140 captum
1296 1091 1487 1138 quaesto·
1513 1096 1530 1126 9

134 1152 240 1192 rium
265 1158 537 1205 quaestorque
561 1150 618 1190 ibi
641 1150 695 1190 L.
718 1147 912 1203 Opimius
937 1147 1077 1188 Pansa
1102 1147 1276 1188 occisus,
1327 1145 1487 1188 concla-

135 1221 290 1254 matum
314 1213 408 1253 inde
434 1213 486 1253 ad
510 1227 634 1252 arma.

213 1273 439 1315 XXXIII.
474 1272 632 1314 Consul
651 1271 829 1313 tumultu
848 1271 1006 1312 excitus
1026 1270 1214 1312 cohortes
1234 1269 1336 1311 duas
1358 1269 1488 1310 socio-
1514 1277 1529 1305 1

133 1351 236 1383 rum,
256 1335 474 1375 Lucanam
495 1332 842 1386 Suessanamque,
863 1347 969 1386 quae
993 1332 1204 1387 proximae
1228 1331 1333 1372 forte
1359 1339 1486 1380 erant,

134 1396 238 1437 tueri
261 1395 511 1450 praetorium
535 1395 660 1445 iubet,
690 1395 921 1449 manipulos
947 1394 1158 1449 legionum
1182 1392 1396 1448 principali
1420 1393 1488 1433 via

133 1459 301 1499 inducit.
356 1457 526 1498 vixdum
563 1457 662 1498 satis
700 1457 848 1511 aptatis
885 1457 1009 1498 armis
1044 1456 1088 1496 in
1123 1456 1286 1496 ordines
1323 1459 1419 1495 eunt
1449 1460 1489 1495 et
1513 1462 1532 1491 ‘2

134 1520 310 1561 clamore
335 1519 468 1574 magis
494 1533 618 1573 quam
643 1519 772 1560 oculis
796 1518 959 1560 hostem
983 1523 1176 1566 noscunt,
1208 1530 1284 1557 nec
1309 1522 1487 1569 quantus

134 1596 330 1622 numerus
357 1582 408 1622 sit
433 1581 640 1621 aestimari
664 1587 812 1635 potest.
862 1580 1012 1621 cedunt
1036 1579 1168 1633 primo
1193 1578 1336 1619 incerti
1360 1577 1488 1618 fortu-
1514 1587 1532 1615 3

135 1657 211 1683 nae
238 1657 336 1683 suae
362 1649 402 1683 et
425 1642 586 1683 hostem
617 1642 839 1682 introrsum
869 1642 912 1682 in
940 1641 1076 1682 media
1106 1646 1239 1681 castra
1270 1639 1486 1694 accipiunt.

135 1704 230 1744 inde
266 1718 360 1744 cum
396 1703 538 1744 consul
575 1702 884 1751 vociferaretur,
927 1701 1141 1756 expulsine
1184 1708 1299 1742 extra
1333 1700 1487 1741 vallum

137 1773 271 1806 castra
301 1764 448 1805 deinde
480 1779 554 1805 sua
585 1764 861 1818 oppugnaturi
891 1770 1046 1813 essent,
1077 1763 1279 1818 rogitanS,
1312 1762 1488 1803 clamore
1513 1771 1533 1799 4

138 1827 298 1868 sublato
335 1826 469 1867 conixi
509 1825 641 1880 primo
681 1826 894 1875 resistunt,
932 1825 1078 1866 deinde
1119 1825 1300 1866 inferunt
1340 1824 1489 1879 pedem

137 1896 366 1943 urgentque
398 1894 437 1929 et
471 1887 656 1942 inpulsos
693 1887 821 1928 semel
856 1894 1007 1928 terrore
1043 1887 1189 1928 eodem
1225 1893 1369 1941 agunt,
1407 1900 1488 1940 quo

138 1956 376 2004 coeperunt,
411 1949 619 2004 expellunt
649 1956 764 1990 extra
792 1956 952 2004 portam
977 1948 1225 2002 vallumque.
1273 1948 1368 1988 inde
1396 1962 1489 2002 per·
1515 1956 1533 1984 5

137 2026 234 2066 gere
253 2025 300 2052 ac
319 2011 520 2065 persequi,
541 2011 637 2064 quia
662 2011 823 2052 turbida
846 2011 919 2051 lux
942 2017 1098 2051 metum
1117 2010 1225 2051 circa
1247 2009 1488 2051 insidiarum

138 2072 332 2122 faciebat,
358 2087 440 2113 non
465 2073 572 2122 ausi,
599 2072 779 2113 liberatis
806 2072 949 2114 castris
975 2072 1155 2114 contenti
1177 2077 1419 2126 receperunt
1443 2085 1488 2112 se

137 2135 243 2175 intra
266 2134 418 2175 vallum
443 2133 633 2175 trecentis
658 2133 788 2175 ferme
812 2133 992 2175 hostium
1017 2133 1175 2175 occisis.
1206 2127 1489 2174 Romanorum
1515 2142 1533 2171 6

140 2197 324 2237 stationis
348 2197 503 2251 primae
528 2196 795 2251 vigiliumque
820 2202 861 2237 et
885 2210 1044 2245 eorum,
1071 2196 1142 2249 qui
1167 2195 1274 2237 circa
1298 2201 1488 2248 quaesto-

138 2259 242 2298 rium
268 2258 466 2312 oppressi,
491 2259 648 2313 periere
672 2259 725 2299 ad
750 2259 1031 2314 septingentos
1057 2258 1236 2313 triginta.

223 2319 400 2361 Animos
434 2320 529 2360 inde
568 2318 822 2362 Samnitibus
857 2335 941 2362 non
976 2320 1119 2362 infelix
1155 2319 1327 2360 audacia
1361 2318 1487 2367 auxit,
1515 2329 1531 2356 7

140 2388 179 2423 et
202 2396 285 2422 non
301 2382 424 2423 modo
448 2381 629 2436 proferre
653 2382 747 2423 inde
767 2388 901 2424 castra
918 2382 1166 2431 Romanum,
1188 2380 1261 2422 sed
1285 2394 1336 2421 ne
1359 2379 1490 2434 pabu-

139 2443 214 2484 lari
238 2443 403 2497 quidem
426 2457 500 2498 per
524 2458 644 2498 agros
672 2459 767 2485 suos
792 2443 1063 2499 patiebantur.
1100 2449 1207 2484 retro
1232 2442 1274 2482 in
1298 2448 1489 2496 pacatum

142 2504 347 2547 Soranum
372 2520 516 2560 agrum
540 2505 802 2560 pabulatores
826 2505 951 2547 ibant.
1000 2520 1173 2558 quarum
1198 2519 1335 2545 rerum
1364 2502 1487 2552 fama,
1514 2512 1533 2542 8

141 2567 430 2609 tumultuosior
459 2567 581 2608 etiam
607 2582 731 2621 quam
754 2582 819 2609 res
846 2574 978 2616 erant,
1011 2566 1166 2621 perlata
1189 2566 1367 2607 Romam
1397 2579 1490 2606 coe-

141 2628 200 2683 git
218 2629 271 2671 L.
286 2628 547 2671 Postumium
573 2629 783 2671 consulem
809 2629 978 2671 vixdum
1001 2628 1185 2670 validum
1209 2626 1413 2682 proficisci
1438 2640 1489 2667 ex

208 2705 272 2733 Livi
293 2706 382 2733 r01.1.
1223 2692 1267 2727 34
