1780 3204
399 203 555 238 LIBER
578 203 649 246 vi,
675 201 728 235 41.
748 201 802 235 42.
830 199 1023 244 [21.C.3(38.
1041 199 1122 243 3137]
1359 187 1440 229 349

95 311 238 351 Tatius
275 309 317 349 in
346 307 447 349 urbe
476 307 665 348 Romana
694 310 883 360 regnent,
921 303 1018 357 quja
1046 301 1242 357 pecunias
1274 301 1441 349 alienas,

94 373 190 425 quia
214 385 335 426 agros
361 370 468 411 dono
493 369 603 409 dant.
646 374 758 408 tanta
782 366 956 407 dulcedo
982 372 1043 406 est
1069 380 1120 405 ex
1145 364 1288 405 alienis
1312 363 1442 404 fortu-

93 435 155 476 nis
176 432 418 488 praedandi,
444 446 518 472 nec
537 431 578 471 in
598 436 776 471 mentem
795 429 919 478 venit,
947 428 1072 468 altera
1090 428 1183 483 lege
1203 427 1442 468 solitudines

93 502 230 536 vastas
256 495 298 535 in
323 494 431 548 agris
456 493 543 534 fieri
561 492 750 546 pellendo
771 490 919 531 finibus
941 489 1148 538 dominos,
1176 488 1301 530 altera
1319 488 1442 529 fidem

93 556 294 611 abrogari,
316 570 410 596 cum
428 570 510 608 qua
528 554 661 595 omnis
681 553 860 593 humana
879 552 1052 593 societas
1068 551 1232 592 tollitur.
1261 551 1444 592 omnium

92 632 228 658 rerum
264 632 387 658 causa
423 615 541 656 vobis
577 615 849 668 antiquandas
886 628 1034 654 censeo
1064 613 1164 654 istas
1194 613 1441 667 rogationes.

92 678 204 731 quod
228 678 386 725 faxitis,
414 677 512 717 deos
538 677 661 716 velim
686 674 919 716 fortunare.'

1471 376 1502 404 ll

1472 561 1509 589 12

176 738 427 779 XXXXH.
467 736 612 779 Oratio
626 737 739 791 Appi
759 738 810 777 ad
829 737 870 777 id
890 737 1012 777 modo
1037 736 1183 785 valuit,
1210 742 1255 776 ut
1279 743 1442 791 tempus
1472 749 1483 776 1

92 801 348 856 rogationum
369 799 639 841 iubendarum
653 800 913 854 proferretur.
939 798 1083 839 refecti
1097 799 1315 838 decumum
1334 799 1444 839 idem

92 863 243 904 tribuni
259 861 426 904 Sextius
446 869 484 902 et
497 861 686 903 Licinius
706 862 756 901 de
776 861 1017 901 decemviris
1038 874 1246 901 sacrorum
1266 869 1444 914 exparte

92 926 142 965 de
167 924 287 979 plebe
313 925 497 965 creandis
516 924 651 979 legem
670 923 886 978 pertulere.
924 922 1049 963 creati
1067 922 1248 975 quinque
1266 930 1442 976 patrum,

92 987 271 1040 quinque
296 986 446 1041 plebis,
473 987 686 1042 graduque
712 1000 760 1026 eo
784 985 866 1025 iam
891 984 958 1024 via
981 984 1091 1024 facta
1115 983 1167 1023 ad
1187 983 1444 1024 consulatum

93 1049 317 1090 videbatur.
366 1049 443 1090 hac
480 1049 648 1089 victoria
685 1054 876 1089 contenta
910 1045 1052 1100 plebes
1089 1045 1213 1085 cessit
1242 1045 1441 1098 patribus,
1471 1070 1488 1084 .‚

93 1118 136 1151 ut
166 1112 206 1152 in
236 1112 467 1166 praesentia
499 1111 714 1152 consulum
744 1109 948 1150 mentione
980 1108 1133 1149 omissa
1163 1107 1316 1148 tribuni
1339 1108 1445 1148 mili-

92 1182 178 1214 tum
204 1180 448 1214 crearentur.
497 1172 621 1213 creati
645 1171 699 1212 A.
727 1179 766 1212 et
790 1171 850 1211 M.
875 1169 1057 1211 Cornelii
1081 1169 1249 1218 iterum,
1276 1168 1337 1210 M.
1360 1168 1445 1211 Ge-

91 1234 256 1290 gam'us,
294 1234 343 1275 P.
376 1234 578 1283 Manlius,
615 1234 669 1274 L.
702 1232 918 1281 Veturius,
955 1231 1003 1272 P.
1038 1230 1228 1272 Valerius
1266 1238 1441 1272 sextum.

93 1311 185 1336 cum
204 1303 365 1350 praeter
384 1295 632 1336 Velitrarum
659 1294 934 1343 obsidionem,
960 1293 1065 1334 tardi
1089 1293 1222 1348 magis
1246 1308 1334 1334 rem
1359 1293 1444 1334 exi-

93 1370 156 1399 tus
194 1373 318 1411 quam
355 1358 486 1407 dubii,
530 1358 690 1410 quietae
727 1364 918 1398 externae
954 1371 1019 1397 res
1055 1355 1255 1397 Romanis
1292 1363 1441 1404 essent,

92 1420 203 1460 fama
226 1434 371 1474 repens
396 1419 493 1461 belli
520 1418 669 1461 Gallici
694 1418 817 1459 allata
846 1418 1024 1473 perpulit
1054 1418 1278 1467 civitatem,
1312 1424 1356 1458 ut
1379 1417 1441 1458 M.

91 1481 240 1522 Furius
266 1482 438 1522 dictator
462 1482 649 1535 quintum
674 1481 886 1521 diceretur.
936 1480 970 1521 is
998 1479 1046 1520 T.
1069 1478 1308 1532 Quinctium
1333 1479 1444 1520 Pen-

92 1559 189 1584 num
218 1544 462 1598 magistrum
493 1544 675 1596 equitum
707 1542 819 1583 dixit.
876 1541 1071 1583 bellatum
1103 1556 1197 1582 cum
1230 1540 1362 1583 Gallis
1395 1557 1442 1582 co

92 1621 198 1646 anno
235 1606 342 1646 circa
370 1605 576 1646 Anienem
612 1605 765 1645 flumen
802 1610 944 1644 auctor
979 1611 1041 1645 est
1073 1603 1292 1652 Claudius,
1330 1603 1445 1643 incli-

93 1675 257 1720 tamque
287 1667 329 1707 in
353 1674 476 1721 ponte
501 1682 703 1721 pugnam,
736 1680 816 1719 qua
842 1666 890 1706 T.
917 1665 1100 1706 Manlius
1129 1663 1316 1714 Gallum,
1350 1679 1442 1705 cum

92 1743 173 1781 quo
208 1735 454 1782 provocatus
489 1743 635 1768 manus
672 1727 893 1775 conseruit,
929 1727 973 1767 in
1009 1733 1232 1780 conspeetu
1268 1727 1443 1767 duorum

93 1789 346 1829 exercituum
371 1804 537 1830 caesum
561 1796 703 1842 torque
730 1788 938 1842 spoliavit,
965 1794 1050 1831 tum
1070 1794 1309 1843 pugnatam.
1350 1787 1442 1842 plu-

94 1850 207 1891 ribus
233 1850 466 1891 auctoribus
492 1851 624 1905 magis
655 1850 836 1890 adducor
865 1856 910 1890 ut
940 1850 1122 1898 credam,
1160 1850 1302 1890 decem
1332 1849 1444 1890 haud

95 1911 228 1952 minus
264 1919 359 1965 post
395 1926 522 1952 annos
562 1927 609 1952 ea
645 1918 752 1959 acta,
790 1911 867 1952 hoc
900 1918 1036 1952 autem
1068 1926 1174 1952 anno
1204 1911 1246 1951 in
1275 1910 1442 1952 Albano

94 1988 192 2027 agro
225 1987 318 2013 cum
351 1971 482 2014 Gallis
514 1973 710 2014 dictatore
740 1973 801 2013 M.
832 1973 958 2014 Furio
990 1973 1109 2028 signa
1146 1973 1317 2014 conlata.
1366 1988 1442 2014 nec

93 2034 218 2075 dubia
247 2049 323 2075 nec
353 2035 533 2075 difficilis
558 2035 775 2084 Romanis,
814 2049 1063 2088 quamquam
1092 2035 1303 2090 ingentem
1330 2033 1442 2076 Galli

94 2103 287 2138 terrorem
312 2098 508 2138 memoria
532 2098 726 2152 pristinae
753 2097 879 2137 cladis
900 2097 1135 2146 attulerant,
1161 2097 1331 2138 victoria
1350 2097 1443 2138 fuit.

93 2158 221 2199 multa
240 2159 351 2200 milia
370 2159 635 2200 barbarorum
655 2160 697 2199 in
717 2159 815 2208 acie,
841 2159 969 2199 multa
989 2159 1117 2214 captis
1139 2160 1282 2200 castris
1303 2174 1441 2209 caesa3

93 2220 218 2274 palati
238 2220 305 2261 alii
325 2220 522 2275 Apuliam
546 2221 724 2262 maxime
749 2228 934 2276 petentes
961 2236 1054 2262 cum
1079 2221 1180 2277 fuga
1202 2221 1439 2277 longinqua,

94 2288 180 2321 tum
211 2282 321 2335 quod
351 2283 507 2337 passim
538 2297 607 2324 eos
640 2283 761 2323 simul
791 2298 919 2337 pavor
949 2290 1157 2336 terrorque
1188 2283 1440 2332 distulerant,

94 2341 144 2383 ab
170 2342 286 2383 hoste
313 2358 403 2385 sese
428 2345 546 2385 tutati
572 2350 678 2385 sunt.
733 2344 919 2386 dictatori
944 2359 1147 2386 consensu
1171 2352 1333 2399 patrum
1356 2345 1443 2400 plc-

93 2404 238 2458 bisque
264 2405 494 2460 triumphus
514 2407 714 2447 decretus.
751 2406 922 2447 vixdum
941 2407 1202 2461 perfunctum
1222 2422 1315 2448 eum
1333 2406 1441 2448 bello

93 2467 267 2507 atrocior
297 2468 408 2508 domi
439 2468 583 2509 seditio
615 2469 772 2522 excepit
782 2485 793 2518 3
831 2474 869 2509 et
898 2483 972 2523 per
1001 2468 1183 2523 ingentia
1219 2469 1442 2510 certamina

92 2527 265 2569 dictator
289 2535 536 2583 senatusque
561 2530 712 2578 victus,
744 2537 788 2570 ut
812 2530 1046 2585 rogationes
1072 2530 1310 2572 tribuniciae
1335 2531 1441 2572 acci-

91 2597 300 2643 perentur,
335 2597 375 2631 et
404 2591 568 2632 comitia
598 2591 812 2632 consulum
843 2592 1017 2633 adversa
1045 2592 1256 2634 nobilitate
1286 2592 1438 2642 habita,

92 2651 241 2704 quibus
268 2653 320 2694 L.
350 2652 516 2695 Sextius
543 2654 593 2695 de
617 2653 736 2709 plebe
761 2654 916 2708 primus
943 2655 1085 2696 consul
1109 2655 1256 2696 sactus.

1470 810 1487 838 10

1471 1056 1487 1066 n

1469 1553 1487 1580 s)

1470 1986 1486 2013 *l
