1835 3226
318 195 400 236 498
674 199 828 234 LIBER
852 199 905 243 x,
930 197 962 232 4.
982 198 1014 232 5.
1043 200 1139 241 [au.
1154 197 1315 243 e.452s3]

275 322 288 350 1
400 303 504 344 IIII.
552 302 751 343 Nuntiata
781 315 831 342 ea
861 300 1000 342 clades
1027 300 1206 341 Romam
1236 300 1434 341 maiorem
1459 315 1584 355 quam
1613 318 1678 345 res

319 373 405 407 erat
435 372 630 405 terrorem
662 363 825 404 excivit.
879 378 977 403 nam
1014 369 1058 403 ut
1089 362 1270 403 exercitu
1302 362 1436 404 deleto
1472 363 1530 404 ita
1564 364 1681 405 iusti-

274 443 291 471 2
318 428 418 467 tium
438 426 650 475 indictum,
672 425 883 466 custodiae
902 425 942 465 in
963 424 1106 479 portis,
1127 424 1291 479 vigiliae
1311 425 1477 465 vicatim
1497 432 1678 475 exactae,

273 506 291 535 3
318 504 448 537 arma,
475 487 556 528 tela
580 487 622 528 in
646 502 786 528 muros
813 495 1021 542 congesta.
1072 486 1263 528 omnibus
1289 486 1517 529 iunioribus
1544 502 1680 529 saera-

316 557 455 591 mento
491 550 646 592 adactis
684 550 859 591 dictator
893 549 946 590 ad
983 549 1206 590 exercitum
1242 549 1395 591 missus
1433 549 1570 591 omnia
1607 565 1680 605 spe

316 612 597 666 tranquilliora
621 619 661 654 et
686 612 900 667 conposita
924 612 1110 667 magistri
1136 612 1318 666 equitum
1344 627 1454 662 cura,
1481 619 1615 654 castra-
1639 613 1681 653 in

272 693 291 721 4
317 675 508 716 tutiorem
538 674 675 716 locum
705 675 890 724 redacta,
929 674 1135 724 cohortes,
1169 689 1275 728 quae
1301 675 1419 730 signa
1445 675 1679 725 amiserant,

318 744 434 779 extra
462 737 617 778 vallum
649 737 736 778 sine
768 737 954 778 tentoriiS
986 737 1203 778 destitutas
1241 738 1417 787 invenit,
1455 738 1680 779 exercitum

274 818 292 847 5
319 799 486 840 avidum
516 814 700 854 pugnae,
727 814 809 853 quo
834 799 1034 840 maturius
1061 799 1287 854 ignominia
1314 799 1556 841 aboleretur.
1605 799 1681 840 ita-

319 877 398 915 que
424 862 645 903 confestim
664 869 799 904 castra
822 862 918 903 inde
943 862 984 902 in
1003 877 1149 917 agrum
1163 862 1435 903 Rusellanum
1460 862 1679 917 promovit.

274 943 292 973 6
320 939 368 965 eo
393 931 433 965 01
457 924 598 966 hostes
625 925 767 974 secuti,
794 939 1046 978 quamquam
1066 939 1118 965 ex
1137 924 1241 966 bene
1266 931 1384 980 gesta
1408 939 1451 965 re
1477 939 1681 966 summam

318 993 356 1027 et
380 987 424 1028 in
449 993 589 1042 aperto
615 987 836 1028 certamine
856 987 1004 1028 virium
1031 1002 1147 1042 spem
1172 987 1393 1037 habebant,
1420 993 1558 1028 tamen
1582 986 1682 1027 insi-

318 1049 395 1089 diis
417 1063 594 1103 quoque,
615 1064 718 1103 quas
744 1049 918 1090 feliciter
942 1049 1100 1104 experti
1125 1056 1252 1099 crant,
1279 1049 1440 1090 hostem
1467 1054 1680 1103 temptant.

275 1125 291 1152 7
319 1118 426 1152 tecta
451 1112 648 1152 semiruta
671 1111 752 1152 vici
782 1126 855 1166 per
879 1112 1153 1152 vastationem
1184 1127 1378 1167 agrorum
1404 1111 1540 1152 deusti
1569 1110 1681 1151 haud

317 1173 460 1227 procul
498 1173 641 1214 castris
673 1173 956 1214 Romanorum
993 1173 1174 1215 aberant.
1233 1174 1291 1215 ibi
1327 1173 1477 1215 abditis
1515 1172 1682 1214 armatis

319 1250 445 1289 pecus
483 1235 524 1276 in
561 1242 785 1290 conspectu
820 1235 1015 1290 praesidii
1045 1236 1242 1285 Romani,
1281 1236 1346 1276 eui
1382 1242 1569 1290 praeerat
1601 1234 1679 1276 Cn.

275 1309 294 1338 8
320 1297 493 1337 Fulvius
525 1297 707 1353 legatus,
744 1297 1001 1351 propulsum.
1057 1298 1109 1338 ad
1146 1312 1270 1351 quam
1306 1297 1554 1338 inlecebram
1587 1312 1680 1338 cum

320 1366 553 1400 moveretur
578 1374 698 1400 nemo
724 1358 775 1400 ab
790 1359 980 1400 Romana
1004 1359 1191 1408 statione,
1217 1365 1430 1413 pastorum
1455 1374 1562 1399 unus
1587 1373 1682 1413 pro-

320 1436 490 1475 gressus
529 1421 605 1461 sub
642 1421 756 1475 ipsas
786 1421 1034 1462 munitiones
1066 1421 1259 1461 inclamat
1291 1420 1411 1469 alios,
1444 1427 1681 1461 cunctanter

321 1482 372 1523 ab
397 1482 526 1523 ruinis
552 1483 632 1523 vici
657 1497 784 1537 pecus
809 1483 1098 1537 propellentes,
1125 1483 1223 1536 quid
1249 1490 1468 1531 cessarent,
1496 1497 1588 1523 cum
1608 1497 1682 1537 per

277 1561 293 1587 0
321 1545 455 1585 1110(113
477 1552 611 1585 castra
625 1545 816 1586 Romana
836 1551 923 1585 tuto
944 1560 1065 1599 agere
1091 1552 1272 1599 possent.
1310 1545 1410 1585 11300
1432 1560 1525 1585 eum
1543 1545 1681 1599 legato

322 1607 509 1648 Caerites
535 1607 702 1660 quidam
733 1607 1096 1662 interpretarentur
1121 1614 1159 1648 et
1189 1622 1263 1662 per
1286 1608 1418 1648 omnis
1449 1607 1680 1662 manipulos

319 1669 494 1709 militum
519 1669 746 1724 indignatio
771 1669 917 1724 ingens
944 1675 1054 1710 esset
1078 1683 1154 1709 1100
1174 1675 1312 1709 tamen
1336 1669 1496 1709 iniussu
1515 1684 1680 1710 movero

320 1731 535 1780 auderent,
561 1731 675 1772 iubet
699 1731 852 1786 peritos
878 1731 1044 1786 linguae
1070 1731 1290 1772 adtendere
1317 1731 1516 1780 animum,
1543 1738 1682 1785 pasto-

256 1807 294 1836 10
319 1809 409 1834 rum
442 1808 577 1834 sermo
608 1793 762 1849 agresti
793 1809 846 1834 an
876 1793 1034 1834 urbano
1065 1793 1231 1848 propior
1261 1800 1383 1835 esset.
1433 1808 1526 1833 011111
1557 1792 1683 1834 refer-

318 1863 420 1905 rent,
448 1871 595 1897 sonum
619 1856 786 1911 linguae
812 1863 852 1897 et
878 1871 1095 1911 corporum
1121 1856 1308 1898 habitum
1334 1865 1372 1897 et
1398 1856 1572 1897 nitorem
1597 1855 1684 1896 cul-

320 1918 424 1959 tiora
465 1933 607 1972 quam·
632 1918 857 1973 pastoralia
899 1933 1017 1960 esse:
1062 1919 1140 1960 ‘ite
1176 1919 1319 1974 igitur,
1357 1918 1511 1967 dicite,'
1551 1917 1684 1971 inquit

323 1981 534 2036 ‘detegant
563 1981 816 2034 nequiquam
852 1981 1038 2021 conditas
1069 1981 1258 2022 insidias:
1296 1981 1434 2022 onmia
1465 1980 1568 2021 scire
1598 1980 1685 2021 Ro-

320 2058 488 2083 manum
514 2057 589 2084 nec
609 2043 742 2098 magis
768 2043 849 2084 iam
870 2043 963 2084 dolo
984 2043 1075 2098 capi
1101 2058 1225 2097 quam
1250 2043 1374 2084 armis
1401 2043 1509 2083 vinci
1534 2043 1683 2097 posse.'

256 2120 290 2148 11
319 2105 422 2146 hacc
446 2105 519 2147 ubi
544 2106 682 2147 audita
709 2112 805 2147 sunt
830 2112 869 2146 et
894 2106 946 2146 ad
971 2120 1041 2146 eos
1067 2106 1137 2159 qui
1163 2106 1433 2146 consederant
1457 2105 1498 2145 in
1523 2105 1683 2146 insidiis

320 2168 489 2222 perlata,
517 2175 827 2210 consurrectum
852 2174 1019 2222 repente
1041 2182 1091 2208 ex
1116 2167 1283 2209 latebris
1310 2175 1383 2217 est,
1411 2173 1451 2208 et
1474 2167 1516 2207 in
1540 2174 1684 2222 paten-

257 2244 294 2272 12
322 2237 403 2270 tem
430 2230 482 2271 ad
507 2237 774 2285 conspectum
799 2230 981 2284 undique
1006 2244 1198 2284 campum
1228 2229 1387 2285 prolata
1413 2229 1544 2284 signa.
1593 2229 1684 2270 visa

320 2292 457 2348 legato
488 2293 619 2334 maior
649 2294 758 2334 acies
789 2307 914 2346 quam
945 2307 1050 2346 quae
1081 2292 1133 2334 ab
1159 2307 1234 2334 suo
1259 2292 1465 2347 praesidio
1491 2292 1683 2333 sustineri

321 2362 474 2409 posset.
518 2355 657 2409 itaque
681 2370 855 2410 propere
875 2354 927 2395 ad
951 2355 1192 2395 dictatorcm
1217 2354 1370 2396 auxilia
1389 2354 1565 2395 accitum
1591 2354 1684 2394 mit-

322 2417 386 2466 tit;
418 2417 573 2458 interca
597 2418 685 2472 ipse
710 2418 888 2472 impetus
914 2416 1095 2471 hostium
1121 2417 1307 2458 sustinet.

280 2493 293 2521 1
406 2479 459 2520 V.
507 2479 662 2520 Nuntio
694 2480 830 2520 adlato
861 2479 1035 2520 dictator
1066 2479 1185 2533 signa
1215 2478 1313 2519 ferri
1344 2493 1392 2520 ac
1424 2478 1540 2531 sequi
1570 2477 1684 2519 iubet

278 2554 296 2582 2
323 2548 512 2582 armatos.
563 2542 636 2583 sed
667 2542 861 2583 celeriora
890 2556 1017 2596 prope
1043 2541 1181 2582 omnia
1205 2541 1377 2596 imperio
1403 2547 1535 2590 erant,
1567 2546 1684 2594 rapta

324 2603 529 2657 extemplo
556 2604 675 2658 signa
700 2618 914 2658 armaque,
942 2610 980 2644 et
1006 2603 1075 2643 xix
1101 2603 1152 2644 ab
1177 2603 1333 2658 impetu
1359 2609 1398 2644 01
1423 2617 1547 2643 eursu
1572 2608 1683 2642 tene-

323 2663 482 2705 bantur.
533 2680 626 2706 cum
652 2667 712 2707 ira
738 2666 789 2708 ab
815 2672 985 2721 accepta
1009 2680 1140 2720 nuper
1165 2665 1281 2707 clade
1308 2664 1563 2713 stimulabat,
1595 2670 1681 2704 tum
