1835 3226
361 257 440 296 174
696 259 848 293 LIBER
872 259 946 302 111,
972 258 1025 292 53.
1044 258 1098 291 54.
1129 260 1176 301 [a.
1190 270 1225 292 u.
1243 269 1272 293 0.
1285 259 1367 302 305]

356 372 494 406 nostra
525 380 545 403 a
580 362 790 416 suppliciis
822 368 892 402 aut
921 367 1084 415 patrum
1115 361 1157 400 in
1187 360 1350 415 plebem
1381 359 1611 401 Romanam
1643 372 1713 402 aut

312 444 328 468 ε)
355 426 486 480 plebis
511 425 553 465 in
578 423 739 478 patres?
771 430 886 465 scuto
912 423 1029 464 vobis
1055 423 1188 477 magis
1214 437 1337 476 quam
1357 422 1495 477 gladio
1517 437 1618 476 opus
1638 430 1712 464 est.

356 487 454 528 satis
481 500 685 539 superque
710 485 875 525 humilis
902 491 976 535 est,
1003 485 1074 538 qui
1098 485 1184 525 iure
1210 499 1341 537 aequo
1365 484 1407 524 in
1433 484 1595 524 civitate
1615 485 1715 525 vivit

292 564 329 590 ῑι)
355 562 430 588 nce
465 547 679 588 inferendo
715 547 904 587 iniuriam
941 560 1018 586 nee
1053 546 1261 601 patiendo.
1319 545 1441 586 etiam
1480 545 1513 586 si
1550 546 1714 598 quando

355 609 596 650 metuendos
621 624 696 650 vos
722 608 947 663 praebituri
972 608 1090 657 estis,
1120 623 1213 648 eum
1235 608 1474 663 reciperatis
1500 607 1715 662 magistra-

354 671 463 712 tibus
488 670 733 726 legibusque
758 669 905 711 vestris
930 669 1082 710 iudicia
1106 684 1232 724 penes
1257 684 1331 711 vos
1359 677 1476 710 erunt
1507 669 1557 709 de
1583 669 1715 724 capite

355 740 493 774 nostro
518 732 794 785 fortunisque,
833 738 930 772 tune
962 737 1006 771 ut
1037 745 1224 784 quaeque
1250 746 1375 789 causa
1407 731 1481 771 crit
1507 730 1713 772 statuetis:

354 809 462 835 nunc
486 794 716 835 libertatem
742 793 870 847 repeti
897 793 995 834 satis
1022 792 1109 833 est?

314 872 323 899 1
438 856 584 896 LIIII.
626 855 829 897 Facerem
843 861 886 895 ut
900 855 1051 896 vellent
1070 854 1400 909 permittentibus
1422 855 1579 895 cunetis
1618 869 1714 895 mox

309 934 326 961 2
353 917 554 959 redituros
581 932 624 958 se
648 917 775 972 legati
798 916 922 958 rebus
947 916 1140 971 perfectis
1160 916 1389 957 adfirmant.
1427 916 1601 970 profecti
1620 931 1714 957 cum

353 980 545 1020 mandata
557 978 690 1033 plebis
704 978 889 1034 patribus
905 978 1206 1033 exposuissent,
1222 978 1289 1018 alii
1303 978 1535 1027 decemviri,
1550 979 1714 1031 quando

353 1041 517 1094 quidem
550 1047 711 1095 praeter
742 1055 858 1094 spem
887 1041 1071 1094 ipsorum
1103 1039 1292 1094 supplicii
1325 1040 1389 1080 sui
1418 1039 1531 1079 nulla
1561 1039 1714 1079 mentio

310 1117 327 1144 :3
353 1103 484 1150 fieret,
521 1102 633 1143 haud
663 1103 883 1155 quicquam
914 1102 1113 1151 abnucre3
1151 1101 1316 1156 Appius
1349 1101 1453 1142 truci
1483 1101 1650 1156 ingenio
1676 1110 1715 1141 et

353 1164 508 1204 invidia
531 1165 752 1218 praecipua
777 1164 916 1205 odium
941 1165 982 1204 in
1008 1178 1052 1204 se
1078 1164 1250 1204 aliorum
1276 1177 1351 1204 suo
1376 1163 1418 1203 in
1443 1177 1513 1203 eos
1540 1163 1713 1203 metiens

309 1240 328 1268 4
355 1226 448 1266 odio
475 1225 603 1266 ‘haud
627 1225 786 1280 ignaro'
811 1226 942 1278 inquit
969 1226 1172 1265 ‘imminet
1196 1225 1371 1266 fortuna.
1422 1225 1555 1274 video,
1582 1225 1713 1265 donec

354 1302 467 1327 arma
486 1287 731 1328 adversariis
753 1287 975 1335 tradantur,
1003 1287 1158 1326 differri
1178 1287 1375 1327 adversus
1396 1301 1469 1326 nos
1491 1292 1709 1326 certamen.

355 1348 515 1389 dandus
542 1348 719 1388 invidiae
745 1354 808 1388 est
833 1348 1014 1403 sanguis.
1063 1347 1164 1387 nihil
1189 1362 1240 1387 ne
1265 1362 1342 1401 ego
1368 1347 1535 1400 quidem
1560 1362 1708 1396 moror,

310 1425 327 1452 5
353 1425 434 1463 quo
465 1411 599 1451 minus
632 1411 909 1451 decemviratu
940 1409 1111 1451 abcam.’
1159 1409 1316 1450 factum
1347 1415 1514 1450 senatus
1547 1409 1715 1450 consul-

353 1478 457 1520 tum,
496 1478 540 1512 ut
570 1472 790 1513 decemviri
822 1486 865 1512 se
896 1472 1027 1526 primo
1058 1486 1222 1524 quoque
1253 1478 1436 1526 tempore
1467 1471 1710 1526 magistratu

353 1533 606 1583 abdicarent,
645 1532 697 1585 Q.
723 1533 875 1574 Furius
906 1533 1092 1586 pontifex
1122 1533 1327 1573 maximus
1359 1533 1545 1574 tribunos
1577 1533 1709 1587 plebis

353 1600 505 1634 crearet
537 1601 576 1634 et
606 1609 657 1635 ne
688 1595 753 1634 cui
778 1594 913 1634 fraudi
939 1600 1049 1634 esset
1074 1594 1253 1635 secessio
1278 1594 1453 1634 militum
1482 1594 1709 1649 plebisque.

309 1671 325 1698 υ·
352 1656 415 1696 his
443 1662 609 1696 senatus
635 1655 832 1696 consultis
857 1655 1070 1709 perfectis,
1097 1655 1268 1696 dimisso
1295 1664 1457 1705 senatu,
1491 1655 1713 1697 decemviri

352 1717 554 1771 prodeunt
578 1717 619 1757 in
645 1717 877 1757 contionem
902 1716 1175 1769 abdicantque
1203 1731 1246 1757 se
1271 1717 1527 1771 magistratu,
1553 1718 1710 1772 ingenti

309 1794 323 1821 7
351 1779 564 1819 hominum
589 1778 754 1819 laetitia.
791 1778 1031 1818 nuntiantur
1054 1778 1156 1818 haec
1174 1777 1297 1832 plebi.
1334 1778 1493 1834 legatos
1512 1779 1712 1832 quidquid

351 1840 389 1880 in
416 1839 517 1881 urbe
542 1840 754 1880 hominum
782 1846 992 1894 supererat
1016 1840 1289 1894 prosequitur.
1339 1840 1435 1880 huie
1460 1839 1711 1880 multitudini

350 1902 458 1942 laeta
481 1901 561 1942 alia
586 1901 706 1943 turba
736 1916 787 1942 ex
819 1902 962 1943 castris
994 1902 1180 1943 occurrit.
1231 1902 1568 1957 congratulantur
1591 1901 1712 1943 liber-

306 1978 324 2005 s
351 1969 476 2004 tatem
507 1964 850 2017 concordiamque
882 1963 1036 2005 civitati
1066 1965 1310 2005 restitutam.
1360 1964 1485 2019 legati
1515 1978 1589 2018 pro
1615 1978 1710 2004 eon-

351 2025 477 2066 tione:
523 2025 653 2079 ‘quod
688 2025 844 2066 bonum
879 2026 1065 2067 faustum
1101 2026 1284 2079 felixque
1322 2026 1375 2067 sit
1415 2026 1534 2067 vobis
1571 2025 1711 2079 reique

349 2087 557 2142 publicae,
593 2087 723 2128 redite
752 2088 795 2128 in
819 2088 993 2142 patriam
1019 2088 1071 2128 ad
1095 2094 1285 2142 penates,
1318 2088 1513 2143 coniuges
1539 2087 1711 2129 liberos-

350 2163 429 2203 que
447 2155 620 2190 vestros
654 2150 739 2199 sed,
766 2164 847 2203 qua
865 2150 931 2190 hic
953 2150 1156 2191 modestia
1183 2149 1333 2199 fuistis,
1360 2149 1429 2190 ubi
1448 2149 1599 2189 nullius
1613 2163 1712 2204 ager

349 2210 392 2251 in
417 2216 476 2251 tot
499 2225 636 2251 rerum
659 2226 739 2252 usu
759 2211 991 2252 necessario
1012 2217 1148 2252 tantae
1168 2211 1418 2251 multitudini
1438 2216 1499 2251 est
1518 2210 1708 2259 violatus,

350 2287 441 2313 eam
465 2272 708 2313 modestiam
739 2272 842 2313 ferte
872 2273 914 2312 in
944 2272 1100 2313 urbem.
1149 2273 1191 2313 in
1215 2272 1471 2313 Aventinum
1496 2272 1569 2322 ite,
1601 2273 1710 2313 uncle

307 2348 324 2375 9
351 2333 523 2388 profecti
548 2334 659 2375 estis.
709 2334 767 2375 ibi
797 2334 907 2375 felici
937 2334 1048 2383 loco,
1086 2334 1158 2375 ubi
1182 2334 1315 2388 prima
1339 2334 1454 2374 initia
1483 2333 1706 2375 inchoastis

350 2395 547 2437 libertatis
584 2402 763 2446 vestrae,
802 2396 987 2437 tribunos
1024 2396 1135 2450 plebi
1172 2395 1375 2437 creabitis.
1429 2402 1594 2450 praesto
1631 2395 1707 2435 erit

287 2471 326 2499 10
350 2459 535 2512 pontifex
560 2459 784 2508 maximus,
822 2460 892 2513 qui
918 2458 1083 2499 comitia
1107 2457 1282 2500 habeat.'
1329 2459 1476 2513 ingens
1508 2458 1707 2499 adsensus

352 2520 622 2574 alacritasque
655 2527 802 2561 cuncta
839 2519 1155 2575 adprobantium
1191 2519 1279 2560 fuit.
1336 2525 1579 2560 convertunt
1612 2518 1707 2559 inde

354 2582 483 2636 signa,
511 2582 766 2637 profectique
785 2582 962 2623 Romam
988 2587 1144 2623 certant
1169 2596 1264 2622 cum
1289 2581 1420 2622 obviis
1441 2580 1605 2636 gaudio.
1644 2595 1707 2620 ar-

295 2653 329 2680 11
356 2644 450 2683 mati
474 2658 548 2698 per
570 2643 714 2684 urbem
740 2644 900 2684 silentio
924 2644 966 2684 in
985 2643 1241 2684 Aventinum
1266 2643 1519 2697 perveniunt.
1553 2640 1611 2681 ibi
1638 2655 1707 2681 ex-

355 2705 504 2758 templo
530 2705 720 2758 pontifice.
746 2705 925 2747 maximo
951 2705 1115 2747 comitia
1139 2705 1314 2746 habente
1365 2703 1547 2744 tribunos
1573 2702 1705 2757 plebis
