1780 3204
423 273 577 309 LIBER
600 274 675 319 111,
703 274 756 309 66.
777 274 829 308 67.
860 277 908 318 [a.
925 272 964 308 C.
978 274 1054 308 447.
1069 273 1150 317 446]
1393 264 1472 306 187

116 386 223 422 retro
265 378 318 420 ad
356 377 607 419 Corbionem
648 378 811 433 agmine
847 378 947 427 iere,
987 376 1207 430 Quinctius
1243 376 1388 418 consul
1423 377 1476 418 ad

117 441 350 483 contionem
374 439 574 494 populum
597 440 772 481 vocavit.

201 502 393 544 LXVII.
430 501 497 543 Ibi
515 502 558 542 in
576 501 683 543 hanc
703 502 946 543 sententiam
972 501 1154 542 locutum
1179 501 1354 555 accipio:
1382 501 1476 542 ‘etsi

117 565 217 606 mihi
247 564 400 605 nullius
431 578 565 605 noxae
597 564 804 613 conscius,
838 562 1039 616 Quirites,
1072 578 1182 613 sum,
1213 570 1353 604 tamen
1383 577 1476 604 cum

117 627 276 682 pudore
307 640 469 668 summo
500 625 542 666 in
573 625 806 666 contionem
836 632 1018 666 vestram
1047 625 1242 679 processi.
1291 624 1370 665 hoe
1401 639 1475 666 vos

119 689 241 738 scire,
267 688 346 729 hoc
369 687 545 742 posteris
571 687 791 728 memoriae
817 687 1011 728 traditum
1030 687 1097 736 iri,
1123 686 1296 741 Aequos
1317 694 1357 728 et
1376 685 1477 728 Vol-

118 765 228 799 scos,
257 749 327 790 vix
344 749 538 790 Hernicis
563 749 685 789 modo
710 763 849 803 pares,
878 748 929 789 T.
949 748 1144 801 Quinctio
1164 756 1355 802 quartum
1381 762 1477 789 con-

118 812 206 853 sule
243 811 296 852 ad
330 810 492 852 moenia
526 810 639 851 urbis
675 809 835 851 Romae
877 810 1031 864 inpune
1076 817 1255 851 armatos
1292 808 1475 851 venissel

116 874 223 914 hane
248 887 325 928 ego
349 872 949 928 ignominiam—quamquam
975 872 1056 912 iam
1082 872 1152 912 diu
1176 872 1233 913 ita
1251 872 1414 921 vivitur,
1440 871 1476 913 is

118 944 248 977 status
273 951 412 977 rerum
436 942 516 985 est,
553 942 599 975 ut
629 935 731 975 nihil
756 934 854 976 boni
879 935 1033 975 dixinet
1058 935 1219 976 animus
1245 960 1298 964 -—
1325 934 1359 975 si
1382 934 1478 974 huic

116 998 378 1053 potissimum
408 997 620 1038 imminere
652 1011 758 1038 anno
784 997 974 1046 scissem,
1007 996 1072 1037 vel
1097 997 1218 1037 exilio
1243 996 1309 1037 vel
1334 1002 1475 1045 morte,

118 1060 153 1101 si
177 1060 257 1100 alia
281 1059 382 1115 fuga
405 1059 571 1100 honoris
592 1074 675 1099 non
694 1065 822 1108 esset,
848 1058 1057 1099 vitassem.
1096 1073 1194 1113 ergo
1215 1059 1250 1099 si
1268 1058 1344 1098 xiri
1363 1072 1478 1098 arma

119 1121 188 1162 illa.
206 1121 465 1170 habuissent,
492 1135 597 1174 quae
616 1120 660 1161 in
677 1121 804 1175 portis
825 1120 938 1161 fuere
957 1120 1126 1169 nostris,
1154 1120 1245 1174 capi
1257 1120 1392 1160 Roma
1411 1134 1476 1159 me

119 1183 287 1225 consule
311 1182 468 1238 potuit?
503 1182 601 1223 satis
626 1181 848 1230 honorum,
882 1182 980 1222 satis
1008 1195 1211 1235 superque
1237 1181 1344 1221 vitae
1370 1187 1475 1230 erat3

116 1245 218 1286 mori
244 1244 454 1286 consulem
478 1243 641 1284 tertium
661 1243 852 1297 op‘ortuit.
891 1258 1014 1296 quem
1033 1243 1199 1284 tandem
1219 1242 1478 1298 ignavissimi

116 1307 296 1347 hostium
328 1305 634 1360 contempsere?
669 1320 745 1347 nos
777 1305 966 1347 consules
993 1321 1045 1346 an
1068 1321 1162 1355 vos,
1197 1305 1406 1358 Quirites?
1443 1306 1478 1346 si

116 1368 236 1422 culpa
260 1368 302 1408 in
326 1367 446 1409 nobis
472 1374 552 1417 est,
579 1367 737 1408 auferte
761 1368 981 1422 imperium
1005 1368 1185 1423 indignis
1206 1375 1263 1418 et,
1292 1368 1326 1409 si
1344 1368 1386 1408 id
1405 1383 1477 1422 pa-

114 1445 205 1471 rum
230 1437 310 1480 est,
336 1430 504 1484 insuper
527 1445 682 1485 poenas
709 1431 905 1485 expetite:
938 1431 973 1472 si
996 1431 1040 1472 in
1065 1431 1201 1481 vobis,
1233 1445 1355 1472 nemo
1381 1431 1478 1472 deo-

114 1507 205 1533 rum
229 1507 306 1533 nec
324 1492 539 1533 hominum
559 1492 627 1542 sit,
654 1493 725 1547 qui
743 1500 881 1534 vestra
900 1494 1042 1548 puniat
1061 1500 1249 1548 peccata,
1277 1492 1476 1546 Quirites,

116 1562 277 1596 vosmet
295 1561 454 1596 tantum
473 1570 615 1596 eorum
633 1556 852 1610 paeniteat.
890 1571 972 1597 non
992 1556 1049 1596 illi
1068 1563 1246 1597 vestram
1266 1556 1477 1611 ignaviam

118 1624 402 1672 contempsere
432 1631 508 1658 nec
540 1632 638 1658 suae
669 1618 810 1658 virtuti
835 1618 979 1659 confisi
1005 1625 1118 1667 sunt,
1150 1618 1303 1672 quippe
1328 1618 1476 1658 totiens

116 1678 200 1719 fusi
236 1678 468 1734 fugatique,
512 1679 655 1720 castris
693 1679 823 1728 exuti,
867 1695 967 1734 agro
1002 1679 1182 1728 multati,
1221 1679 1298 1720 sub
1334 1679 1479 1734 iugum

117 1740 252 1789 missi,
290 1747 329 1780 et
361 1755 405 1781 se
436 1747 476 1781 et
505 1756 580 1782 vos
611 1756 775 1782 novere.
825 1741 1030 1782 discordia
1055 1742 1244 1782 ordinum
1270 1748 1332 1782 est
1356 1755 1479 1781 vene-

117 1816 215 1841 num
241 1801 354 1843 urbis
379 1801 521 1851 huius,
553 1811 717 1856 patrum
748 1817 795 1843 ac
825 1803 958 1857 plebis
991 1803 1224 1844 certamina.
1274 1803 1373 1843 dum
1403 1817 1480 1843 nec

118 1863 238 1904 nobis
262 1863 423 1917 imperii
447 1879 524 1905 nee
548 1864 666 1905 vobis
690 1864 890 1906 libertatis
917 1872 978 1906 est
1008 1866 1174 1914 modus,
1212 1866 1311 1906 dum
1343 1865 1479 1906 taedet

118 1939 194 1966 vos
218 1925 501 1979 patriciorum,
533 1925 608 1967 hos
633 1925 889 1980 plebeiorum
913 1927 1248 1982 magistratuum,
1276 1926 1477 1968 sustulere

120 1988 178 2029 illi
209 1988 380 2029 animos,
428 2003 502 2042 pro
533 1988 657 2029 deum
686 1988 810 2029 fidem
840 1989 940 2042 quid
964 1989 1081 2030 vobis
1108 1989 1256 2030 vultis?
1291 1989 1477 2030 tribunos

119 2050 252 2105 plebis
279 2050 548 2104 concupistis:
575 2051 817 2092 concordiae
843 2065 969 2092 causa
987 2051 1288 2101 concessimus3
1315 2051 1478 2092 decem-

119 2112 228 2153 viros
254 2112 536 2154 desiderastis:
570 2112 698 2153 creari
721 2113 835 2167 passi
860 2127 1023 2162 sumus3
1055 2113 1379 2154 decemvirorum
1402 2127 1478 2154 vos

119 2181 354 2228 pertaesum
385 2180 462 2215 est:
506 2174 717 2229 coegimus
754 2174 865 2216 abire
901 2175 1156 2230 magistratu.
1212 2181 1401 2215 manente
1436 2175 1479 2215 in

122 2236 289 2276 eosdem
313 2237 495 2290 privatos
521 2236 582 2277 ira
606 2243 760 2285 vestra,
792 2237 897 2278 mori
922 2243 1043 2290 atque
1075 2237 1242 2278 exulare
1272 2236 1479 2278 nobilissi-

121 2312 211 2338 mos
236 2298 345 2338 viros
376 2298 797 2352 honoratissimosque
827 2299 942 2353 passi
972 2313 1127 2340 sumus.
1177 2298 1363 2340 tribunos
1392 2298 1479 2353 ple-

121 2358 184 2400 bis
228 2373 365 2400 creare
406 2360 554 2400 iterum
597 2360 811 2402 voluistis:
867 2362 1048 2402 creastis.
1110 2361 1301 2402 consules
1343 2360 1479 2402 facere

122 2427 351 2461 vestrarum
393 2422 596 2476 partium,
646 2423 723 2463 etsi
764 2422 950 2477 patribus
995 2423 1235 2464 videbamus
1278 2423 1477 2476 iniquum,

120 2482 337 2537 patricium
362 2498 525 2537 quoque
551 2484 837 2540 magistratum
861 2484 972 2539 plebi
997 2485 1151 2526 donum
1175 2485 1264 2525 fieri
1288 2485 1477 2525 vidimus.

121 2544 319 2585 auxilium
356 2544 635 2595 tribunicium,
673 2547 1008 2601 provocationem
1039 2547 1092 2587 ad
1120 2546 1339 2602 populum,
1378 2546 1479 2587 scita

120 2605 252 2660 plebis
284 2607 466 2648 iniuncta
495 2607 700 2662 patribus,
740 2608 816 2649 sub
848 2609 964 2650 titulo
997 2609 1304 2662 aequandarum
1338 2608 1478 2664 legum

119 2674 259 2709 nostra
294 2669 382 2709 iura
418 2684 615 2725 oppressa
651 2670 818 2711 tuh‘mus
855 2677 895 2712 et
929 2670 1113 2712 ferimus.
1168 2671 1239 2725 qui
1273 2670 1366 2712 finis
1403 2670 1476 2712 erit

119 2729 442 2772 discordiarum?
478 2732 691 2786 ecquando
722 2748 847 2774 unam
878 2732 1023 2775 urbem
1052 2732 1222 2783 habere,
1261 2732 1474 2787 ecquando

1504 515 1519 543 l

1502 885 1520 914 2

1503 1071 1521 1100 3

1505 1753 1522 1783 6

1506 2003 1521 2031 *l

1505 2684 1544 2714 10
