1835 3226
355 245 434 286 192
690 249 844 284 LIBER
870 249 944 293 111,
971 249 1025 282 71.
1046 249 1098 283 72.
1126 252 1223 293 [a.u.
1240 251 1362 293 ceos]

350 360 591 402 certassent,
631 352 769 392 multis
806 352 982 392 invicem
1019 351 1205 393 cladibus
1236 351 1338 392 fessi
1368 353 1544 394 iudicem
1575 369 1706 409 popu-

305 430 322 459 3
348 417 433 456 lum
457 415 693 455 Romanum
724 427 881 467 cepere.
937 428 1030 454 cum
1062 414 1114 454 ad
1145 428 1313 454 causam
1344 414 1540 454 orandam
1570 416 1706 456 venis-

302 1361 317 1388 *X

298 1668 317 1697 CL*

298 2536 314 2564 :3

299 2719 315 2746 -l

349 483 456 526 sent,
489 475 661 516 concilio
686 475 828 530 populi
852 490 877 515 a
902 475 1211 530 magistratibus
1237 476 1332 516 dato
1363 491 1515 530 magna
1541 483 1706 518 conten-

348 539 456 579 tione
481 544 631 578 actum.
679 537 844 591 iamque
870 538 989 579 editis
1023 537 1197 579 testibus
1229 552 1323 578 cum
1348 537 1478 579 tribus
1503 539 1643 579 vocari
1667 545 1706 580 et

347 599 546 654 populum
570 599 672 640 inire
698 599 943 655 suffragium
963 606 1181 654 oporteret,
1209 600 1420 655 consurgit
1438 599 1488 640 P.
1512 598 1705 654 Scaptius

346 663 397 704 de
421 662 542 717 plebe
567 677 718 717 magno
743 668 842 703 natu
867 668 907 703 et
934 663 988 704 ‘si
1012 662 1137 711 licet,’
1167 662 1300 716 inquit
1326 662 1554 711 ‘consulcs,
1587 662 1638 703 de
1661 676 1706 704 re

345 724 511 780 publica
535 725 688 773 dicere,
722 739 855 765 errare
881 739 959 780 ego
983 725 1183 779 populum
1206 724 1249 764 in
1273 724 1352 765 hac
1377 739 1503 765 causa
1526 739 1610 765 non
1634 739 1707 778 pa-

345 787 446 827 tiar.’
495 801 589 827 cum
619 793 665 827 ut
696 802 847 827 vanum
878 801 972 829 eum
1003 793 1203 842 negarent
1234 787 1423 828 consules
1455 787 1706 828 audiendum

346 863 438 890 csse
463 849 854 902 vociferantemque,
880 849 998 904 prodi
1022 849 1233 904 publicam
1258 863 1441 898 causam,
1469 848 1706 890 submoveri

346 911 582 960 iussissent,
614 910 801 952 tribunos
828 911 1019 966 appellat.
1068 911 1239 960 tribuni,
1272 917 1317 951 ut
1342 911 1428 952 fere
1455 925 1618 965 semper
1641 926 1706 953 re-

344 980 497 1029 guntur
522 989 545 1014 a
572 973 831 1014 multitudine
856 974 990 1029 magis
1016 988 1140 1027 quam
1165 979 1332 1028 regunt,
1359 973 1507 1014 dedere
1533 973 1706 1028 cupidae

345 1035 537 1076 audiendi
567 1035 696 1089 plebi,
735 1041 780 1075 ut
805 1050 910 1089 quae
935 1035 1058 1076 vellet
1085 1034 1278 1090 Scaptius
1310 1035 1474 1076 diceret.
1523 1035 1581 1077 ibi
1604 1035 1705 1085 infit,

345 1114 498 1139 annum
524 1113 567 1139 se
593 1099 757 1139 tertium
783 1105 823 1139 et
847 1099 1148 1154 octogesimum
1174 1113 1297 1154 agere
1323 1105 1362 1139 et
1380 1099 1423 1139 in
1448 1113 1496 1140 eo
1516 1113 1628 1154 agro,
1655 1098 1706 1139 de

345 1176 426 1215 quo
452 1161 598 1216 agitur,
625 1161 824 1202 militasse
849 1176 931 1202 non
955 1162 1160 1210 iuvenem,
1186 1161 1384 1202 vicesima
1402 1161 1484 1202 iam
1504 1161 1708 1216 stipendia

345 1230 587 1271 merentem,
621 1237 713 1263 cum
740 1223 793 1263 ad
819 1222 1007 1264 Coriolos
1039 1223 1092 1264 sit
1122 1222 1332 1264 bellatum.
1382 1237 1430 1263 eo
1455 1237 1541 1263 rem
1567 1237 1611 1263 se
1636 1236 1706 1263 ve-

345 1291 496 1325 tustate
521 1284 815 1334 oblitteratam,
854 1290 1035 1325 ceterum
1062 1299 1161 1325 suae
1187 1284 1407 1325 memoriae
1438 1283 1607 1324 infixam
1633 1283 1704 1324 ad-

345 1346 468 1387 ferre:
512 1361 676 1401 agrum,
719 1346 770 1386 de
807 1360 888 1399 quo
924 1345 1163 1400 ambigitur,
1206 1345 1350 1386 finium
1391 1343 1704 1386 Coriolanorum

345 1409 474 1450 fuisse
507 1409 718 1463 captisque
751 1407 928 1450 Coriolis
960 1408 1046 1449 iure
1079 1407 1175 1449 belli
1204 1408 1417 1462 publicum
1446 1407 1589 1462 populi
1619 1406 1703 1448 Ro-

345 1471 454 1512 mani
479 1471 647 1511 factum.
696 1470 834 1511 mirari
860 1485 922 1520 sc,
955 1485 1133 1524 quonam
1158 1485 1270 1511 more
1297 1471 1500 1511 Ardeates
1525 1469 1704 1510 Aricini-

345 1547 442 1586 que,
481 1533 596 1573 cuius
623 1532 711 1587 agri
735 1532 799 1572 ius
825 1546 1050 1585 numquam
1081 1532 1369 1586 usurpaverint
1398 1531 1593 1572 incolumi
1620 1529 1703 1572 Co-

343 1594 499 1634 riolana
522 1608 583 1643 re,
622 1609 717 1634 eum
743 1608 786 1634 se
812 1609 836 1634 a
860 1594 1013 1648 populo
1039 1594 1245 1643 Romano,
1283 1608 1406 1647 quem
1436 1608 1510 1648 pro
1536 1592 1703 1634 domino

344 1655 520 1696 iudicem
539 1655 723 1704 fecerint,
748 1655 1045 1709 intercepturos
1068 1663 1243 1709 sperent.
1283 1655 1361 1697 sibi
1381 1656 1576 1710 exiguum
1595 1655 1702 1695 vitae

344 1724 505 1771 tempus
533 1731 763 1771 superesse,
789 1731 872 1757 non
896 1717 1080 1771 potuisse
1107 1731 1150 1757 se
1176 1723 1314 1758 tamen
1338 1718 1530 1757 inducere
1555 1717 1598 1757 in
1617 1715 1702 1757 ani-

343 1793 475 1828 mum,
508 1778 625 1832 quin,
657 1792 781 1831 quem
806 1793 952 1833 agrum
977 1778 1095 1819 miles
1120 1793 1194 1832 pro
1218 1785 1333 1832 parte
1358 1778 1464 1818 virili
1489 1793 1614 1818 manu
1638 1791 1703 1818 ce-

342 1841 482 1895 pisset,
510 1855 604 1881 eum
619 1854 745 1881 senex
764 1854 928 1893 quoque
947 1854 1061 1890 voce,
1088 1855 1170 1894 qua
1183 1855 1265 1881 una
1284 1846 1438 1894 posset,
1465 1839 1701 1880 vindicaret.

343 1917 592 1957 magnopere
619 1917 662 1943 se
689 1902 862 1943 suadere
886 1902 1053 1956 populo,
1078 1917 1129 1943 ne
1149 1902 1281 1943 inutili
1300 1902 1457 1957 pudore
1477 1917 1595 1943 suam
1613 1901 1702 1955 ipse

343 1980 511 2006 causam
537 1965 761 2005 damnaret.

425 2026 625 2067 LXXH.
676 2025 881 2068 Consules
907 2041 1001 2067 cum
1028 2025 1242 2081 Scaptium
1267 2042 1351 2068 non
1381 2026 1541 2068 silentio
1566 2025 1701 2074 modo,

342 2088 415 2129 sed
440 2103 535 2129 cum
560 2088 740 2129 adsensu
765 2088 888 2129 etiam
913 2088 1046 2128 audiri
1070 2088 1476 2137 animadvertissent,
1503 2088 1603 2128 deos
1629 2087 1702 2129 ho-

341 2151 555 2204 minesque
569 2157 780 2200 testantes,
813 2150 1013 2205 flagitium
1027 2150 1175 2205 ingens
1194 2150 1294 2200 fieri,
1320 2156 1482 2205 patrum
1500 2150 1701 2204 primores

343 2219 567 2254 arcessunt.
617 2227 712 2254 cum
736 2213 786 2253 iis
813 2212 1027 2253 circumire
1053 2212 1202 2262 tribus,
1234 2227 1367 2262 orare,
1399 2227 1450 2253 ne
1475 2212 1702 2266 pessimum

340 2274 501 2315 facinus
531 2275 670 2329 peiore
701 2274 890 2328 exemplo
916 2274 1178 2315 admitterent
1207 2274 1362 2315 iudices
1393 2274 1435 2314 in
1467 2289 1584 2315 suam
1615 2287 1702 2314 rem

341 2337 453 2377 litem
485 2337 699 2386 vertendo,
738 2351 832 2377 cum
861 2336 1122 2391 praesertim,
1162 2336 1285 2378 etiam
1317 2336 1352 2377 si
1383 2336 1446 2377 fas
1479 2336 1531 2377 sit
1561 2350 1701 2376 curam

341 2392 605 2439 emolumenti
631 2399 694 2439 sui
718 2398 845 2439 iudici
870 2413 974 2447 esse,
1001 2413 1262 2452 nequaquam
1282 2404 1439 2439 tantum
1459 2412 1558 2452 agro
1577 2397 1700 2438 inter-

342 2460 528 2514 cipiendo
554 2461 807 2514 acquiratur,
840 2467 1039 2514 quantum
1065 2461 1276 2502 amittatur
1305 2460 1529 2501 alienandis
1554 2459 1701 2500 iniuria),

342 2523 545 2563 sociorum
569 2523 729 2564 animis.
779 2538 874 2563 nam
899 2522 1036 2563 famae
1061 2523 1228 2575 quidem
1253 2537 1301 2564 ac
1325 2523 1420 2563 fidei
1446 2523 1596 2563 damna
1614 2536 1700 2561 ma-

341 2583 427 2623 iora
451 2598 561 2634 esse,
594 2599 718 2637 quam
745 2599 851 2638 quae
881 2584 1089 2625 aestimari
1119 2591 1301 2639 possent.
1351 2584 1428 2625 hoc
1452 2584 1610 2638 legatos
1634 2595 1697 2622 re-

342 2645 446 2685 ferre
472 2645 658 2695 domum,
684 2646 763 2687 hoc
787 2646 965 2702 vulgari,
992 2646 1070 2688 hoc
1096 2647 1228 2688 socios
1254 2647 1413 2695 audire,
1438 2646 1516 2687 hoc
1539 2644 1695 2684 hostes:

343 2720 422 2757 quo
444 2721 536 2747 curn
556 2708 694 2749 dolore
714 2708 802 2757 hos,
829 2723 910 2762 quo
937 2723 1029 2749 cum
1050 2709 1201 2763 gaudio
1226 2707 1337 2749 illos!
1366 2706 1585 2760 Scaptione
1605 2703 1694 2751 hoc,
