1780 3204
486 284 639 319 LIBER
661 284 708 328 v,
733 284 788 318 38.
807 283 861 318 39.
888 286 937 327 [a.
952 283 992 320 c.
1007 283 1089 327 390]
1382 273 1465 314 289

111 389 211 430 fore.
272 388 374 429 adeo
399 402 482 429 non
505 387 669 429 fortuna
694 386 834 436 modo,
868 387 942 428 sed
964 386 1066 428 ratio
1098 386 1221 428 etiam
1253 400 1346 427 cum
1377 385 1470 428 bar-

111 451 220 492 baris
247 450 393 492 stabat.
430 450 473 490 in
498 450 624 490 altera
642 449 729 490 acie
748 449 849 489 nihil
869 449 1001 490 simile
1018 449 1231 498 Romanis,
1258 463 1339 489 non
1359 449 1470 503 apud

111 514 250 562 duces,
276 527 357 553 non
383 512 494 566 apud
517 512 666 552 milites
693 518 790 552 erat.
838 526 967 566 pavor
990 511 1173 566 fugaque
1199 517 1471 565 occupaverat

113 576 271 616 animos
291 582 330 615 et
348 582 461 615 tanta
480 574 663 614 omnium
682 573 848 623 oblivio,
873 580 919 614 ut
937 574 1065 615 multo
1086 574 1215 614 maior
1231 588 1327 628 pars
1341 572 1469 613 Veios

112 637 154 677 in
171 637 351 678 hostium
370 635 528 685 urbem,
556 651 650 677 cum
671 636 832 677 Tiberis
854 644 1021 685 arceret,
1048 650 1173 689 quam
1196 642 1308 676 recto
1328 635 1470 675 itinere

111 699 288 740 Romam
315 698 367 738 ad
392 698 588 753 coniuges
614 712 661 738 ac
685 697 836 739 liberos
867 698 1070 753 fugerent.
1129 712 1350 752 parumper
1375 696 1472 738 sub-

114 760 301 800 sidiarios
328 766 483 799 tutatus
516 766 580 799 est
608 759 743 800 locus:
780 760 823 799 in
851 760 1009 813 reliqua
1039 760 1126 800 acie
1151 759 1274 800 simul
1304 765 1366 800 est
1391 759 1473 799 cla-

112 836 202 862 mor
224 821 422 875 proximis
449 820 500 861 ab
525 820 665 870 latere,
691 821 845 861 ultimis
866 821 917 862 ab
939 828 1053 877 tergo
1079 821 1256 870 auditus,
1282 821 1473 876 ignotum

112 884 273 925 hostem
298 883 410 938 prius
435 897 566 937 paene
591 897 716 936 quam
739 884 942 933 viderent,
973 899 1057 925 non
1080 884 1204 924 modo
1234 898 1318 924 non
1342 889 1474 937 temp-

113 952 197 987 tato
229 944 467 994 certamine,
507 944 581 985 sed
610 960 661 985 ne
693 945 870 986 clamore
906 946 1073 999 quidem
1108 945 1286 995 reddito,
1322 944 1475 999 integri

113 1007 338 1061 intactique
376 1006 583 1061 fugerunt.
650 1021 726 1047 nec
761 1007 846 1048 ulla
882 1008 1028 1048 caedes
1064 1007 1338 1062 pugnantium
1377 1006 1473 1047 fuit:

113 1077 230 1124 terga
255 1083 376 1109 caesa
401 1075 562 1109 suomet
586 1068 770 1123 ipsorum
796 1069 1016 1109 certamine
1047 1069 1089 1109 in
1114 1068 1234 1109 turba
1263 1067 1476 1122 inpedien-

114 1131 217 1172 tium
241 1130 399 1185 fugam.
460 1130 568 1171 circa
590 1130 723 1185 ripam
749 1130 930 1180 Tiberis,
963 1145 1044 1184 quo
1070 1130 1193 1170 armis
1219 1128 1390 1169 abiectis
1414 1134 1477 1169 to-

117 1200 204 1234 tum
242 1193 453 1234 sinistrum
489 1207 617 1233 cornu
651 1192 828 1246 defugit,
865 1207 1017 1245 magna
1053 1198 1212 1245 strages
1248 1189 1360 1230 facta
1395 1196 1475 1238 est3

115 1254 348 1307 multosque
372 1254 568 1308 inperitos
586 1253 711 1294 nandi
730 1260 800 1293 aut
818 1253 1020 1293 invalidos
1040 1266 1190 1307 graves
1209 1251 1345 1292 loricis
1367 1251 1477 1292 aliis-

115 1331 194 1370 que
220 1316 470 1371 tegminibus
495 1316 668 1357 hausere
693 1315 892 1371 gurgites.
930 1315 1111 1356 maxima
1135 1321 1274 1355 tamen
1297 1329 1393 1369 pars
1414 1314 1476 1354 in-

115 1378 287 1420 columis
301 1376 428 1418 Veios
448 1377 642 1432 perfugit,
668 1377 776 1417 unde
790 1392 873 1417 non
886 1377 1008 1418 modo
1028 1377 1222 1432 praesidii
1240 1377 1474 1430 quicquam,

116 1441 189 1482 sed
212 1455 263 1481 ne
287 1439 455 1480 nuntius
480 1439 646 1493 quidem
672 1439 799 1480 cladis
819 1439 997 1480 Romam
1019 1446 1082 1480 est
1099 1439 1266 1480 missus.
1305 1438 1356 1479 ab
1377 1438 1476 1479 dex-

116 1510 177 1544 tro
202 1517 340 1551 cornu,
366 1501 478 1555 quod
502 1501 644 1556 procul
669 1517 694 1542 a
718 1501 885 1543 flumine
911 1508 951 1542 et
974 1501 1109 1557 magis
1136 1501 1213 1543 sub
1239 1507 1377 1542 monte
1397 1507 1478 1541 ste-

117 1571 238 1614 terat,
274 1564 453 1605 Romam
478 1578 619 1605 omnes
644 1564 798 1618 petiere
829 1570 868 1605 et
891 1578 942 1605 ne
974 1563 1125 1605 clausis
1157 1563 1323 1618 quidem
1348 1562 1476 1618 portis

116 1626 228 1668 urbis
253 1626 296 1666 in
321 1640 456 1666 arcem
482 1625 768 1680 confugerunt.

200 1687 495 1729 XXXVIIII.
534 1686 678 1729 Gallos
704 1702 868 1742 quoque
892 1688 1005 1728 velut
1025 1687 1335 1742 obstupefactos
1356 1686 1477 1727 mira-

119 1750 256 1791 culum
274 1749 467 1790 victoriae
486 1756 570 1789 tam
589 1749 825 1803 repentinae
845 1749 987 1790 tenuit.
1020 1756 1060 1790 et
1078 1749 1158 1803 ipsi
1176 1762 1329 1803 pavore
1355 1747 1480 1787 defixi

119 1811 297 1865 primum
323 1816 521 1850 steterunt
543 1810 656 1850 velut
680 1810 826 1865 ignari,
853 1810 952 1863 quid
977 1810 1214 1859 accidisset3
1246 1808 1393 1849 deinde
1418 1808 1480 1848 in-

123 1872 248 1913 sidias
273 1871 421 1920 vereri3
452 1878 659 1925 postremo
691 1886 905 1912 caesorum
930 1871 1062 1925 spolia
1084 1871 1222 1926 legere
1254 1885 1480 1911 armorum-

122 1948 202 1986 que
227 1932 432 1980 cumulos,
469 1938 515 1972 ut
545 1947 634 1973 mos
666 1932 725 1973 eis
751 1939 832 1981 est,
870 1947 1124 1973 coacervare.
1184 1942 1272 1972 tum
1298 1932 1477 1979 demum,

123 2001 343 2049 postquam
366 1994 468 2034 nihil
491 2008 667 2047 usquam
691 1994 841 2035 hostile
872 1994 1132 2044 cernebatur,
1169 1994 1280 2035 viam
1303 1994 1482 2048 ingressi

124 2056 236 2096 haud
259 2055 387 2096 multo
412 2062 506 2097 ante
532 2055 629 2096 solis
655 2070 848 2096 occasum
879 2056 932 2096 ad
961 2055 1105 2097 urbem
1128 2056 1307 2097 Romam
1337 2070 1482 2110 perve-

124 2117 253 2158 niunt.
313 2116 384 2158 ubi
420 2131 513 2157 cum
548 2117 782 2172 praegressi
818 2117 975 2170 equites
1011 2132 1094 2159 non
1128 2124 1267 2172 portas
1305 2117 1481 2166 clausas,

125 2194 208 2220 non
233 2179 449 2220 stationem
478 2193 552 2233 pro
580 2179 708 2233 portis
741 2178 962 2228 excubare,
994 2194 1077 2220 non
1107 2186 1286 2220 armatos
1318 2193 1411 2220 esse
1440 2178 1483 2218 in

126 2241 254 2282 muris
278 2240 548 2289 rettulissent,
580 2240 691 2281 aliud
714 2240 839 2295 priori
864 2241 996 2282 simile
1020 2241 1265 2282 miraculum
1295 2255 1366 2281 eos
1393 2255 1483 2281 sus-

129 2303 267 2352 tinuit3
297 2310 540 2355 noctemque
565 2302 683 2343 veriti
707 2309 747 2343 et
769 2303 934 2358 ignotae
959 2303 1083 2344 situm
1107 2302 1239 2353 urbis,
1270 2303 1376 2343 inter
1399 2302 1484 2343 Ro-

128 2380 239 2405 mam
263 2371 384 2417 atque
403 2364 607 2405 Anienem
627 2365 848 2406 consedere
867 2364 1193 2419 exploratoribus
1212 2364 1350 2405 missis
1377 2363 1484 2404 circa

129 2426 292 2466 moenia
321 2426 503 2479 aliasque
533 2433 690 2480 portas,
728 2441 932 2480 quaenam
961 2426 1149 2468 hostibus
1181 2427 1223 2467 in
1251 2426 1411 2481 perdita
1440 2440 1483 2466 re

131 2487 300 2529 consilia
324 2494 471 2529 essent.
530 2488 727 2538 Romani,
761 2503 857 2529 cum
879 2503 974 2543 pars
999 2489 1130 2529 maior
1160 2503 1211 2529 ex
1242 2488 1330 2529 acie
1354 2487 1482 2528 Veios

130 2550 301 2604 petisset
319 2548 461 2602 (quam
478 2549 687 2603 Romam),
713 2564 835 2590 nemo
854 2564 1070 2604 superesse
1095 2564 1343 2603 quemquam
1366 2563 1482 2603 prae-

131 2618 192 2651 ter
217 2625 286 2651 eos
311 2611 381 2664 qui
406 2611 582 2652 Romam
612 2611 852 2666 refugerant
882 2612 1110 2661 crederent,
1143 2611 1368 2666 conplorati
1398 2626 1485 2652 om·-

131 2687 203 2713 nes
234 2673 385 2727 pariter
414 2673 497 2714 vivi
527 2673 758 2727 mortuique
788 2680 916 2714 totam
951 2688 1080 2728 prope
1115 2673 1260 2714 urbem
1294 2672 1483 2714 lamentis

1495 463 1514 492 5

1498 710 1515 740 6

1503 1020 1519 1048 “l

1503 1450 1543 1480 10

1505 1944 1523 1972 [ὗ

132 2734 400 2790 inpleverunt.
465 2735 645 2790 privatos
688 2735 835 2776 deinde
871 2735 1005 2776 luc-tus
1043 2735 1260 2790 stupefecit
1294 2734 1482 2789 publicus
1509 2748 1528 2776 5

204 2812 266 2838 Livi
287 2811 376 2839 1·01.1.
1214 2801 1256 2834 19
