1780 3204
487 285 641 319 LIBER
664 284 757 328 1111,
784 285 812 318 τ.
843 286 890 327 [a.
907 282 1130 327 eiiam]
1405 271 1486 313 201

131 392 338 447 mulgatae
357 389 461 445 legis
481 389 531 430 de
551 388 789 429 consulibus
810 387 996 428 creandis
1022 401 1073 427 ex
1096 385 1230 441 plebe,
1257 390 1297 425 et
1320 383 1491 439 imperio

132 462 171 495 et
200 452 433 508 insignibus
465 450 749 492 consularibus
779 465 892 491 usos.
946 464 1030 490 non
1060 456 1197 488 tamen
1225 461 1300 503 pro
1330 446 1491 487 firmato

130 517 213 557 iam
245 515 356 557 stetit
386 514 650 569 magistratus
682 513 770 554 eius
801 512 886 561 ius,
931 511 1027 564 quia
1053 510 1170 551 tertio
1200 524 1342 550 mense
1367 523 1492 562 quam

131 579 308 618 inierunt
338 591 542 631 augurum
570 575 733 615 decreto
762 574 933 629 perinde
964 587 1011 613 ac
1047 572 1146 613 vitio
1183 571 1308 613 creati
1336 570 1491 612 honore

132 640 287 688 abiere,
325 639 437 692 quod
463 636 512 679 C.
541 636 730 685 Curtius,
769 635 839 689 qui
870 635 1045 676 comitiis
1071 649 1213 675 eorum
1242 633 1491 688 praefuerat,

132 717 278 756 parum
303 708 411 741 recte
437 698 747 740 tabernaculum
772 697 961 752 cepisset.

217 763 370 817 Legati
396 761 447 803 ab
472 760 726 802 Ardeatibus
751 759 930 800 Romam
954 764 1154 799 venerunt
1183 757 1241 798 ita
1270 757 1321 797 de
1346 755 1494 797 iniuria

132 832 369 878 querentes,
400 831 463 873 ut,
497 823 532 864 si
556 823 787 863 demeretur
812 836 877 870 ea,
909 821 951 861 in
975 820 1143 861 foedere
1169 826 1290 873 atque
1316 818 1495 860 amicitia

132 901 349 927 mansuros
373 885 562 937 restituto
587 898 686 939 agro
712 890 938 938 appareret.
988 882 1040 923 ab
1073 888 1217 923 senatu
1246 895 1494 936 responsum

134 956 215 998 est,
253 947 450 988 iudicium
473 946 617 1002 populi
646 945 825 986 rescindi
850 944 901 986 ab
928 951 1074 985 senatu
1097 959 1180 985 non
1204 958 1345 998 posse,
1376 956 1495 997 prae-

133 1017 320 1064 terquam
338 1009 450 1062 quod
467 1008 580 1048 nullo
599 1022 675 1048 nec
695 1006 884 1060 exemplo
903 1021 978 1047 nec
992 1007 1079 1046 iure
1097 1006 1224 1054 fieret,
1252 1004 1494 1045 concordiae

134 1072 257 1113 etiam
277 1072 464 1113 ordinum
483 1085 620 1111 causa.
662 1070 696 1110 si
714 1068 920 1109 Ardeates
947 1083 1021 1108 sua
1046 1075 1232 1121 tempora
1255 1072 1494 1120 exspectare

133 1134 260 1174 velint
284 1133 577 1185 arbitriumque
604 1131 763 1172 senatui
788 1130 986 1170 levandae
1011 1129 1183 1169 iniuriae
1210 1143 1308 1169 suae
1327 1127 1495 1182 permit-

134 1203 233 1245 tant,
259 1195 346 1237 fore
359 1202 404 1235 ut
422 1194 640 1249 postmodo
659 1192 880 1247 gaudeant,
908 1206 951 1232 se.
969 1191 1053 1231 irae
1072 1190 1317 1238 moderatos,
1346 1188 1495 1229 sciant-

134 1272 231 1311 que,
268 1256 453 1311 patribus
486 1269 615 1308 aeque
647 1268 768 1294 curae
793 1253 942 1302 fuisse,
980 1267 1031 1292 ne
1063 1266 1143 1305 qua
1173 1251 1321 1292 iniuria
1351 1251 1393 1291 in
1424 1265 1494 1290 eos

133 1325 314 1360 oreretur
338 1332 384 1358 ac
408 1331 460 1357 ne
486 1323 574 1357 orta
597 1316 790 1356 diuturna
815 1320 937 1355 esset.
974 1314 1032 1354 ita
1055 1313 1193 1368 legati,
1221 1327 1315 1353 cum
1343 1327 1386 1353 se
1406 1326 1494 1352 rem

132 1381 334 1435 integram
358 1378 557 1419 relaturos
584 1377 797 1424 dixissent,
826 1376 996 1417 comiter
1020 1375 1193 1415 dimissi.

217 1440 403 1489 Patricii,
431 1455 526 1481 cum
551 1439 638 1480 sine
664 1438 795 1480 curuli
820 1438 1066 1493 magistratu
1090 1452 1155 1478 res
1181 1436 1348 1491 publica
1373 1442 1494 1486 esset,

134 1504 265 1545 coiere
297 1509 337 1544 et
366 1503 613 1557 interregem
644 1516 849 1542 creavere.
900 1500 1126 1549 contentio,
1166 1499 1411 1540 consulesne
1443 1514 1496 1540 an

134 1565 285 1607 tribuni
314 1564 490 1604 militum
522 1570 773 1612 crearentur,
811 1563 853 1603 in
890 1562 1124 1617 interregno
1160 1576 1249 1602 rem
1280 1561 1368 1602 dies
1401 1575 1498 1602 con-

133 1627 271 1682 plures
297 1626 438 1668 tenuit.
486 1626 666 1666 interrex
690 1640 738 1666 ac
763 1632 930 1666 senatus
959 1624 1175 1665 consulum
1207 1624 1391 1672 comitia,
1429 1623 1498 1663 tri-

134 1689 235 1730 buni
258 1688 389 1743 plebis
416 1694 456 1729 et
479 1688 596 1742 plebs
622 1687 880 1729 tribunorum
904 1687 1081 1727 militum
1100 1694 1145 1726 ut
1164 1686 1393 1726 habeantur
1411 1691 1499 1725 ten-

137 1751 250 1790 dunt.
298 1750 484 1790 vicerunt
514 1756 669 1804 patres,
708 1749 805 1803 quia
836 1755 875 1789 et
905 1748 1023 1802 plebs
1059 1748 1242 1802 patriciis
1280 1762 1353 1788 seu
1388 1746 1499 1787 hunc

140 1826 214 1852 seu
236 1811 352 1851 illum
383 1811 567 1851 delatura
597 1811 795 1851 honorem
825 1811 979 1850 fmstra
1011 1816 1164 1850 certare
1198 1808 1430 1862 supersedit
1459 1814 1499 1848 et

138 1873 343 1928 principes
367 1872 500 1926 plebis
527 1886 575 1912 ea
601 1872 766 1912 comitia
791 1871 1018 1920 malebant,
1045 1871 1195 1923 quibus
1220 1885 1304 1911 non
1327 1870 1499 1911 habere-

140 1942 205 1975 tur
229 1934 330 1974 ratio
357 1948 444 1982 Sua,
470 1947 595 1986 quam
620 1933 769 1986 quibus
795 1939 840 1973 ut
863 1933 1023 1987 indigni
1047 1932 1376 1986 praeterirentur.
1429 1932 1499 1972 tri-

141 1996 240 2037 buni
265 2009 428 2048 quoque
452 1994 564 2048 plebi
594 2002 801 2035 certamen
825 1995 913 2035 sine
939 1995 1089 2035 effectu
1108 1994 1150 2034 in
1168 1993 1368 2035 beneficio
1388 1994 1499 2048 apud

141 2058 339 2112 primores
364 2063 526 2111 patrum
550 2056 763 2110 reliquere.

228 2119 278 2160 T.
300 2118 519 2171 Quinctius
538 2118 745 2159 Barbatus
769 2119 950 2160 interrex
974 2118 1165 2160 consules
1192 2126 1302 2159 creat
1319 2118 1498 2159 Lucium

143 2181 356 2235 Papirium
391 2180 672 2236 Mugilanum,
714 2181 768 2221 L.
803 2180 1094 2235 Sempronium
1130 2181 1381 2221 Atratinum.
1435 2175 1499 2221 his

145 2243 382 2284 consulibus
409 2258 503 2283 cum
529 2242 782 2284 Ardeatibus
808 2243 954 2285 foedus
979 2250 1222 2284 renovatum
1248 2250 1322 2284 est.
1376 2243 1500 2296 idque

144 2305 398 2346 monumenti
423 2312 503 2354 est,
543 2305 731 2345 consules
758 2320 827 2346 eos
852 2306 922 2346 illo
947 2320 1055 2346 anno
1080 2305 1229 2354 fuisse,
1266 2304 1337 2358 qni
1366 2319 1500 2358 neque

143 2368 186 2408 in
216 2367 431 2408 annalibus
462 2367 608 2421 priscis
638 2382 772 2420 neque
808 2368 852 2409 in
885 2367 1000 2409 libris
1036 2367 1353 2422 magistratuum
1388 2367 1502 2407 inve-

145 2430 328 2470 niuntur:
367 2429 506 2478 credo,
544 2430 655 2482 quod
680 2429 832 2470 tribuni
855 2429 1031 2470 militum
1055 2430 1170 2470 initio
1196 2429 1292 2469 anni
1323 2429 1499 2479 fuerunt,

145 2506 193 2532 eo
217 2491 385 2546 perinde
411 2505 458 2532 ao
484 2491 518 2531 si
543 2497 674 2532 totum
699 2506 851 2531 annum
869 2491 912 2532 in
930 2491 1101 2546 imperio
1125 2491 1289 2541 fuerint,
1317 2490 1500 2532 suffectis

144 2554 193 2594 iis
219 2553 457 2595 consulibus
483 2553 773 2608 praetermissa
795 2555 964 2595 nomina
989 2553 1205 2595 consulum
1230 2553 1388 2594 horum.
1425 2553 1500 2593 Li-

145 2615 276 2656 cinius
308 2615 453 2656 Macer
488 2622 630 2656 auctor
667 2622 746 2665 est,
785 2623 826 2656 et
860 2616 903 2656 in
934 2616 1100 2657 foedere
1131 2614 1360 2656 Ardeatino
1391 2622 1429 2656 et
1459 2615 1501 2655 in

144 2679 278 2720 linteis
303 2679 417 2720 libris
443 2679 495 2719 ad
519 2679 716 2720 Monetae
740 2680 918 2720 inventa.
968 2685 1007 2719 et
1031 2679 1145 2728 foris,
1172 2693 1265 2719 cum
1292 2685 1351 2720 tot
1375 2684 1501 2720 terro-

145 2757 209 2783 res
236 2758 259 2783 a
284 2741 466 2782 finitimis
493 2742 686 2782 ostentati
710 2748 860 2791 essent,
889 2747 927 2783 et
952 2741 1063 2782 domi
1089 2741 1215 2782 otium
1241 2741 1329 2781 fuit.

1518 460 1534 470 n

1517 474 1534 488 ι)

1518 770 1537 799 4

1519 894 1538 922 ὀ

1522 1326 1537 1353 7

1523 1635 1542 1665 8

1525 1822 1542 1850 9

1528 2133 1567 2161 10

1531 2445 1563 2471 11

1530 2567 1566 2595 10

1550 2589 1565 2596 -ι
