1835 3226
343 250 425 291 224
678 253 831 288 Lissssss
854 253 949 296 1111,
974 253 1096 287 3233.
1124 255 1172 297 [a.
1186 265 1221 288 u.
1237 265 1267 288 c.
1279 254 1363 298 328]

342 362 417 402 bus
451 360 585 400 scelus
615 358 843 412 legatorum
876 369 1017 397 contra
1053 357 1118 397 ius
1154 356 1339 412 gentium
1376 357 1696 410 interfectorum,

340 422 509 463 eaedem
539 421 579 460 in
612 433 713 474 paee
742 418 1007 459 Fidenatium
1038 418 1296 469 colonorum,
1333 419 1513 461 indutias
1542 427 1697 475 ruptas,

341 484 558 539 septimam
592 481 800 522 infelicem
837 481 1129 531 defectionem,
1168 497 1282 522 arma
1318 488 1522 536 caperent.
1577 483 1698 524 simu]

340 554 473 589 castra
497 545 641 587 castris
667 544 996 594 coniunxissent,
1035 544 1134 586 satis
1160 544 1383 594 confidere,
1419 557 1496 584 nec
1527 543 1700 585 scelerast-

341 609 509 651 tissimis
539 607 728 648 hostibus
760 607 999 647 diuturnum
1035 621 1086 648 ex
1121 607 1348 662 ignominia
1372 606 1585 647 exercitus
1615 605 1700 648 Ro-

298 686 312 714 ῖ
340 671 450 712 mani
479 669 679 726 gaudium
708 668 795 710 fore
821 676 861 710 et
890 668 1090 723 populum
1114 668 1351 709 Romanum
1381 658 1697 717 intellecturum,

280 1183 287 1209 l
297 1181 317 1205 s)

279 1492 311 1520 ll

302 2173 319 2202 10

339 739 491 787 quanto
515 731 662 772 melius
688 731 739 772 de
763 745 806 772 re
830 731 997 786 publica
1021 731 1153 772 meriti
1180 731 1273 780 sint,
1300 730 1370 784 qui
1395 745 1439 771 se
1458 730 1699 771 dictatorem

340 795 502 835 tertium
528 793 720 842 dixerint,
748 807 872 846 quam
898 791 1006 847 (eos)
1032 792 1102 846 qui
1126 792 1178 834 ob
1204 799 1390 847 ereptum
1415 806 1613 833 censurae
1635 805 1699 832 re-

339 871 468 912 gnum
493 855 629 896 labem
655 854 860 896 secundae
886 854 1112 895 dictaturae
1139 869 1237 896 suae
1261 854 1529 908 inposuerint.

424 916 544 958 Votis
579 917 727 957 deinde
757 916 1005 971 nuncupatis
1023 915 1233 971 profectus
1253 916 1363 956 mille
1389 923 1429 957 et
1452 916 1699 971 quingentos

340 995 488 1035 passus
515 979 615 1020 eitra
639 978 820 1019 Fidenas
846 985 979 1019 castra
1003 978 1129 1028 locat,
1156 978 1301 1019 dextra
1324 977 1551 1027 montibus,
1582 977 1701 1019 laeva

343 1042 484 1084 Tiberi
509 1056 629 1082 amne
655 1047 835 1096 saeptus.
870 1040 919 1081 T.
942 1039 1184 1093 Quinctium
1211 1039 1401 1081 Pennum
1424 1040 1607 1095 legatum
1632 1054 1700 1082 oo-

341 1119 491 1158 cupare
517 1110 676 1144 montes
700 1103 815 1144 iubet
840 1102 1127 1156 occultumque
1152 1103 1194 1143 id
1218 1103 1363 1158 iugum
1393 1116 1558 1156 capere,
1590 1102 1700 1155 quod

342 1166 393 1207 ab
413 1173 528 1221 tergo
548 1165 737 1206 hostibus
757 1164 874 1205 foret.
911 1165 1001 1219 ipse
1018 1171 1184 1219 postero
1198 1165 1276 1214 die,
1303 1179 1396 1206 cum
1410 1164 1578 1205 Etrusci
1590 1164 1701 1219 pleni

342 1229 571 1270 animorum
597 1226 648 1268 ab
673 1227 834 1281 pristini
860 1227 941 1267 diei
966 1227 1133 1268 meliore
1164 1228 1381 1269 occasione
1406 1242 1530 1280 quam
1559 1241 1702 1282 pugna

341 1291 383 1330 in
407 1289 537 1331 aciem
561 1288 872 1343 processissent,
900 1296 1114 1330 cunctatus
1133 1303 1365 1343 parumper,
1391 1289 1488 1329 dum
1515 1288 1700 1343 specula-

343 1359 449 1393 tores
474 1350 684 1399 referrent,
714 1348 955 1402 Quinctium
981 1350 1165 1391 evasisse
1189 1350 1231 1390 in
1255 1351 1398 1406 iugum
1423 1350 1697 1405 propinquum

343 1414 425 1456 arei
437 1414 700 1461 Fidenarum,
728 1413 846 1468 signa
859 1412 1014 1467 profert
1029 1412 1295 1467 peditumque
1309 1412 1440 1453 aciem
1457 1412 1698 1452 instructam

344 1476 464 1531 pleno
477 1475 609 1531 gradu
626 1475 670 1515 in
688 1474 849 1516 hostem
868 1474 1035 1515 inducit.
1068 1474 1266 1530 magistro
1286 1474 1470 1528 equitum
1487 1473 1698 1529 praecipit,

344 1553 395 1579 ne
419 1538 580 1578 iniussu
604 1552 786 1592 pugnam
812 1536 998 1591 incipiat:
1026 1552 1082 1586 se,
1109 1551 1203 1578 cum
1229 1551 1332 1592 opus
1360 1537 1410 1578 sit
1430 1536 1608 1590 equestri
1628 1551 1700 1577 au-

342 1600 453 1649 xilio,
481 1600 646 1654 signum
670 1599 873 1648 daturum,
900 1606 987 1639 tum
1013 1605 1057 1639 ut
1080 1613 1238 1640 memor
1255 1599 1392 1654 regiae
1411 1613 1588 1654 pugnae,
1614 1612 1701 1639 me-

343 1677 432 1703 mor
456 1661 582 1716 opimi
607 1661 704 1702 doni
727 1660 977 1714 Romulique
1003 1675 1051 1701 ac
1074 1660 1188 1702 Iovis
1214 1661 1387 1702 Feretrii
1416 1675 1502 1702 rem
1526 1670 1698 1717 gereret.

300 1745 305 1750 ·
343 1724 526 1780 legiones
551 1724 709 1778 impetu
733 1723 891 1778 ingenti
916 1722 1154 1778 confligunt.
1197 1722 1412 1764 Romanus
1437 1723 1532 1764 odio
1557 1737 1702 1764 aecen-

345 1801 428 1835 sus,
454 1786 612 1840 inpium
635 1785 892 1833 Fidenatem,
918 1785 1169 1839 praedonem
1186 1783 1405 1825 Veientem
1430 1792 1616 1838 ruptores
1640 1784 1702 1824 in-

344 1848 568 1897 dutiarum,
606 1853 796 1888 cruentos
832 1846 1063 1902 legatorum
1098 1845 1269 1886 infanda
1305 1846 1449 1895 caede,
1491 1859 1702 1900 respersos

345 1911 545 1967 sanguine
571 1909 810 1951 colonorum
837 1924 1023 1957 suorum,
1049 1908 1229 1963 perfidos
1256 1908 1407 1957 socios,
1433 1907 1606 1949 inbelles
1630 1907 1703 1948 ho-

345 1979 427 2014 stes
453 1972 718 2026 compellans,
745 1971 866 2012 factis
892 1971 1015 2012 simul
1039 1971 1242 2024 dictisque
1267 1970 1410 2011 odium
1435 1969 1583 2024 explet.

428 2033 658 2076 XXXIII.
692 2032 972 2075 Concusserat
989 2033 1122 2088 primo
1137 2032 1274 2074 statim
1288 2046 1515 2088 congressu
1527 2032 1702 2082 hostem,

344 2113 437 2139 cum
452 2102 619 2152 repente
632 2095 851 2151 patefactis
864 2095 1117 2136 Fidenarum
1134 2094 1263 2150 portis
1276 2109 1384 2135 nova
1404 2094 1581 2149 erumpit
1593 2095 1703 2136 acies

344 2159 529 2200 inaudita
553 2165 647 2199 ante
671 2158 715 2198 id
739 2164 903 2212 tempus
926 2157 1235 2210 invisitataque:
1266 2155 1432 2212 ignibus
1463 2163 1620 2197 armata
1642 2156 1706 2197 in-

344 2236 447 2277 gens
472 2220 692 2261 multitudo
717 2219 960 2273 facibusque
987 2218 1223 2260 ardentibus
1249 2225 1334 2259 tota
1353 2217 1574 2259 conlucens
1592 2217 1706 2259 velut

345 2283 524 2325 fanatico
548 2283 743 2324 instincta
767 2296 888 2323 eursu
913 2282 956 2322 in
979 2281 1143 2323 hostem
1167 2281 1248 2322 ruit
1278 2280 1492 2334 formaque
1515 2280 1704 2322 insolitae

303 2360 319 2387 τ’,-
346 2360 511 2402 pugnae
541 2345 753 2387 Romanos
775 2351 1005 2399 'parumper
1034 2344 1242 2385 exterruit.
1297 2349 1384 2383 tum
1415 2343 1590 2384 dictator
1617 2357 1705 2382 ma-

343 2408 473 2463 gistro
504 2408 688 2462 equitum
719 2406 1027 2460 equitibusque,
1065 2413 1154 2447 tum
1184 2420 1236 2446 ex
1266 2404 1475 2446 montibus
1508 2403 1702 2457 Quinctio

345 2470 474 2511 accito
498 2469 699 2524 proelium
726 2469 859 2519 ciens,
896 2468 987 2523 ipse
1011 2469 1054 2509 in
1081 2468 1294 2509 sinistrum
1324 2482 1469 2517 cornu,
1507 2465 1618 2520 quod
1641 2465 1703 2506 in-

345 2532 490 2573 cendio
522 2531 696 2572 similius
728 2546 853 2585 quam
883 2530 1038 2585 proelio
1073 2531 1260 2571 territum
1296 2536 1477 2572 cesserat
1511 2527 1700 2576 flammis,

345 2593 532 2643 accurrit,
559 2592 749 2646 claraque
763 2607 865 2633 voce
886 2592 1075 2634 ‘fumone
1093 2592 1208 2633 vieti'
1227 2592 1360 2646 inquit
1380 2591 1509 2632 ‘velut
1529 2603 1702 2630 examen

347 2655 503 2709 apium,
534 2655 625 2696 loeo
649 2661 786 2696 vestro
811 2655 945 2695 exacti
969 2654 1116 2696 inermi
1141 2654 1295 2695 cedetis
1320 2652 1453 2694 hosti?
1486 2666 1569 2692 non
1594 2649 1702 2691 ferro

347 2717 584 2771 extinguitis
610 2716 755 2773 ignes?
791 2732 872 2758 non
897 2716 1010 2758 faces
1035 2717 1110 2758 has
1137 2717 1248 2771 ipsas
1271 2729 1347 2771 pro
1372 2729 1416 2756 se
1441 2713 1634 2766 quisque,
1668 2712 1702 2753 si
