1780 3204
524 276 678 311 LIBER
705 275 775 320 VI,
801 276 832 309 8.
852 274 883 308 9.
912 272 1109 317 [311386]
1409 258 1491 299 313

134 385 177 427 in
200 384 359 438 hosteS,
395 387 638 438 procurrunt
661 379 813 435 pariter
836 392 978 419 omnes
1011 375 1187 417 clamore
1220 372 1381 414 sublato
1408 376 1491 413 ‘se-

135 462 258 502 quere
289 443 594 500 imperatorem'
624 458 698 497 pro
731 456 774 483 se
800 440 974 494 quisque
1007 438 1243 479 clamantes.
1293 435 1489 476 emissum
1517 447 1535 475 3

136 509 258 550 etiam
284 508 447 563 signum
468 505 633 547 Camilli
656 505 773 545 iussu
796 503 838 544 in
862 502 1042 543 hostium
1063 500 1193 541 aciem
1213 498 1349 538 ferunt
1368 497 1491 550 idque

136 578 181 611 ut
204 576 453 625 repeteretur
472 568 693 609 concitatos
715 565 1018 620 antesignanos.
1055 562 1112 603 ibi
1130 561 1308 616 primum
1326 559 1490 614 pulsum
1518 572 1536 600 4

136 633 348 674 Antiatem
373 638 648 683 terroremque
673 644 755 669 non
779 628 821 668 in
844 627 1018 682 primam
1044 631 1201 665 tantum
1233 623 1382 671 aciem,
1420 621 1493 662 sed

138 695 260 736 etiam
292 694 344 734 ad
375 691 641 734 subsidiarios
673 690 887 745 perlatum,
936 701 1012 728 nec
1043 687 1106 727 vis
1132 692 1291 726 tantum
1317 684 1492 724 militum
1519 696 1538 725 5

137 755 331 797 movebat
361 754 536 795 excitata
564 751 795 807 praesentia
825 750 959 798 ducis,
999 748 1072 789 sed
1102 747 1214 801 quod
1244 746 1494 787 Volscorum

138 818 284 859 animis
309 816 410 857 nihil
435 814 652 856 terribilius
679 824 765 854 erat
789 827 913 866 quam
937 811 1067 866 ipsius
1096 809 1261 851 Camilli
1291 808 1397 849 forte
1423 807 1496 848 ob-

138 881 220 921 lata
239 879 416 934 species:
442 878 510 926 ita,
536 890 796 930 quocumque
816 889 859 915 se
878 873 1095 922 intulisset,
1122 871 1335 912 victoriam
1355 884 1495 911 secum
1521 882 1539 911 6

137 941 252 981 haud
274 940 441 981 dubiam
466 937 663 979 trahebat.
719 936 897 977 maxime
927 935 970 975 id
1000 934 1168 975 evidens
1201 933 1297 981 fuit,
1336 946 1430 972 cum
1454 931 1497 971 in

139 1005 302 1043 laevum
329 1016 454 1042 cornu
479 1014 605 1055 prope
624 1000 705 1040 iam
723 998 887 1052 pulsum
907 1002 1070 1051 arrepto
1089 1001 1256 1050 repente
1276 1009 1380 1048 equo
1403 1008 1496 1033 cum

141 1072 257 1106 scuto
281 1063 461 1119 pedestri
491 1063 686 1103 advectus
719 1066 943 1115 conspectu
973 1074 1048 1100 suo
1079 1058 1281 1112 proelium
1305 1056 1495 1105 restituit,

141 1133 350 1168 ostentans
370 1126 600 1166 vincentem
620 1130 796 1165 ceteram
816 1122 963 1162 aciem!
995 1121 1078 1160 iam
1097 1119 1291 1159 inclinata
1310 1133 1374 1158 res
1396 1124 1494 1165 erat,
1524 1131 1540 1159 7

142 1189 214 1229 sed
234 1189 350 1230 turba
370 1188 549 1229 hostium
569 1193 608 1227 et
627 1187 770 1241 fugam
788 1183 1024 1239 inpediebat
1043 1189 1083 1223 et
1106 1182 1231 1236 longa
1256 1181 1381 1221 caede.
1402 1195 1499 1220 con-

140 1251 314 1292 ficienda
337 1250 554 1291 multitudo
580 1254 692 1289 tanta
715 1248 828 1288 sesso
853 1246 971 1287 militi
996 1251 1099 1294 erat,
1127 1260 1220 1285 cum
1246 1249 1412 1298 repente
1438 1243 1499 1283 in-

139 1312 330 1368 gentibus
344 1311 531 1365 procellis
546 1310 663 1351 fusus
677 1309 808 1350 imber
822 1314 974 1350 certam
993 1307 1126 1362 magis
1140 1306 1352 1347 victoriam
1374 1320 1499 1358 quam

138 1373 337 1428 proelium
362 1372 535 1413 diremit.
573 1371 691 1427 signo
716 1371 863 1412 deinde
887 1370 1071 1424 receptui
1096 1369 1192 1409 dato
1212 1383 1294 1409 nox
1312 1368 1499 1408 insecuta
1524 1381 1542 1409 ὅ

140 1435 286 1488 quietis
312 1434 510 1476 Romanis
535 1434 708 1488 perfecit
732 1432 898 1474 bellum.
947 1431 1091 1473 Latini
1120 1445 1299 1484 namque
1325 1436 1365 1470 et
1389 1429 1499 1469 Her-

140 1497 218 1537 nici
247 1496 397 1537 relictis
428 1495 593 1537 Volscis
630 1496 774 1537 domos
810 1494 984 1549 profecti
1016 1499 1128 1543 sunt,
1165 1493 1284 1533 malis
1316 1491 1497 1533 consiliis

139 1573 257 1614 pares
288 1558 425 1613 adepti
455 1565 645 1608 eventus3
681 1558 824 1599 Volsci
855 1557 926 1598 ubi
958 1571 1002 1597 se
1032 1557 1216 1597 desertos
1254 1555 1305 1596 ab
1343 1554 1401 1595 eis
1442 1553 1500 1594 vi-
1525 1565 1542 1595 9

141 1621 253 1669 dere,
292 1635 466 1674 quorum
496 1620 647 1661 fiducia
676 1620 992 1668 rebellaverant,
1029 1618 1180 1659 relictis
1213 1617 1356 1657 castris
1388 1630 1500 1655 moe-

140 1682 261 1724 nibus
284 1682 431 1724 Satrici
458 1697 500 1723 se
525 1683 752 1723 includunt.
790 1696 894 1735 quos
920 1681 1052 1736 primo
1074 1679 1275 1721 Camillus
1297 1678 1404 1719 vallo
1425 1677 1501 1718 cir-

143 1745 335 1784 cumdare
361 1753 400 1785 et
424 1758 575 1799 aggere
601 1751 722 1796 atque
749 1743 942 1798 operibus
967 1756 1207 1797 oppugnare
1232 1747 1295 1781 est
1318 1740 1499 1780 adortus.

143 1819 249 1858 quae
273 1812 492 1858 postquam
515 1805 628 1845 nulla
653 1805 865 1858 eruptione
890 1804 1066 1858 inpediri
1089 1803 1219 1851 videt,
1247 1802 1382 1841 minus
1409 1815 1500 1841 esse
1528 1812 1568 1842 10

145 1865 271 1906 animi
294 1874 406 1907 ratus
430 1867 473 1907 in
496 1866 613 1907 hoste
638 1880 762 1918 quam
786 1873 832 1906 ut
856 1866 898 1905 in
922 1880 970 1905 eo
995 1872 1079 1905 tam
1103 1864 1237 1904 lentae
1263 1863 1351 1917 spei
1375 1862 1504 1903 victo-

147 1929 251 1970 riam
281 1936 556 1982 exspectaret,
594 1928 828 1969 cohortatus
855 1927 1024 1976 milites,
1061 1941 1113 1967 ne
1138 1932 1348 1978 tamquam
1375 1923 1502 1965 Veios

148 1996 434 2045 oppugnantes
464 1990 506 2030 in
536 2004 658 2044 opere
687 1989 912 2044 longinquo
938 2002 1029 2029 sese
1060 1994 1254 2036 tererent,
1292 1986 1504 2027 victoriam

147 2054 190 2094 in
214 2051 403 2092 manibus
429 2066 538 2100 esse,
575 2051 732 2106 ingenti
756 2051 930 2091 militum
962 2050 1170 2091 alacritate
1201 2049 1363 2090 moenia
1387 2048 1506 2088 undi-

150 2129 229 2169 que
254 2115 476 2169 adgressus
503 2114 622 2155 scalis
649 2112 845 2168 oppidum
871 2113 989 2168 cepit.
1022 2111 1166 2154 Volsci
1184 2111 1354 2153 abiectis
1380 2110 1503 2152 armis

151 2191 242 2218 sese
267 2176 522 2216 dediderunt.

235 2238 381 2279 VIIII.
420 2237 614 2279 Ceterum
635 2238 795 2278 animus
816 2237 931 2278 ducis
956 2237 1014 2277 rei
1033 2236 1189 2285 maiori,
1215 2235 1358 2284 Antio,
1384 2235 1504 2275 inmi-
1532 2248 1543 2276 1

151 2299 291 2340 nebat:
322 2300 366 2340 id
390 2306 512 2354 caput
536 2299 802 2349 Volscorum,
836 2314 925 2340 eam
950 2299 1079 2340 fuisse
1106 2298 1305 2354 originem
1329 2296 1506 2352 proximi

152 2361 260 2402 belli.
311 2362 383 2401 sed
407 2361 503 2415 quia
527 2361 606 2402 nisi
630 2376 782 2416 magno
807 2368 1023 2415 apparatu,
1050 2360 1262 2401 tormentis
1286 2358 1507 2400 machinis-
1531 2371 1550 2400 2

153 2436 250 2475 que,
283 2428 367 2462 tarn
391 2422 528 2463 valida
551 2422 649 2463 urbs
675 2423 765 2477 capi
790 2438 869 2464 non
896 2429 1073 2477 poterat,
1104 2422 1246 2462 relicto
1271 2421 1324 2462 ad
1353 2420 1507 2461 exerci-

153 2490 241 2524 tum
271 2483 429 2538 collega
458 2483 636 2525 Romam
666 2492 728 2525 est
758 2485 985 2539 profectus,
1023 2491 1068 2524 ut
1098 2490 1286 2525 senatum
1316 2482 1369 2523 ad
1398 2482 1508 2523 exci-

154 2546 334 2586 dendum
353 2546 527 2586 Antium
546 2546 786 2587 hortaretur.
830 2547 935 2587 inter
954 2560 1186 2587 sermonem
1205 2545 1293 2586 eius
1312 2569 1367 2574 -—
1385 2544 1507 2585 credo
1533 2557 1552 2587 3

153 2622 240 2648 rem
269 2606 483 2649 Antiatem
513 2608 809 2649 diuturniorem
839 2623 1004 2649 manere
1040 2608 1118 2648 diis
1150 2607 1262 2648 cordi
1292 2606 1423 2647 fuisse
1453 2632 1508 2636 —

153 2669 279 2724 legati
310 2669 362 2711 ab
391 2669 550 2724 Nepete
586 2685 633 2710 ac
666 2669 805 2712 Sutrio
841 2670 1039 2711 auxilium
1075 2670 1274 2710 adversus
1304 2668 1506 2710 Etruscos

154 2737 340 2786 petentes
367 2731 552 2782 veniunt,
589 2731 760 2774 brevem
782 2732 1040 2774 occasionem
1065 2746 1155 2774 esse
1186 2731 1345 2773 ferendi
1370 2730 1509 2772 auxilii
