1780 3204
549 281 702 316 LIBER
727 281 802 325 111,
829 281 881 314 19.
910 279 1106 323 [11041111]
1424 269 1503 309 143

149 395 235 428 tum
258 387 365 435 iniit,
399 385 582 427 adsiduis
609 383 867 425 contionibus
891 398 966 438 pro
992 382 1186 424 tribunali
1209 397 1291 423 non
1317 382 1357 422 in
1383 381 1502 436 plebe

148 449 373 491 coercenda
397 463 521 501 quam
548 454 693 488 senatu
712 447 952 501 castigando
971 445 1251 486 vehementior
1269 445 1358 493 suit,
1386 445 1502 485 cuius

148 512 298 553 ordinis
325 511 521 565 languore
546 510 733 564 perpetui
757 509 839 549 iam
864 508 1017 549 tribuni
1040 508 1190 562 plebis,
1217 522 1299 548 non
1325 514 1370 547 ut
1394 507 1436 547 in
1460 521 1502 547 re

147 573 311 627 publica
340 572 482 626 populi
510 571 708 620 Romani,
747 570 821 611 sed
851 577 896 610 ut
925 570 966 610 in
996 569 1155 624 perdita
1184 569 1325 617 domo,
1362 569 1505 623 lingua

147 634 465 687 criminibusque
489 639 726 688 regnarent:
753 647 847 673 cum
873 631 1062 673 Caesone
1086 632 1170 672 filio
1196 646 1272 671 suo
1297 631 1501 679 virtutem,

147 696 435 744 constantiam,
462 695 600 736 omnia
623 694 846 735 iuventutis
873 693 968 735 belli
993 693 1186 746 domique
1212 693 1361 734 decora
1383 692 1505 747 pulsa

145 775 195 799 cx
221 758 320 798 urbe
346 758 535 798 Romana
560 763 600 797 et
624 757 769 812 fugata
794 771 898 797 esse.
942 757 1149 809 loquaceS,
1178 755 1409 804 seditiosos,
1437 770 1501 795 sc-

146 821 255 861 mina
285 820 599 868 discordiarum,
637 819 783 859 iterum
815 833 863 859 ac
894 819 1057 858 tertium
1093 817 1278 858 tribunos
1309 817 1500 871 pessimis

145 883 299 924 artibus
330 882 444 937 regia
473 882 636 922 licentia
665 881 816 922 vivere.
873 880 1045 923 ‘Aulus’
1076 880 1206 933 inquit
1238 879 1323 920 ‘ille
1355 878 1502 934 Vergi-

144 945 248 993 nius,
276 944 371 997 quia
396 944 437 983 in
458 942 663 997 Capitolio
682 958 763 983 non
784 942 875 991 fuit,
902 942 1037 982 minus
1059 941 1248 995 supplicii
1269 956 1394 994 quam
1411 938 1504 994 Ap-

144 1006 235 1059 pius
261 1005 500 1046 Herdonius
526 1004 698 1045 meruit?
732 1004 826 1059 plus
851 1004 1016 1044 hercule
1046 1003 1272 1056 aliquanto,
1305 1002 1376 1056 qui
1406 1016 1501 1042 vere

143 1082 228 1107 rem
254 1067 468 1108 aestimare
493 1067 603 1107 velit.
651 1066 905 1115 Herdonius,
933 1066 968 1106 si
992 1065 1094 1105 nihil
1118 1065 1241 1113 aliud,
1268 1064 1431 1104 hostem
1457 1077 1500 1103 se

144 1129 308 1169 fatendo
344 1143 469 1182 prope
506 1128 779 1176 denuntiavit,
817 1134 863 1167 ut
898 1142 1011 1167 arma
1047 1126 1266 1180 caperetis,
1304 1125 1390 1173 hic,
1427 1139 1499 1164 ne-

142 1191 278 1244 gando
314 1190 421 1231 bella
457 1204 566 1238 esse,
610 1204 723 1229 arma
758 1188 877 1229 vobis
920 1187 1072 1228 ademit
1113 1187 1330 1238 nudosque
1368 1186 1497 1226 servis

1530 644 1548 671 ἶ)

1529 892 1546 921 G

142 1253 285 1292 vestris
318 1258 357 1291 et
387 1251 575 1292 exulibus
608 1250 768 1290 obiecit.
819 1256 858 1289 et
887 1264 961 1290 vos
988 1274 1041 1278 —
1069 1247 1118 1289 C.
1146 1247 1296 1288 Claudi
1327 1262 1428 1301 pace
1461 1255 1499 1287 ct
1529 1263 1543 1289 ῖ

139 1313 263 1354 Publi
288 1312 428 1353 Valeri
458 1312 606 1352 mortui
638 1312 782 1365 loquar
812 1336 865 1340 —
896 1311 1009 1365 prius
1040 1311 1083 1350 in
1114 1310 1266 1350 clivum
1299 1308 1498 1364 Capitoli-

138 1389 236 1413 num
268 1374 386 1428 signa
416 1373 610 1414 intulistis
643 1388 767 1426 quam
801 1373 874 1413 hos
906 1372 1036 1413 hostis
1068 1372 1119 1412 de
1156 1372 1246 1412 foro
1277 1371 1498 1412 tolleretis?

137 1436 263 1489 pudet
287 1436 456 1476 deorum
482 1435 789 1488 hominumque.
839 1450 933 1475 011111
963 1434 1104 1475 hostes
1135 1435 1178 1474 in
1203 1448 1314 1483 arce,
1347 1434 1389 1473 in
1416 1432 1498 1474 Ca-

137 1497 277 1551 pitolio
309 1505 464 1547 essent,
503 1498 670 1538 exulum
702 1504 740 1538 et
772 1512 983 1538 servorum
1016 1497 1118 1546 dux,
1151 1496 1378 1551 profanatis
1410 1511 1498 1535 om-

137 1559 269 1608 nibus,
295 1559 337 1599 in
357 1560 458 1600 cella
476 1559 588 1599 lovis
609 1559 752 1613 optimi
771 1559 940 1599 maximi
963 1558 1178 1607 habitaret,
1205 1557 1378 1598 Tusculi
1403 1563 1496 1597 ante

136 1636 259 1673 quam
284 1621 442 1662 Romae
469 1628 632 1675 sumpta
658 1627 752 1661 sunt
777 1636 907 1669 arma,
934 1621 977 1661 in
1001 1619 1127 1661 dubio
1151 1620 1248 1669 fuit,
1275 1629 1413 1660 utrum
1438 1619 1493 1659 L.

137 1682 363 1731 Mamilius,
387 1683 650 1723 Tusculanus
671 1683 768 1731 dux,
795 1698 847 1723 an
865 1682 914 1723 P.
930 1682 1121 1723 Valerius
1148 1689 1187 1722 et
1208 1682 1256 1722 C.
1279 1680 1493 1728 Claudius,

136 1744 338 1792 consules,
365 1744 596 1784 Romanam
621 1759 756 1785 arcem
780 1744 1012 1793 liberarent,
1039 1750 1079 1784 et
1103 1744 1174 1796 qui
1199 1750 1292 1784 aute
1316 1742 1492 1783 Latinos

137 1819 187 1844 ne
211 1819 285 1858 pro
311 1819 354 1844 se
379 1805 545 1857 quidem
570 1806 688 1859 ipsis,
727 1820 821 1846 cum
845 1806 888 1845 in
912 1805 1063 1846 finibus
1088 1806 1251 1851 hostem
1280 1804 1491 1852 haberent,

137 1866 335 1920 attingere
361 1881 474 1906 arma
497 1868 610 1920 passi
637 1882 798 1915 sumus,
824 1881 946 1915 nunc,
973 1867 1053 1908 nisi
1078 1867 1220 1907 Latini
1246 1881 1321 1906 sua
1347 1872 1492 1919 sponte

136 1942 250 1967 arma
270 1927 556 1981 sumpsissent,
584 1928 692 1982 capti
711 1937 750 1968 et
775 1928 898 1969 deleti
922 1943 1097 1968 eramus.
1134 1928 1212 1968 hoc
1227 1934 1300 1975 est,
1327 1927 1491 1975 tribuni,
1519 1942 1530 1968 1

136 1988 334 2029 auxilium
359 1988 470 2042 plebi
494 1989 612 2038 ferre,
638 1990 835 2030 inermem
861 2004 951 2030 eam
976 1989 1085 2030 hosti
1103 1989 1387 2030 trucidandam
1406 1988 1494 2030 obi-

136 2050 252 2090 cere?
289 2050 459 2098 scilicet,
499 2050 533 2090 si
563 2051 653 2103 quis
685 2051 803 2092 vobis
834 2051 1088 2092 humillimus
1119 2051 1242 2092 homo
1273 2051 1323 2091 de
1354 2057 1491 2091 vestra

135 2111 272 2165 plebe,
310 2126 434 2164 quam
459 2119 614 2166 partem
642 2113 751 2152 velut
777 2112 995 2167 abruptam
1019 2128 1044 2153 a
1073 2119 1208 2154 cetero
1238 2112 1390 2167 populo
1421 2127 1491 2153 ve-

135 2179 262 2213 stram
297 2174 472 2228 patriam
507 2174 837 2227 peculiaremque
872 2189 959 2215 rem
994 2174 1203 2229 publicam
1239 2175 1416 2224 fecistis,
1455 2175 1491 2215 si

133 2235 225 2287 quis
251 2250 301 2275 ex
327 2235 389 2276 his
414 2236 583 2276 domum
609 2251 726 2277 suam
750 2236 964 2278 obsessam
989 2252 1014 2277 a
1036 2237 1193 2277 familia
1212 2245 1368 2278 armata
1385 2251 1490 2276 nun-

135 2296 262 2344 tiaret,
289 2296 505 2337 ferendum
530 2297 726 2337 auxilium
751 2298 963 2352 putaretis,
989 2298 1175 2353 Iuppiter
1199 2299 1378 2353 optimus
1403 2313 1489 2338 ma-

133 2357 286 2406 ximus,
324 2357 491 2398 exulum
521 2365 643 2412 atque
675 2374 885 2400 servorum
911 2368 1077 2414 saeptus
1102 2361 1245 2409 armis,
1276 2360 1389 2401 nulla
1412 2360 1488 2400 hu-

133 2434 256 2459 mana
291 2434 368 2473 ope
403 2420 553 2475 dignus
591 2421 700 2461 erat?
741 2428 782 2462 et
815 2421 859 2462 hi
892 2422 1119 2476 postulant,
1156 2430 1202 2463 ut
1238 2421 1489 2464 sacrosancti

132 2480 375 2530 habeantur,
399 2482 551 2535 ⁸quibus
577 2483 657 2537 ipsi
680 2483 737 2523 dii
761 2498 893 2537 neque
920 2485 1024 2525 sacri
1049 2499 1185 2538 neque
1211 2486 1343 2526 saneti
1368 2484 1487 2526 sunt?

1517 2312 1555 2340 10

131 2549 172 2582 at
202 2542 310 2582 enim
340 2543 489 2584 divinis
519 2544 792 2598 humanisque
824 2545 959 2586 obruti
989 2546 1212 2588 sceleribus
1242 2547 1378 2602 legem
1407 2560 1482 2587 vos
1512 2560 1546 2588 11

131 2603 208 2644 1100
233 2619 339 2645 anno
364 2605 590 2659 perlaturos
616 2607 821 2648 dictitatis.
870 2614 957 2648 tum
988 2608 1151 2649 hercule
1182 2609 1251 2650 illo
1281 2609 1365 2659 die,
1402 2623 1483 2662 quo

129 2679 208 2719 ego
233 2667 377 2707 consul
403 2681 493 2707 sum
519 2675 692 2717 creatus,
719 2668 825 2709 male
849 2676 968 2724 gesta
990 2684 1055 2710 res
1080 2670 1245 2724 publica
1265 2677 1338 2720 est,
1366 2671 1482 2725 peius

130 2726 275 2775 multo,
313 2742 436 2780 quam
462 2743 557 2769 cum
581 2729 629 2769 P.
657 2729 848 2771 Valerius
880 2731 1025 2772 consul
1054 2732 1190 2786 periit,
1229 2733 1265 2773 si
1294 2733 1478 2776 tuleritis.
