1835 3226
286 332 324 360 10

285 456 319 483 ll

283 701 320 729 12

285 949 318 977 123

284 1138 290 1163 l
310 1135 319 1163 l

350 207 432 248 350
684 211 833 245 LIBER
856 210 928 254 VI,
952 209 1005 244 42.
1034 212 1083 253 [a.
1097 221 1131 245 u.
1146 220 1178 244 c.
1192 211 1268 246 387.
1288 211 1370 255 388]

433 317 488 356 Et
518 329 568 356 nc
600 315 634 355 is
665 314 831 367 quidem
863 313 955 354 finis
981 313 1249 354 certaminum
1279 312 1369 354 fuit.
1418 314 1515 367 quia
1544 317 1702 370 patricii

348 393 391 419 se
417 384 602 418 auctores
628 375 789 417 futuros
814 375 1022 430 negabant
1045 390 1173 430 prope
1193 376 1469 417 secessionem
1487 377 1619 431 plebis
1637 393 1702 420 res

348 439 628 492 terribilesque
654 437 754 479 alias
780 437 912 479 minas
938 437 1118 478 civilium
1145 437 1413 478 certaminum
1444 439 1572 488 venit,
1611 453 1703 480 cum

347 508 483 542 tamen
501 515 575 554 per
594 500 833 540 dictatorcm
852 498 1161 540 condicionibus
1183 499 1347 540 sedatae
1367 500 1595 542 discordiae
1611 509 1705 542 sunt

347 576 672 615 concessumque
704 561 755 602 ab
785 561 996 602 nobilitate
1026 561 1137 616 plebi
1172 562 1223 602 dc
1260 562 1427 612 consule
1464 562 1643 617 plebeio,
1682 578 1707 604 a

346 624 465 679 plebe
490 623 692 665 nobilitati
723 623 772 664 dc
802 629 988 678 praetore
1021 638 1118 672 uno,
1157 623 1228 677 qui
1251 624 1315 664 ius
1340 624 1383 664 in
1414 624 1514 666 urbe
1540 625 1704 674 dicerer,

348 701 399 726 cx
428 685 613 740 patribus
647 685 835 726 creando.
884 685 941 725 ita
973 684 1024 725 ab
1057 685 1214 725 diutina
1242 685 1302 726 ira
1338 686 1505 726 tandem
1535 687 1576 727 in
1610 701 1706 727 con-

348 747 529 788 cordiam
552 747 729 788 redactis
757 746 969 788 ordinibus
995 761 1089 787 cum
1113 747 1282 802 dignam
1308 762 1399 788 cam
1424 762 1512 788 rem
1539 755 1705 789 senatus

348 815 533 851 censeret
569 824 680 859 esse,
716 809 944 862 meritoque
980 809 1040 858 id,
1084 809 1118 849 si
1154 809 1318 862 quando
1355 824 1553 863 umquam
1590 810 1705 859 alias,

347 873 471 913 deum
495 871 772 912 inmortalium
804 870 950 924 (causa
972 870 1148 912 libenter
1170 871 1373 926 facturos)
1404 872 1512 922 fore,
1553 882 1597 913 ut
1619 872 1708 913 ludi

348 934 515 975 maximi
540 934 684 974 fierent
709 939 749 974 et
778 933 866 974 dies
897 948 1005 974 unus
1032 933 1083 973 ad
1109 933 1289 974 triduum
1314 934 1560 984 adiceretur,
1592 949 1708 976 recu-

349 996 534 1038 santibus
566 996 606 1036 id
630 1011 780 1037 munus
812 995 1012 1036 aedilibus
1044 994 1175 1049 plebis
1209 995 1508 1036 conclamatum
1534 1011 1558 1037 a
1580 997 1707 1051 patri-

349 1059 421 1099 ciis
448 1065 509 1099 est
533 1057 770 1107 iuvenibus,
804 1072 847 1099 se
872 1058 914 1097 id
939 1057 1105 1098 honoris
1131 1057 1255 1098 deum
1279 1057 1556 1099 inmortalium
1582 1072 1708 1099 causa

348 1119 521 1161 libenter
551 1126 732 1169 acturos,
772 1126 813 1160 ut
845 1119 998 1160 aediles
1030 1119 1185 1160 fierent.
1235 1119 1385 1173 quibus
1417 1134 1511 1160 cum
1541 1119 1593 1161 ab
1618 1121 1708 1160 uni-

350 1182 478 1222 versis
503 1181 659 1236 gratiae
685 1188 799 1222 actae
825 1188 981 1229 essent,
1009 1181 1164 1222 factum
1190 1188 1357 1222 senatus
1384 1181 1636 1231 consultum,
1663 1189 1707 1222 ut

349 1244 542 1285 duoviros
579 1243 731 1284 aediles
768 1258 818 1283 cx
861 1243 1044 1298 patribus
1088 1243 1262 1283 dictator
1296 1243 1494 1297 populum
1530 1251 1705 1298 rogaret,

349 1312 485 1361 patres
511 1312 697 1347 auctores
723 1305 913 1347 omnibus
940 1305 1026 1346 cius
1053 1304 1149 1345 anni
1175 1305 1348 1346 comitiis
1374 1304 1528 1345 fierent.

743 1526 1024 1577 [PERIOCHA
1047 1527 1188 1564 LIBRI
1211 1525 1318 1576 VIL]

421 1613 523 1657 [Duo
538 1612 625 1646 novi
639 1611 880 1656 magistratus
895 1611 1031 1646 adiecti
1047 1616 1149 1655 sunt,
1175 1616 1352 1655 praetura
1365 1615 1404 1646 et
1423 1611 1559 1646 curulis
1581 1612 1708 1646 aedili-

350 1670 418 1699 tas.
444 1662 663 1708 pestilentia
677 1662 807 1696 eivitas
822 1662 1024 1704 laboravit,
1035 1673 1192 1707 eamque
1207 1661 1390 1706 insignem
1403 1661 1492 1696 fecit
1505 1673 1603 1696 mors
1618 1662 1707 1696 Furi

350 1714 513 1757 Camilli3
541 1713 644 1747 cuius
658 1713 861 1747 remedium
875 1716 912 1747 et
925 1711 1009 1746 finis
1026 1723 1105 1746 cum
1120 1724 1186 1756 per
1199 1722 1316 1746 novas
1331 1711 1532 1756 religiones
1555 1723 1707 1757 quaerc-

350 1770 470 1809 retur,
497 1764 575 1798 ludi
597 1764 760 1798 scaenici
779 1768 868 1798 tunc
887 1764 1046 1808 primum
1065 1762 1156 1797 facti
1178 1766 1275 1797 sunt.
1312 1774 1394 1797 cum
1416 1763 1494 1797 dies
1509 1763 1551 1797 L.
1566 1763 1707 1798 Manlio

351 1817 452 1850 dicta
465 1818 565 1850 esset
577 1826 599 1849 a
612 1815 661 1849 M.
676 1814 884 1859 Pomponio
900 1814 1050 1849 tribuno
1070 1813 1194 1859 plebis
1208 1817 1363 1858 propter
1383 1814 1559 1848 dilectum
1573 1815 1707 1849 acerbe

351 1872 473 1902 actum
487 1871 525 1902 et
538 1867 579 1900 T.
594 1865 773 1900 Manlium
787 1865 903 1899 filium
917 1877 979 1899 rus
998 1865 1207 1910 relegatum
1228 1865 1306 1899 sine
1326 1865 1404 1899 ullo
1424 1864 1594 1909 crimine,
1621 1866 1710 1900 adu-

350 1919 496 1952 lescens
510 1917 608 1962 ipse,
628 1917 731 1951 euius
746 1916 928 1961 relegatio
943 1916 1041 1961 patri
1057 1916 1308 1960 obiciebatur,
1330 1915 1483 1950 venitin
1497 1916 1709 1950 cubiculum

349 1969 489 2004 tribuni
509 1969 714 2013 strictoque
734 1968 860 2013 gladio
883 1967 1009 2013 coegit
1027 1979 1108 2002 eum
1130 1968 1167 2001 in
1188 1967 1302 2002 verba
1321 1978 1388 2001 sua
1406 1967 1547 2011 iurare,
1575 1978 1613 2001 se
1634 1978 1710 2001 non

350 2024 671 2065 perseveraturum
686 2019 723 2053 in
737 2018 988 2054 accusatione.
1016 2029 1097 2052 cum
1111 2019 1254 2053 telluris
1268 2018 1372 2052 hiatu
1384 2022 1465 2052 tota
1479 2018 1526 2052 ad
1540 2017 1709 2051 ultimum

350 2071 480 2106 territa
499 2070 623 2115 patria
642 2070 760 2114 foret,
786 2074 877 2103 tune
896 2069 1019 2104 omnia
1038 2069 1203 2113 pretiosa
1216 2069 1330 2103 missa
1344 2067 1482 2102 suntin
1501 2068 1709 2112 praealtam

350 2121 567 2166 voraginem
586 2121 690 2155 urbis
707 2121 911 2155 Romanae.
948 2120 986 2154 in
1007 2131 1088 2154 eam
1103 2119 1251 2154 Curtius
1272 2123 1435 2154 armatus
1455 2119 1589 2153 sedens
1610 2129 1707 2163 equo

353 2171 632 2216 praecipitavit,
658 2175 695 2206 et
709 2172 904 2216 expletast.
942 2171 987 2205 T.
1002 2170 1162 2205 Manlius
1182 2170 1421 2214 adulescens,
1449 2169 1512 2215 qui
1531 2172 1674 2214 patrem
1689 2180 1711 2204 a

352 2224 554 2258 tribunicia
579 2223 776 2258 vexatione
801 2222 1073 2265 vindicaverat,
1107 2225 1238 2256 contra
1264 2221 1414 2256 Gallum
1444 2224 1711 2265 provocantem

351 2275 513 2320 aliquem
528 2286 572 2310 ex
584 2274 763 2309 militibus
777 2273 956 2308 Romanis
970 2273 1008 2307 in
1031 2273 1221 2318 singulare
1241 2277 1431 2307 certamen
1453 2271 1649 2306 descendit
1662 2271 1713 2306 ei-

351 2337 423 2370 que
439 2325 563 2360 occiso
578 2329 744 2370 torquem
759 2335 911 2359 aureum
926 2323 1104 2367 detraxit,
1131 2334 1238 2368 quem
1257 2322 1338 2368 ipse
1357 2326 1492 2367 postea
1512 2321 1598 2356 tulit
1617 2326 1655 2356 et
1668 2332 1713 2356 ex

351 2387 395 2410 eo
418 2376 633 2421 Torquatus
655 2379 712 2410 est
729 2377 977 2419 nuncupatus.
1015 2374 1110 2407 duae
1130 2373 1249 2407 tribus
1270 2373 1440 2417 additae,
1462 2372 1659 2417 Pomptina
1676 2374 1713 2406 et

351 2427 527 2461 Publilia.
563 2425 730 2461 Licinius
749 2425 853 2460 Stolo
869 2425 951 2470 lege
966 2424 1044 2459 lata
1064 2424 1261 2458 damnatus
1282 2427 1356 2467 est,
1385 2423 1486 2468 quod
1506 2423 1591 2467 plus
1606 2422 1711 2467 quin-

352 2479 475 2522 gentis
499 2478 693 2522 iugeribus
720 2476 801 2522 agri
825 2475 1047 2521 possideret.
1091 2474 1141 2508 M.
1159 2474 1333 2509 Valerius
1359 2474 1530 2508 tribunus
1555 2473 1712 2506 militum

355 2529 521 2571 Gallum,
549 2540 571 2562 a
585 2539 658 2574 quo
674 2530 902 2572 provocatus
915 2529 1013 2569 erat,
1038 2524 1226 2560 insidente
1247 2525 1378 2570 galeae
1402 2535 1514 2559 corvo
1529 2528 1567 2558 et
1579 2522 1710 2568 ungui-

353 2579 422 2612 bus
435 2584 634 2624 rostroque
653 2579 798 2613 hostem
817 2577 1018 2612 infestante
1039 2575 1178 2610 oceidit
1198 2580 1235 2610 et
1253 2587 1297 2609 ex
1313 2586 1356 2610 eo
1371 2574 1482 2610 Corvi
1502 2585 1638 2608 nomen
1651 2584 1710 2608 ae-

355 2629 452 2674 cepit
466 2630 672 2675 consulque
687 2629 853 2674 proximo
868 2639 978 2672 anno,
1001 2638 1082 2661 eum
1097 2637 1217 2661 annos
1231 2625 1364 2671 viginti
1379 2630 1454 2660 tres
1469 2625 1639 2668 haberet,
1661 2623 1709 2658 ob

355 2679 525 2714 virtutem
547 2685 695 2715 creatus
711 2684 776 2715 est.
813 2679 976 2714 amicitia
1001 2689 1083 2712 cum
1109 2675 1468 2722 Carthaginensibus
1493 2675 1620 2710 iuncta
1644 2677 1709 2708 est.
