1835 3226
326 1039 344 1068 9

308 1225 347 1254 10

308 1350 343 1378 11

309 1657 348 1687 13

331 2159 349 2188 10

334 2407 352 2435 3

335 2656 351 2684 4

367 170 448 211 393
668 177 821 211 LIBER
846 176 957 220 VIII,
982 176 1013 209 2.
1032 175 1063 209 3.
1092 178 1140 218 [a.
1154 187 1187 209 u.
1203 186 1233 210 e.
1246 177 1324 211 413.
1343 176 1425 221 414]

366 281 519 322 bellum
544 280 723 327 fuerant,
755 285 898 319 eontra
924 277 1130 320 Sidicinos
1162 277 1353 332 profecti,
1384 279 1496 320 haud
1525 281 1567 321 in
1597 281 1723 323 dubia

367 357 439 397 spe
465 348 579 382 erant
604 347 762 381 mature
788 340 901 381 urbis
928 340 1108 381 hostium
1132 340 1367 394 potiundae.
1423 348 1509 382 tum
1535 343 1586 384 ab
1614 342 1724 385 Sidi-

367 404 469 444 cinis
506 403 658 443 deditio
693 403 807 457 prius
845 402 897 443 ad
933 402 1144 443 Romanos
1182 409 1328 456 coepta
1363 403 1450 444 fieri
1487 411 1567 453 est3
1615 405 1722 454 dein,

367 472 587 519 postquam
611 471 748 519 patres
774 473 819 504 ut
844 479 978 505 seram
1004 479 1095 504 eam
1115 463 1340 517 ultimaque
1361 465 1526 506 tandem
1545 466 1725 507 necessi-

367 535 449 568 tate
475 542 715 582 expressam
741 526 1078 581 aspernabantur,
1105 526 1157 567 ad
1175 527 1352 567 Latinos
1371 527 1453 567 iam
1480 542 1554 568 sua
1579 534 1724 583 sponte

368 590 407 630 in
439 605 552 630 arma
582 597 716 630 motos
747 589 858 630 faeta
887 596 961 630 est.
1021 603 1072 630 ne
1107 588 1507 643 Campani'quidcm
1538 615 1591 620 —
1622 591 1725 631 adeo

367 652 538 692 iniuriae
567 651 816 693 Samnitium
847 666 971 704 quam
1002 650 1191 692 beneficii
1215 651 1497 693 Romanorum
1529 653 1724 694 memoria

368 715 622 769 praesentior
653 721 738 756 erat
768 740 821 743 —
852 714 916 754 his
949 728 993 754 se
1024 714 1147 755 armis
1179 714 1426 755 abstinuere.
1488 729 1539 755 ex
1569 715 1633 756 his
1665 721 1723 755 tot

367 776 530 831 populis
550 791 656 817 unus
677 777 823 832 ingens
844 776 1048 817 exereitus
1069 776 1172 817 duce
1186 777 1338 817 Latino
1358 777 1461 817 fines
1478 775 1726 818 Samnitium

369 839 582 893 ingressus
608 838 701 893 plus
727 838 1062 893 populationibus
1083 853 1206 891 quam
1227 839 1391 893 procliis
1418 839 1595 880 cladium
1615 838 1725 880 fecit.

369 909 409 942 et
433 915 683 954 quamquam
711 902 942 956 superiores
969 900 1259 942 certaminibus
1284 901 1427 942 Latini
1453 908 1584 950 erant,
1616 900 1728 942 haud

368 963 503 1013 inviti,
531 978 582 1004 ne
608 963 772 1017 saepius
799 963 1078 1003 dimicandum
1106 962 1227 1012 foret,
1255 978 1354 1018 agro
1379 963 1559 1004 hostium
1585 977 1727 1004 exces-

371 1041 473 1067 sere.
533 1025 576 1066 id
607 1026 786 1080 spatium
813 1024 1070 1066 Samnitibus
1102 1025 1243 1065 datum
1275 1031 1338 1065 est
1361 1025 1538 1066 Romam
1568 1025 1727 1080 legatos

370 1088 576 1136 mittendi3
603 1087 786 1140 quicum
813 1087 997 1128 adissent
1022 1095 1228 1136 senatum,
1256 1087 1488 1140 conquesti,
1515 1087 1659 1128 eadem
1685 1101 1728 1127 se

371 1149 604 1190 foederatos
624 1149 727 1203 pati,
754 1164 859 1202 quae
879 1148 1019 1190 hostes
1046 1156 1184 1190 essent
1202 1149 1333 1203 passi,
1359 1149 1550 1204 precibus
1576 1149 1727 1190 infimis

372 1211 542 1266 petiere,
575 1218 619 1251 ut
646 1212 744 1252 satis
770 1212 965 1252 ducerent
990 1211 1168 1252 Romani
1194 1212 1425 1260 victoriam,
1457 1225 1581 1264 quam
1609 1209 1729 1251 Sam-

372 1273 525 1314 nitibus
545 1288 596 1314 ex
611 1273 826 1327 Campano
843 1271 1109 1326 Sidicinoque
1129 1272 1246 1314 hoste
1267 1273 1523 1328 eripuissent,
1550 1287 1600 1313 ne
1620 1272 1728 1312 vinci

374 1337 497 1377 etiam
523 1351 566 1377 se
592 1335 643 1376 ab
669 1335 948 1390 ignavissimis
974 1335 1138 1389 populis
1165 1335 1356 1376 sinerent.
1405 1335 1580 1375 Latinos
1603 1333 1729 1375 Cam-

374 1412 606 1453 panosque,
645 1398 680 1438 si
711 1396 787 1438 sub
819 1397 969 1438 ditione
1000 1397 1140 1451 populi
1166 1396 1343 1437 Romani
1369 1403 1522 1445 essent,
1554 1411 1628 1450 pro
1654 1396 1729 1436 im-

372 1462 485 1516 perio
511 1466 694 1501 arcerent
721 1458 897 1501 Samniti
923 1474 1041 1514 agro,
1069 1460 1130 1500 sin
1156 1459 1372 1513 imperium
1397 1458 1640 1507 abnuerent,
1667 1474 1730 1498 ar-

330 1540 336 1547 ·
375 1523 452 1563 mis
479 1528 724 1562 coercerent.
773 1522 971 1561 adversus
997 1521 1098 1562 haec
1123 1536 1368 1575 responsum
1393 1536 1543 1575 anceps
1571 1521 1726 1568 datum,

373 1584 470 1637 quia
495 1584 613 1624 fateri
638 1582 825 1638 pigebat,
851 1583 892 1623 in
918 1590 1119 1637 potestate
1140 1597 1215 1624 sua
1227 1584 1402 1624 Latinos
1422 1583 1503 1624 iam
1523 1598 1602 1623 non
1624 1597 1727 1630 esse,

375 1645 673 1699 timebantque,
721 1660 773 1685 ne
814 1645 1025 1700 arguendo
1066 1644 1355 1686 abalienarent.
1423 1644 1728 1699 Campanorum

374 1708 496 1749 aliam
527 1707 808 1748 condicionem
842 1722 952 1756 esse,
990 1706 1060 1760 qui
1090 1722 1173 1747 non
1203 1706 1386 1755 foedere,
1425 1707 1497 1747 sed
1522 1721 1594 1760 pcr
1618 1706 1731 1746 (ledi-

374 1770 526 1811 tionem
552 1770 594 1810 in
618 1769 742 1810 fidem
773 1769 1002 1818 venissent3
1040 1769 1178 1821 itaque
1205 1767 1462 1822 Campanos,
1502 1783 1574 1808 scu
1604 1767 1729 1808 velint

375 1847 449 1873 seu
479 1832 626 1882 nolint,
659 1832 882 1886 quieturos.
943 1832 985 1872 in
1015 1831 1180 1872 foedere
1205 1831 1358 1871 Latino
1383 1830 1483 1870 nihil
1509 1844 1618 1879 esse,
1649 1844 1731 1883 quo

375 1894 526 1935 bellare
552 1909 645 1935 eum
672 1894 821 1948 quibus
847 1894 927 1949 ipsi
952 1894 1077 1935 velint
1102 1893 1407 1948 prohibeantur.

459 1957 540 1997 III.
586 1956 711 2009 Quod
729 1971 975 2010 responsum
995 1956 1100 1997 sicut
1118 1955 1266 1996 dubios
1283 1953 1509 2003 Samnites,
1535 1953 1730 2007 quidnam

375 2019 580 2060 facturum
597 2019 829 2060 Romanum
850 2028 1081 2067 censerent,
1103 2017 1269 2067 dimisit,
1290 2017 1346 2057 ita
1362 2016 1599 2071 Campanos
1621 2022 1732 2056 metu

375 2081 640 2130 abalienavit,
667 2082 843 2122 Latinos
864 2081 975 2122 velut
995 2080 1094 2121 nihil
1114 2081 1195 2121 iam
1215 2095 1296 2120 non
1316 2078 1633 2120 concedentibus
1649 2077 1732 2118 Ro-

376 2145 507 2185 manis
533 2144 753 2185 ferociores
780 2144 888 2185 fecit.
927 2144 1064 2197 itaque
1090 2158 1163 2197 per
1187 2142 1365 2197 speciem
1392 2142 1589 2182 adversus
1612 2140 1732 2181 Sam-

376 2207 481 2247 nites
507 2206 603 2247 belli
628 2206 800 2261 parandi
825 2205 967 2247 crebra
988 2205 1160 2246 concilia
1178 2205 1403 2245 indicentes
1424 2203 1615 2244 omnibus
1637 2217 1732 2243 con-

377 2268 665 2310 sultationibus
686 2269 790 2309 inter
804 2283 847 2309 se
860 2268 1066 2322 principes
1082 2267 1239 2307 occulte
1254 2267 1487 2307 Romanum
1503 2264 1733 2318 coquebant

376 2331 544 2373 bellum.
582 2332 678 2372 huie
697 2346 861 2385 quoque
880 2331 1078 2371 adversus
1100 2337 1330 2371 servatores
1357 2344 1453 2369 suos
1479 2327 1586 2368 bello
1608 2326 1732 2368 Cam-

378 2409 511 2448 panus
544 2394 696 2435 aderat.
746 2394 819 2435 sed
850 2407 1101 2447 quamquam
1132 2392 1270 2433 omnia
1305 2392 1356 2432 de
1391 2389 1593 2431 industria
1628 2388 1733 2429 cela-

378 2457 528 2498 bantur
552 2483 606 2487 —
630 2458 871 2512 priusquam
902 2462 1164 2496 moverentur
1188 2455 1384 2503 Romani,
1417 2454 1502 2494 tolli
1534 2452 1585 2493 ab
1617 2458 1732 2506 tergo

380 2519 610 2561 Samnitem
635 2520 796 2561 hostem
822 2518 1015 2560 volebant
1028 2543 1081 2547 —
1097 2524 1234 2559 tamen
1252 2532 1325 2572 per
1343 2517 1544 2570 quosdam
1563 2513 1732 2569 privatis

377 2581 564 2636 hospitiis
596 2580 1054 2634 necessitudinibusque
1084 2581 1324 2621 coniunctos
1361 2579 1511 2619 indicia
1546 2577 1733 2618 coniura-

379 2644 499 2684 tionis
519 2645 605 2686 eius
621 2645 797 2686 Romam
817 2652 1077 2693 emanarunt,
1103 2643 1308 2696 iussisque
1329 2647 1422 2682 ante
1448 2647 1609 2694 tempus
1635 2652 1731 2679 eon-
