1780 3204
381 275 534 310 Lmen
557 275 667 319 vm,
695 275 820 309 1213.
848 277 895 319 [a.
912 273 1160 318 osio-338]
1366 264 1447 305 411

101 382 178 423 suit
199 380 359 429 consul,
387 379 590 420 criminari
610 378 719 433 apud
736 378 934 433 populum
953 385 1089 433 patres
1116 377 1269 418 destitit
1293 376 1451 432 collega

102 444 421 496 haudquaquam
453 442 713 490 adversante,
752 441 848 494 quia-
879 447 916 481 et
947 441 1035 494 ipse
1067 440 1117 481 de
1142 439 1260 494 plebe
1287 447 1372 480 erat
1396 465 1450 469 —

103 505 315 546 materiam
342 511 478 544 autem
502 503 724 558 praebebat
749 501 986 544 criminibus
1012 517 1110 557 ager
1133 503 1176 542 in
1199 503 1351 543 Latino
1370 501 1450 542 Fa·
1477 515 1516 544 12

101 567 294 620 lernoque
331 582 429 621 agro
466 566 643 621 maligne
681 564 816 620 plebei
852 565 1007 606 divisus
1043 590 1098 594 —
1135 571 1192 614 et,
1229 571 1450 619 postquam

104 636 268 670 senatus
310 629 424 670 finire
465 629 681 683 imperium
725 627 962 668 consulibus
1005 627 1173 682 cupiens
1211 627 1450 668 dictatorem

102 692 299 733 adversus
324 691 568 732 rebellantes
593 691 767 731 Latinos
794 690 874 730 dici
903 690 1038 739 iussit,
1071 689 1294 739 Aemilius,
1334 689 1448 730 cuius
1477 701 1516 731 13

103 765 188 793 tum
215 753 348 794 fasces
375 761 507 802 erant,
545 753 745 807 collegam
776 752 1014 793 dictatorem
1046 752 1165 801 dixit3
1204 751 1254 792 ab
1287 766 1334 792 eo
1365 766 1452 791 ma-

103 815 231 870 gister
256 815 438 868 equitum
462 815 607 855 Iunius
632 814 787 855 Brutus
814 814 959 855 dietus.

186 877 402 918 Dictatura
427 878 635 932 popularis
663 884 701 918 et
726 877 976 918 orationibus
1001 877 1044 918 in
1061 883 1196 931 patres
1223 875 1449 918 criminosis
1478 889 1518 918 14

106 939 182 980 fuit
207 947 246 980 et
270 940 379 993 quod
405 947 486 981 tres
511 940 624 994 leges
652 939 972 980 secundissimas
998 939 1132 994 plebei
1159 939 1352 979 adversas
1378 953 1451 979 no-

101 1001 247 1042 bilitati
273 1001 379 1042 tulit:
405 1017 548 1051 unam,
574 1008 617 1041 ut
636 1001 747 1055 plebi
767 1001 868 1042 scita
886 1016 1028 1042 omnes
1044 1000 1225 1053 Quirites
1247 1007 1449 1049 tenerent;

102 1063 283 1113 alteram,
309 1070 353 1103 ut
372 1063 523 1118 legum,
545 1078 648 1117 quae
669 1063 842 1103 comitiis
863 1062 1097 1103 centuriatis
1117 1062 1330 1111 ferrentmy
1357 1068 1450 1102 ante
1478 1075 1517 1103 15

101 1125 247 1165 initum
266 1125 507 1180 suffragium
527 1132 662 1179 patres
683 1130 869 1165 auctores
892 1124 1054 1172 fierent3
1081 1123 1260 1171 tertiam,
1287 1129 1331 1162 ut
1351 1123 1451 1163 alter
1479 1136 1517 1165 16

101 1188 242 1240 utique
261 1202 311 1227 ex
330 1187 462 1241 plebe,
490 1202 582 1227 cum
603 1201 650 1227 eo
670 1192 837 1226 ventum
858 1185 921 1234 sit,
949 1191 993 1225 ut
1011 1191 1228 1237 utrumque
1243 1183 1451 1238 plebeium

100 1249 187 1289 fieri
210 1249 366 1297 liceret,
400 1263 544 1288 censor
570 1253 784 1288 crearetur.
844 1247 937 1300 plus
965 1261 1012 1287 eo
1039 1261 1146 1286 anno
1173 1245 1282 1286 domi
1307 1260 1451 1300 accep·
1480 1259 1516 1287 1?

100 1317 187 1350 tum
223 1310 349 1350 cladis
387 1309 437 1350 ab
475 1308 711 1350 consulibus
743 1323 789 1349 ae
821 1308 1016 1349 dictatore
1048 1323 1170 1361 quam
1202 1322 1253 1347 ex
1282 1307 1453 1348 victoria

100 1386 241 1412 eorum
282 1371 520 1424 bellicisque
561 1370 684 1411 rebus
722 1370 821 1411 foris
859 1376 1026 1411 auctum
1062 1369 1278 1424 imperium
1314 1376 1450 1424 patres

100 1432 331 1474 credebant.

183 1494 313 1535 XIII.
350 1493 476 1534 Anno
495 1494 745 1547 insequenti,
771 1494 824 1534 L.
844 1493 970 1535 Furio
992 1493 1181 1543 Camillo,
1211 1493 1259 1535 C.
1280 1492 1449 1533 Maenio
1478 1507 1492 1535 1

99 1556 355 1605 consulibus,
389 1571 470 1609 quo
494 1556 728 1611 insignitius
756 1557 907 1597 omissa
933 1572 997 1597 res
1023 1556 1203 1597 Aemilio
1231 1555 1450 1610 superioris

99 1618 194 1658 anni
219 1617 376 1658 consuli
402 1618 727 1672 exprobraretur,
753 1618 915 1659 Pedum
940 1619 1062 1659 armis
1082 1619 1262 1671 virisque
1283 1624 1321 1657 et
1340 1617 1451 1657 omni

99 1680 140 1720 vi
171 1680 492 1734 expugnandum
524 1695 571 1720 ae
602 1680 820 1721 delendum
853 1689 1018 1721 senatus
1050 1680 1204 1728 fremit,
1242 1678 1452 1731 coactique

99 1742 196 1782 novi
221 1742 410 1782 eonsules
436 1741 625 1783 omnibus
657 1757 748 1782 eam
777 1758 864 1782 rem
893 1742 1096 1796 praeverti
1126 1740 1449 1795 proficiscuntur.

100 1804 181 1844 iam
208 1803 333 1844 Latio
362 1803 397 1843 is
430 1810 559 1844 status
592 1811 677 1844 erat
707 1819 860 1853 rerum,
897 1810 941 1843 ut
972 1818 1103 1856 neque
1135 1803 1288 1843 bellum
1318 1816 1451 1855 neque

99 1880 244 1920 pacem
268 1864 353 1918 pati
377 1871 557 1918 possent.
619 1866 671 1905 ad
694 1864 848 1905 bellum
873 1879 971 1918 opes
1003 1865 1187 1913 deerant,
1224 1878 1368 1918 pacem
1400 1862 1451 1904 ob

101 1927 189 1982 agri
208 1926 387 1980 adempti
408 1926 588 1966 dolorem
609 1926 942 1980 aspernabantur.
975 1927 1120 1966 mediis
1141 1926 1320 1967 consiliis
1342 1932 1452 1966 stan-
1477 1938 1496 1968 3

103 1990 200 2028 dum
226 1987 458 2037 videbatur,
491 1996 535 2027 ut
560 1988 721 2042 oppidis
749 2003 791 2029 se
818 1995 1018 2037 tenerent,
1051 2003 1102 2029 ne
1127 1988 1342 2028 lacessitus
1367 1987 1453 2028 Ro-

100 2066 246 2091 manus
286 2065 453 2090 causam
490 2049 586 2090 belli
616 2050 783 2091 haberet
814 2057 870 2099 et,
909 2051 944 2091 si
974 2050 1089 2091 euius
1123 2050 1261 2104 oppidi
1293 2049 1451 2090 obsidio

100 2113 284 2153 nuntiata
313 2119 438 2160 esset,
471 2112 650 2164 undique
677 2127 727 2152 ex
751 2111 942 2153 omnibus
967 2111 1130 2166 populis
1157 2112 1354 2152 auxilium
1380 2110 1453 2152 ob-

103 2175 228 2216 sessis
270 2174 454 2214 ferretur.
515 2188 646 2226 neque
689 2180 825 2214 tamen
868 2174 948 2215 nisi
990 2174 1210 2214 admodum
1253 2189 1276 2214 a
1310 2173 1451 2228 paucis
1477 2186 1497 2214 4

102 2236 266 2291 populis
280 2235 439 2276 Pedani
459 2236 587 2276 adiuti
607 2243 713 2276 sunt.
752 2235 946 2276 Tiburtes
966 2235 1324 2289 Praenestinique,
1352 2250 1453 2289 quo-

102 2314 193 2339 rum
217 2313 316 2352 ager
338 2298 504 2352 propior
523 2304 626 2346 erat,
653 2297 814 2338 Pedum
831 2313 1072 2352 pervenere3
1098 2297 1290 2338 Aricinos
1309 2298 1452 2338 Lanu·
1478 2311 1496 2339 5

105 2360 303 2412 vinosque
329 2366 366 2400 et
386 2359 617 2400 Veliternos
636 2359 876 2400 Antiatibus
895 2359 1060 2400 Volscis
1088 2375 1130 2401 se
1157 2360 1451 2414 coniungentes

104 2421 156 2462 ad
174 2420 354 2462 Asturae
379 2421 532 2461 flumen
555 2420 748 2462 Maenius
774 2421 982 2476 inproviso
1009 2422 1174 2462 adortus
1200 2421 1318 2462 fudit.
1369 2419 1451 2461 Ca·
1476 2432 1494 2462 6

103 2483 239 2524 millus
265 2483 317 2523 ad
336 2483 496 2523 Pedum
523 2498 616 2524 cum
638 2483 879 2524 Tiburtibus
905 2484 1083 2524 maxime
1108 2483 1244 2524 valido
1271 2483 1452 2524 exercitu

104 2545 255 2585 maiore
281 2545 406 2594 mole,
439 2559 690 2598 quamquam
715 2560 844 2598 aeque
875 2560 1071 2600 prospero
1102 2552 1251 2586 eventu
1281 2551 1450 2600 pugnat.

103 2608 322 2648 tumultum
352 2608 529 2648 maxime
558 2607 772 2662 repentina
800 2608 905 2648 inter
927 2608 1128 2662 proelium
1153 2608 1311 2662 eruptio
1337 2606 1452 2661 oppi-
1477 2620 1494 2648 7

104 2670 303 2711 danorum
327 2670 442 2720 feeit,
469 2670 511 2710 in
536 2685 638 2724 quos
663 2676 778 2724 parte
804 2670 1005 2711 exereitus
1031 2685 1229 2711 conversa
1250 2669 1450 2711 Camillus

102 2747 183 2774 non
221 2732 402 2787 conpulit
433 2732 565 2774 solum
598 2748 667 2774 eos
699 2733 803 2774 intra
833 2733 1011 2783 moenia,
1050 2733 1123 2775 sed
1153 2733 1297 2775 eodem
1328 2732 1450 2774 etiam

1477 1815 1495 1843 10
