1835 3226
335 356 353 385 6

335 418 351 446 7

315 1034 355 1064 10

315 1159 349 1188 11

378 167 461 210 386
715 173 867 208 LIBER
891 173 982 217 Vn,
1008 172 1063 207 34.
1081 173 1136 207 35.
1163 175 1212 216 [a.
1226 184 1260 207 u.
1276 184 1306 208 e.
1319 174 1401 218 411]

381 287 468 319 tum
495 291 631 318 serva:
663 290 796 329 neque
822 275 931 317 enim
955 275 1112 316 moveri
1135 275 1267 317 hostis
1294 275 1503 318 subiectus
1533 277 1652 320 nobis
1683 279 1735 320 ad

380 353 524 380 omnes
560 338 666 378 ictus
703 337 792 378 sine
829 352 904 377 sua
938 336 1118 391 pernicie
1153 338 1316 392 poterit.
1375 353 1451 379 nos
1488 338 1636 381 deinde
1665 348 1735 381 aut

378 400 542 441 fortuna
566 398 708 453 populi
732 398 911 439 Romani
935 405 1005 439 aut
1035 405 1176 440 nostra
1205 399 1334 441 virtus
1367 400 1581 454 expediet!
1640 415 1736 442 con-

378 461 569 502 laudatus
602 460 654 501 ab
685 460 854 502 consule
885 467 1054 514 accepto
1085 461 1291 515 praesidio
1315 461 1429 502 vadit
1454 461 1638 503 occultus
1663 477 1737 517 per

379 523 549 572 saltum3
585 536 662 563 nec
692 523 805 577 prius
837 522 889 564 ab
920 522 1038 563 hoste
1070 533 1133 563 est
1163 523 1278 565 visus
1310 538 1434 577 quam
1464 524 1573 574 loco,
1611 539 1735 578 quem

378 584 556 640 petebat,
577 584 932 639 adpropinquavit.
958 584 1053 625 inde
1068 584 1337 626 admiratione
1350 586 1597 640 paventibus
1613 601 1736 627 cunc-

378 648 430 688 tis
456 661 550 687 cum
575 647 758 688 omnium
783 647 825 687 in
851 661 895 688 se
920 647 1110 687 vertisset
1136 647 1296 697 oeulos,
1322 654 1361 688 et
1381 648 1560 702 spatium
1579 648 1737 689 consuli

378 709 489 749 dedit
515 708 568 749 ad
593 708 906 750 subducendum
932 723 1081 763 agmen
1105 709 1148 749 in
1173 710 1408 763 aequiorem
1433 709 1567 750 locum
1589 711 1736 765 etipse

378 772 421 812 in
446 786 608 812 summo
627 771 808 812 constitit
827 771 991 812 vertice.
1032 770 1259 822 Sanmites,
1286 773 1385 813 dum
1404 772 1485 813 huc
1503 772 1599 813 illuc
1619 773 1734 828 signa

378 840 560 882 vertunt,
589 833 801 887 utriusque
820 834 878 874 rei
899 833 1052 875 amissa
1071 835 1288 875 occasione
1307 849 1441 888 neque
1460 835 1622 888 insequi
1641 849 1737 876 con-

381 895 512 937 sulem
537 895 617 936 nisi
640 910 714 950 per
738 896 912 936 eandem
937 895 1104 945 vallem,
1137 896 1179 937 in
1203 911 1285 950 qua
1308 896 1432 951 paulo
1457 904 1550 937 ante
1577 895 1738 938 subiec-

379 965 466 998 tum
492 972 586 998 curn
611 957 702 998 telis
729 958 814 999 suis
834 957 1080 1007 habuerant,
1106 965 1281 1013 possunt
1305 973 1381 1000 nec
1406 959 1562 1014 erigere
1588 973 1736 1013 agmen

379 1019 421 1060 in
446 1026 612 1073 captum
639 1034 762 1074 super
788 1035 831 1061 se
857 1019 908 1061 ab
934 1019 1068 1061 Decio
1100 1020 1316 1061 tumulum.
1378 1021 1452 1062 sed
1483 1036 1576 1061 cum
1606 1021 1666 1061 ira
1696 1021 1738 1061 in

379 1081 455 1122 hos
487 1081 638 1136 magis,
677 1082 748 1135 qui
784 1082 991 1123 fortunam
1026 1083 1231 1137 gerendae
1267 1083 1327 1123 rei
1363 1083 1612 1138 eripuerant,
1650 1090 1737 1123 tum

380 1143 662 1198 propinquitas
694 1143 773 1184 loci
797 1152 921 1197 atque
946 1144 1037 1198 ipsa
1060 1145 1246 1198 paucitas
1272 1145 1432 1194 incitat3
1465 1152 1504 1185 et
1528 1159 1637 1185 nunc
1662 1144 1738 1185 cir-

324 1222 326 1225 ·
381 1205 574 1245 cumdare
618 1205 799 1258 undique
837 1205 981 1246 collem
1020 1205 1187 1246 armatis
1224 1206 1386 1255 volunt,
1429 1213 1472 1246 ut
1510 1222 1534 1247 a
1569 1205 1737 1246 consule

317 1654 355 1683 13

318 1966 357 1995 14

320 2216 357 2245 1.)

339 2526 356 2554 ¹0

380 1267 560 1308 Decium
584 1267 874 1316 intercludant,
901 1281 1010 1307 nunc
1035 1267 1144 1307 viam
1168 1267 1421 1321 patefacere,
1448 1274 1491 1308 ut
1517 1267 1736 1322 degressos

380 1330 422 1370 in
446 1329 597 1370 vallem
622 1329 870 1370 adoriantur.
909 1329 1104 1378 incertos,
1131 1329 1229 1382 quid
1249 1338 1435 1384 agerent,
1462 1345 1543 1369 nox
1569 1344 1737 1384 oppres-

382 1392 445 1432 sit.
505 1391 686 1432 Decium
721 1391 899 1446 primum
936 1405 1030 1445 spes
1068 1391 1217 1440 tenuit,
1255 1405 1349 1431 cum
1386 1391 1658 1432 subeuntibus
1695 1391 1737 1431 in

381 1454 601 1494 adversum
628 1452 774 1494 collem
794 1468 844 1494 ex
865 1453 1072 1507 superiore
1092 1452 1182 1494 loco
1203 1467 1247 1494 se
1265 1462 1542 1508 pugnaturum
1554 1469 1563 1502 3
1590 1453 1737 1493 deinde

382 1515 597 1556 admiratio
622 1514 809 1563 incessit,
835 1515 946 1568 quod
970 1529 1046 1556 nec
1070 1529 1253 1569 pugnam
1274 1515 1421 1556 inirent
1441 1530 1535 1564 nec,
1563 1515 1596 1556 si
1616 1514 1668 1556 ab
1689 1529 1737 1555 eo

382 1577 551 1618 consilio
588 1577 801 1630 iniquitate
837 1577 916 1618 loci
952 1577 1269 1627 deterrerentur,
1313 1593 1434 1632 opere
1473 1593 1517 1619 se
1548 1578 1737 1631 valloque

382 1639 696 1680 circumdarent.
735 1646 822 1679 tum
847 1639 1153 1680 centurionibus
1180 1639 1233 1680 ad
1253 1655 1296 1681 se
1315 1641 1489 1681 vocatis:
1517 1645 1737 1693 ‘quaenam

381 1701 450 1742 illa
474 1701 635 1742 inscitia
661 1700 757 1741 belli
783 1715 829 1741 ac
855 1701 1020 1755 pigritia
1046 1708 1126 1750 est,
1154 1708 1224 1741 aut
1243 1715 1423 1754 quonam
1448 1702 1570 1743 modo
1595 1702 1662 1743 isti
1687 1717 1738 1742 ex

383 1762 579 1805 Sidicinis
613 1762 922 1818 Campanisque
953 1763 1167 1804 victoriam
1196 1763 1466 1818 pepererunt?
1507 1764 1586 1805 11110
1616 1771 1738 1817 atque

381 1826 478 1866 111110
504 1826 623 1881 signa
648 1826 804 1866 moveri
829 1840 877 1867 ac
902 1825 1024 1866 modo
1050 1825 1091 1866 in
1115 1840 1246 1866 unum
1271 1825 1447 1867 conferri
1473 1826 1595 1866 modo
1621 1826 1738 1866 educi

382 1889 549 1929 videtis:
588 1903 691 1943 opus
724 1889 891 1942 quidem
922 1889 1066 1943 incipit
1095 1903 1236 1938 nemo,
1269 1888 1469 1929 cumiani
1500 1888 1740 1929 circumdati

383 1951 491 1992 vallo
517 1951 771 2006 potuerimus
803 1965 907 1992 esse.
968 1958 1056 1991 tum
1085 1965 1181 1992 vere
1206 1965 1281 1992 nos
1309 1950 1463 1991 similes
1489 1950 1660 1991 istorum
1687 1950 1740 1991 si-

381 2029 494 2063 mus,
522 2014 556 2055 si
581 2014 734 2055 diutius
760 2014 828 2055 1110
853 2028 1060 2054 moremur
1084 2028 1208 2067 quam
1229 2013 1491 2055 commodum
1512 2013 1575 2054 sit.
1613 2013 1742 2067 agite-

382 2077 501 2126 dum,
533 2077 587 2117 ite
613 2091 776 2117 mecum
801 2083 859 2125 et,
897 2076 995 2116 dum
1026 2076 1130 2117 lueis
1162 2076 1317 2129 aliquid
1347 2081 1552 2130 superest,
1590 2074 1740 2128 quibus

382 2139 483 2180 locis
514 2139 719 2194 praesidia
749 2146 922 2193 ponant,
959 2153 1041 2192 qua
1071 2145 1209 2193 pateat
1238 2138 1333 2179 hine
1364 2138 1517 2186 exitus,
1555 2136 1742 2191 explore-

383 2201 502 2242 mus!
561 2201 663 2242 haec
689 2201 827 2242 onmia
853 2201 997 2256 sagulo
1022 2201 1182 2256 gregali
1206 2200 1400 2250 amictus,
1433 2198 1740 2241 centurionibus

383 2265 479 2306 item
511 2264 827 2319 manipularium
859 2264 1033 2305 militum
1064 2264 1208 2305 habitu
1232 2264 1385 2313 ductis,
1417 2277 1468 2304 ne
1494 2263 1641 2304 ducem
1666 2262 1743 2304 cir-

384 2326 537 2367 cumire
563 2326 704 2368 hostes
729 2333 935 2375 notarent,
962 2326 1236 2380 perlustravit.

467 2388 670 2430 XXXV.
729 2388 895 2444 Vigiliis
938 2389 1086 2430 deinde
1123 2389 1333 2443 dispositis
1369 2387 1514 2429 ceteris
1551 2385 1742 2428 omnibus

384 2458 582 2492 tesseram
613 2451 701 2493 dari
731 2451 863 2500 iubet,
896 2451 967 2493 ubi
992 2451 1198 2493 secundae
1222 2451 1387 2507 vigiliae
1417 2450 1568 2491 bucina
1598 2449 1740 2490 datum

385 2513 548 2568 signum
575 2521 703 2564 esset,
730 2513 875 2555 armati
901 2528 995 2555 cum
1021 2514 1182 2555 silentio
1208 2514 1260 2555 ad
1281 2528 1324 2554 se
1344 2513 1620 2554 convenirent.
1659 2525 1742 2564 quo

384 2575 472 2624 ubi,
501 2576 605 2616 sicut
625 2576 804 2618 edictum
825 2583 922 2625 crat,
950 2576 1060 2617 taciti
1080 2582 1376 2625 convenerunt,
1405 2575 1500 2615 ‘hoc
1521 2573 1741 2621 silentium,

386 2636 565 2688 milites,’
602 2639 735 2693 inquit
767 2639 939 2680 ‘omisso
971 2639 1135 2680 militari
1166 2639 1346 2680 adsensu
1376 2638 1418 2678 in
1450 2651 1515 2678 me
1540 2634 1743 2677 audiendo
