1835 3226
268 1607 309 1637 10

288 1980 305 2009 {0

292 2662 308 2691 (Ξ

335 246 415 287 272
692 251 843 285 LIBER
864 251 908 295 v,
934 251 991 286 20.
1013 252 1067 285 21.
1098 252 1145 296 [a.
1159 262 1195 286 u.
1210 262 1240 286 e.
1253 252 1335 296 355]

332 357 529 412 gitionem
556 370 724 403 novam,
757 354 992 410 prodigam,
1019 354 1296 407 inaequalem,
1327 355 1601 398 inconsultam
1625 373 1687 399 ar-

332 432 476 473 guens,
503 417 537 458 si
564 416 690 458 semel
715 416 832 457 nefas
857 416 1064 466 ducerent,
1092 423 1254 471 captam
1279 431 1331 457 ex
1354 416 1543 459 hostibus
1561 418 1604 459 in
1622 433 1689 460 ae-

331 479 437 520 rario
469 478 669 519 exhausto
694 477 811 519 bellis
836 477 1055 532 pecuniam
1080 492 1190 528 esse,
1222 485 1364 520 auctor
1388 485 1474 520 erat
1499 479 1690 534 stipendii

332 555 384 582 ex
408 555 456 581 ea
480 540 654 595 pecunia
679 540 797 580 militi
821 540 1075 589 numerandi,
1103 546 1147 580 ut
1167 554 1214 581 eo
1235 540 1370 581 minus
1390 540 1530 582 tributi
1548 540 1688 595 plebes

332 602 546 644 conferret.
603 602 690 643 eius
717 602 826 643 enim
851 602 948 643 doni
974 602 1211 643 societatem
1243 614 1435 644 sensuras
1467 603 1691 657 aequaliter

332 664 514 706 omnium
541 664 705 706 domos:
741 679 824 705 non
849 665 991 705 avidas
1016 664 1057 704 in
1083 664 1331 719 direptiones
1362 680 1509 707 manus
1541 666 1692 708 otioso-

331 742 421 768 rum
447 726 696 768 urbanorum
722 734 1007 781 praerepturas
1039 726 1206 767 fortium
1235 726 1479 768 bellatorum
1509 727 1692 782 praemia

333 803 442 838 esse,
476 803 569 830 eum
594 789 650 829 ita
674 789 804 830 ferme
829 789 1010 838 eveniat,
1042 795 1087 829 ut
1113 789 1278 844 segnior
1304 789 1355 830 sit
1379 790 1614 844 praedator,
1646 799 1691 831 ut

332 851 505 905 quisquc
531 850 681 893 laboris
706 851 958 906 periculique
983 851 1247 906 praecipuam
1278 859 1416 906 petere
1441 858 1600 906 partem
1626 867 1691 894 so-

332 913 425 954 leat.
474 913 664 954 Licinius
697 920 838 955 contra
869 919 1105 968 suspectam
1136 920 1176 954 et
1205 913 1380 954 invisam
1414 928 1576 968 semper
1600 928 1690 955 eam

332 976 548 1030 pecuniam
575 976 662 1017 fore
688 975 823 1017 aiebat
849 990 1081 1029 causasque
1113 975 1331 1016 criminum
1356 976 1409 1017 ad
1438 976 1602 1031 plebem
1627 991 1690 1018 se-

333 1038 532 1079 ditionum
557 1038 651 1079 inde
677 1053 724 1079 ac
748 1038 888 1093 legum
913 1052 1113 1079 novarum
1137 1037 1427 1092 praebituram.
1461 1039 1588 1080 satius
1613 1039 1691 1093 igi-

332 1107 398 1140 tur
422 1114 526 1149 esse,
552 1100 805 1141 reconciliari
830 1115 877 1142 eo
903 1101 1011 1142 dono
1036 1099 1168 1155 plebis
1195 1100 1367 1150 animos,
1395 1100 1606 1142 exhaustis
1632 1108 1692 1141 at-

332 1176 412 1216 que
448 1162 664 1203 exinanitis
707 1162 858 1203 tributo
901 1169 959 1203 tot
1000 1177 1200 1203 annorum
1237 1163 1418 1203 succurri
1460 1169 1499 1203 et
1543 1163 1691 1204 sentire

332 1224 508 1278 praedae
533 1223 713 1265 fructum
745 1238 796 1265 ex
827 1239 874 1265 eo
901 1224 1026 1272 bello,
1064 1224 1105 1264 in
1130 1239 1211 1277 quo
1236 1239 1363 1279 prope
1389 1225 1689 1266 consenuerint.

332 1286 488 1340 gratius
513 1285 555 1326 id
580 1285 667 1326 fore
686 1285 914 1339 laetiusque
935 1285 1046 1338 quod
1065 1285 1239 1338 quisque
1261 1300 1335 1326 sua
1360 1301 1482 1326 manu
1503 1300 1553 1326 ex
1573 1285 1690 1326 hoste

333 1354 497 1402 captum
523 1347 690 1388 domum
715 1347 932 1396 rettulerit,
972 1361 1095 1400 quam
1128 1347 1162 1387 si
1192 1346 1406 1401 multiplex
1437 1347 1602 1388 alterius
1628 1362 1691 1388 ar-

332 1407 452 1450 bitrio
484 1409 668 1464 accipiat.
718 1409 855 1463 ipsum
886 1408 1126 1449 dictatorem
1158 1408 1302 1463 fugere
1333 1408 1531 1449 invidiam
1562 1423 1613 1449 ex
1640 1423 1687 1449 eo

334 1471 604 1525 criminaque,
643 1486 691 1513 eo
723 1471 938 1526 delegasse
969 1471 1022 1512 ad
1054 1477 1253 1512 senatum.
1309 1477 1495 1511 senatum
1527 1485 1689 1524 quoque

332 1532 481 1574 debere
511 1533 704 1574 reiectam
733 1548 820 1574 rem
851 1533 902 1573 ad
935 1547 980 1573 se
1010 1532 1243 1587 permittere
1273 1532 1383 1587 plebi
1421 1547 1466 1573 ac
1503 1531 1587 1586 pati
1617 1532 1690 1573 ha-

334 1595 442 1644 bere,
469 1595 580 1649 quod
606 1595 752 1648 cuique
776 1595 862 1636 fors
889 1595 985 1636 belli
1009 1594 1178 1635 dederit.
1215 1594 1316 1635 haee
1342 1595 1465 1636 tutior
1489 1595 1578 1636 visa
1599 1609 1691 1636 scn-

332 1657 458 1697 tentia
483 1664 556 1706 est,
584 1671 688 1710 quae
713 1657 953 1711 popularem
986 1662 1174 1697 senatum
1199 1655 1364 1697 faceret.
1414 1657 1590 1698 edictum
1616 1657 1690 1697 ita-

332 1733 411 1772 que
437 1725 517 1767 est,
544 1718 597 1758 ad
620 1719 817 1772 praedam
841 1717 1059 1759 Veientem
1085 1716 1235 1771 quibus
1261 1717 1467 1759 videretiu·
1490 1718 1532 1759 in
1557 1724 1691 1760 castra

332 1781 384 1821 ad
409 1780 650 1821 dictatorem
674 1779 1044 1834 proficiscerentur.

417 1842 548 1883 XXI.
586 1842 741 1897 Ingens
766 1841 952 1897 profecta
976 1841 1195 1882 multitudo
1219 1840 1391 1896 replevit
1416 1847 1561 1883 castra.
1605 1848 1691 1882 tum

332 1904 506 1945 dictator
530 1904 743 1958 auspicato
768 1918 962 1959 egressus
989 1918 1082 1944 eum
1109 1903 1319 1952 edixisset,
1345 1910 1391 1944 ut
1410 1918 1523 1944 arma
1541 1903 1690 1944 milites

333 1973 543 2021 caperent,
572 1970 661 2007 ‘tuo
687 1966 844 2016 ductu,'
869 1966 1001 2019 inquit
1027 1965 1221 2020 ‘Pythice
1246 1964 1413 2020 Apollo,
1441 1971 1592 2019 tuoque
1617 1980 1692 2006 nu—

334 2029 443 2069 mine
473 2028 692 2070 instinctus
722 2043 852 2084 pergo
884 2028 936 2069 ad
967 2027 1183 2068 delendam
1208 2027 1352 2068 urbem
1376 2026 1506 2068 Veios
1536 2027 1692 2081 tibique

334 2090 429 2131 hine
442 2090 643 2131 decimam
656 2097 815 2144 partem
827 2090 1004 2145 praedae
1024 2104 1168 2133 voveo.
1201 2096 1240 2130 te
1255 2089 1389 2139 simul,
1415 2089 1521 2129 Iuno
1535 2089 1689 2144 regina,

333 2167 438 2206 quae
463 2167 572 2193 nune
596 2151 724 2194 Veios
751 2152 864 2202 colis,
890 2167 1046 2207 precor,
1073 2159 1118 2192 ut
1140 2166 1216 2192 nos
1242 2151 1416 2192 victores
1441 2151 1483 2191 in
1507 2158 1691 2192 nostram

334 2222 529 2268 tuamque
554 2214 651 2256 mex
675 2214 858 2255 futuram
883 2213 1027 2255 urbem
1053 2228 1236 2267 sequare,
1263 2212 1334 2254 ubi
1354 2220 1393 2254 te
1412 2213 1584 2268 dignum
1604 2228 1690 2253 am-

333 2277 532 2331 plitudine
557 2282 627 2317 tua
651 2276 850 2330 templum
875 2276 1073 2330 accipiat?
1126 2275 1228 2316 haec
1251 2280 1441 2330 precatus
1473 2281 1690 2329 superante

334 2339 593 2379 multitudine
617 2338 668 2379 ab
688 2337 878 2379 omnibus
897 2337 998 2379 locis
1018 2337 1162 2379 urbem
1181 2337 1430 2392 adgreditur,
1457 2351 1539 2390 quo
1558 2336 1690 2377 minor

333 2400 385 2442 ab
423 2400 610 2441 cuniculo
642 2400 875 2456 ingruentis
911 2400 1082 2454 periculi
1120 2414 1266 2441 sensus
1305 2405 1426 2440 esset.
1492 2397 1689 2440 Veientes
1720 2428 1728 2434 .

333 2462 482 2517 ignari,
506 2477 550 2504 se
574 2462 655 2503 iam
681 2478 705 2503 a
724 2462 809 2503 suis
829 2461 1006 2511 vatibus,
1033 2462 1114 2502 iam
1135 2461 1186 2502 ab
1206 2461 1384 2502 externis
1403 2459 1578 2502 oraculis
1597 2474 1690 2514 pro-

334 2524 454 2574 ditos,
479 2525 561 2565 iam
579 2525 622 2565 in
641 2531 800 2579 partem
819 2524 997 2579 praedae
1018 2538 1116 2565 suae
1136 2529 1305 2565 vocatos
1325 2523 1437 2573 deos,
1464 2522 1564 2564 alios
1582 2520 1687 2562 votis

335 2600 384 2626 ex
403 2586 503 2627 mbe
525 2601 599 2627 sua
619 2593 808 2627 evocatos
828 2586 1008 2627 hostium
1027 2585 1181 2640 templa
1204 2599 1416 2638 novasque
1435 2584 1552 2626 sedes
1573 2595 1688 2636 spec-

335 2655 419 2689 tare
445 2663 570 2702 seque
595 2648 785 2689 ultimum
809 2648 924 2689 illum
950 2649 1059 2689 diem
1085 2662 1225 2703 agere,
1258 2647 1358 2688 nihil
1383 2646 1517 2687 minus
1542 2644 1687 2684 timen-

335 2716 394 2750 tes
421 2725 543 2763 qua-m
575 2711 754 2752 subrutis
787 2710 976 2752 cuniculo
1005 2709 1221 2751 moenibus
1247 2723 1382 2750 arcem
1411 2708 1492 2748 iam
1522 2706 1684 2760 plenam
