1780 3204
437 272 590 307 LIBER
614 273 649 316 1,
675 272 728 306 39.
742 271 796 306 40.
825 274 873 315 [a.
888 270 926 306 0.
941 271 1136 314 616—578]
1393 264 1446 305 43

91 375 266 425 artibus,
302 375 452 429 quibus
483 376 649 430 ingenia
680 375 733 416 ad
764 389 939 430 magnae
970 374 1158 416 fortunae
1190 375 1344 415 cultum
1380 388 1452 416 ex·-

92 439 278 479 citantur.
316 437 452 478 evenit
475 437 614 485 facile,
641 437 752 490 quod
777 437 854 477 diis
880 436 992 477 cordi
1017 442 1143 477 esset:
1170 436 1329 477 iuvenis
1355 450 1452 477 eva-

93 501 144 541 sit
174 514 270 540 vere
301 499 450 540 indolis
481 499 619 554 regiae
650 513 744 548 nee,
782 513 874 539 cum
905 504 1167 552 quaereretur
1196 512 1324 553 gener
1348 497 1452 538 Tar-

92 562 250 615 quinio,
288 561 506 614 quisquam
537 560 749 602 Romanae
780 560 1002 601 iuventutis
1033 560 1117 601 ulla
1153 567 1239 601 arte
1275 559 1451 601 conferri

92 623 224 677 potuit
253 623 462 675 filiamque
487 622 524 663 ei
550 637 668 663 suam
692 636 765 662 rex
789 622 1020 676 despondit.

177 684 260 725 Hic
302 698 561 737 quacumque
602 684 652 724 de
694 698 820 724 causa
854 690 991 724 tantus
1028 683 1086 723 illi
1121 683 1251 724 honos
1286 683 1451 724 habitus
1478 697 1496 726 ἱ,

93 746 257 786 eredere
300 745 505 800 prohibet,
556 760 674 786 serva
715 752 856 786 natum
893 760 987 786 eum
1023 759 1279 799 parvumque
1314 745 1451 800 ipsum

94 808 284 849 servisse.
339 822 479 848 eorum
516 808 649 862 magis
687 808 913 848 sententiae
951 822 1060 856 sum,
1101 808 1190 860 qui,
1230 807 1451 849 Corniculo

94 877 232 924 capto,
267 868 387 911 Servi
412 869 541 919 Tulli,
572 869 643 922 qui
673 869 864 923 princeps
890 869 932 908 in
956 868 1026 908 illa
1050 868 1150 910 urbe
1176 868 1328 919 fuerat,
1359 884 1452 924 gra-

92 932 230 972 vidam
267 931 354 972 viro
390 931 526 972 occiso
562 945 750 979 uxorem,
788 945 883 970 eum
913 930 1018 970 inter
1051 930 1229 983 reliquas
1267 931 1450 985 captivas

93 995 259 1049 cognita
289 1000 416 1043 esset,
454 993 507 1034 ob
538 993 701 1033 unicam
731 992 986 1033 nobilitatem
1017 991 1069 1033 ab
1093 993 1238 1047 regina
1262 993 1452 1034 Romana

91 1055 357 1110 prohibitam,
389 1055 526 1095 ferunt
551 1054 716 1095 servitio
740 1060 904 1108 partum
928 1051 1088 1094 Romae
1113 1054 1292 1094 edidisse
1317 1053 1451 1094 Prisci

93 1117 292 1170 Tarquini
316 1117 450 1157 domo.
499 1115 594 1156 inde
619 1122 731 1156 tanto
757 1114 955 1155 beneficio
981 1122 1021 1155 et
1044 1115 1149 1155 inter
1173 1115 1365 1156 mulieres
1391 1114 1453 1155 fa-
1478 1129 1496 1157 ss

91 1179 364 1219 miliaritatem
389 1184 550 1218 auctam
576 1183 616 1218 et
639 1191 826 1231 puerum,
851 1184 897 1217 ut
921 1177 964 1217 in
988 1176 1112 1217 domo
1137 1192 1162 1217 a
1180 1191 1308 1230 parvo
1329 1177 1452 1217 educ-

91 1248 196 1288 tum,
233 1239 276 1279 in
311 1239 478 1280 caritate
514 1245 638 1292 atque
674 1239 828 1280 honore
865 1238 1014 1288 fuisse,
1051 1238 1260 1279 fortunam
1296 1239 1451 1288 matris,

89 1301 201 1354 quod
237 1307 358 1355 capta
392 1300 524 1354 patria
558 1300 601 1340 in
636 1299 818 1342 hostium
853 1315 1001 1341 manus
1038 1299 1214 1350 venerit,
1258 1306 1304 1341 ut
1334 1315 1454 1342 serva

89 1369 210 1404 natus
237 1363 487 1410 crederetur,
520 1362 682 1404 fecisse.

173 1424 381 1465 XXXX.
435 1424 909 1480 Duodequadragesimo
945 1425 1075 1465 ferme
1112 1439 1237 1474 anno,
1282 1438 1333 1465 ex
1369 1439 1450 1478 quo
1481 1439 1494 1467 1

89 1501 261 1542 regnare
292 1493 482 1541 coeperat
507 1486 775 1540 Tarquinius,
808 1502 891 1528 non
916 1487 1026 1541 apud
1051 1501 1192 1542 regem
1217 1487 1352 1536 modo,
1380 1487 1454 1528 sed

91 1548 201 1603 apud
240 1554 377 1603 patres
419 1548 665 1603 plebemque
707 1549 830 1604 longe
871 1549 1052 1590 maximo
1088 1549 1242 1590 honore
1281 1548 1452 1590 Servius

91 1610 252 1651 Tullius
284 1617 382 1651 erat.
430 1618 518 1651 tum
547 1610 658 1652 Anci
687 1611 759 1652 filii
789 1612 890 1661 duo,
928 1611 1006 1652 etsi
1036 1617 1158 1652 antea
1188 1626 1350 1666 semper
1379 1626 1453 1665 pro
1479 1624 1497 1652 2

90 1672 378 1727 indignissimo
414 1672 660 1723 habuerant,
710 1688 754 1714 se
790 1673 922 1728 patrio
958 1688 1087 1728 regno
1123 1673 1269 1714 tutoris
1308 1673 1452 1714 fraude

92 1734 252 1788 pulsos,
283 1748 455 1789 regnare
479 1734 638 1776 Romae
669 1735 872 1776 advenam
902 1750 985 1776 non
1013 1735 1137 1776 modo
1169 1735 1341 1783 civicae,
1380 1735 1453 1775 sed

92 1809 143 1835 ne
173 1795 342 1836 Italicae
371 1796 538 1848 quidem
570 1797 727 1850 stirpis,
765 1803 853 1837 tum
895 1797 1109 1850 inpensius
1140 1796 1190 1837 iis
1227 1796 1451 1850 indignitas

93 1870 294 1905 creseere,
322 1857 357 1897 si
374 1871 425 1897 ne
445 1857 497 1898 ab
517 1857 743 1911 Tarquinio
763 1858 930 1910 quidem
948 1857 1001 1898 ad
1021 1872 1065 1898 se
1090 1857 1239 1898 rediret
1264 1872 1450 1912 regnum,

94 1918 168 1958 sed
191 1931 388 1972 praeceps
411 1918 506 1959 inde
531 1933 651 1972 porro
677 1919 730 1959 ad
755 1918 921 1959 servitia
946 1918 1126 1967 caderet,
1158 1925 1204 1959 ut
1233 1919 1275 1959 in
1306 1919 1450 1959 eadem
1478 1934 1496 1961 3

93 1979 256 2020 civitate
280 1987 375 2034 post
401 1981 670 2022 centesimum
694 1980 780 2021 fere
805 1995 959 2021 annum
983 1980 1095 2033 quod
1119 1980 1342 2030 Romulus,
1375 1981 1452 2022 deo

92 2048 318 2096 prognatus
355 2042 456 2083 deus
493 2043 601 2097 ipse,
646 2042 821 2083 tenuerit
854 2057 1047 2097 regnum,
1086 2042 1218 2083 donee
1253 2042 1296 2082 in
1331 2043 1449 2084 terris

93 2103 233 2153 fuerit,
269 2104 312 2144 id
343 2118 486 2146 servus
525 2118 644 2145 serva
672 2110 794 2145 natus
829 2104 1053 2158 possideat.
1103 2118 1197 2144 cum
1233 2118 1450 2145 commune

92 2165 268 2206 Romani
300 2166 496 2215 nominis,
534 2172 621 2206 tum
650 2166 869 2220 praecipue
900 2165 942 2206 id
972 2165 1119 2206 domus
1146 2180 1245 2206 suae
1270 2166 1450 2207 dedecus

92 2226 179 2268 fore
187 2258 198 2277 ,
242 2226 277 2267 si
303 2226 413 2268 Anci
437 2228 546 2283 regis
572 2228 678 2268 virili
703 2228 827 2282 stirpe
854 2227 969 2268 salva
1011 2242 1094 2269 non
1118 2228 1241 2269 modo
1267 2228 1450 2278 advenis,

94 2294 157 2330 set
193 2290 321 2330 servis
347 2289 470 2330 etiam
494 2305 668 2345 regnum
692 2290 852 2331 Romae
876 2296 1046 2344 pateret.

177 2350 304 2391 Ferro
328 2351 454 2405 igitur
477 2366 569 2392 eam
594 2366 731 2392 arcere
757 2351 1048 2393 contumeliam
1075 2358 1271 2394 statuunt.
1315 2352 1390 2394 sed
1411 2360 1451 2393 et
1477 2367 1494 2394 4

93 2407 262 2447 iniuriae
292 2407 408 2447 dolor
430 2407 473 2447 in
498 2407 767 2461 Tarquinium
792 2409 928 2462 ipsum
953 2408 1106 2463 magis,
1138 2423 1262 2461 quam
1287 2409 1331 2450 in
1356 2407 1452 2450 Ser-

93 2468 204 2508 vium
241 2483 311 2509 eos
349 2468 604 2519 stimulabat3
646 2476 704 2519 et,
747 2470 844 2523 quia
879 2470 1043 2525 gravior
1077 2469 1186 2511 ultor
1221 2470 1378 2522 caedis,
1416 2471 1452 2512 si

93 2536 346 2584 superesset,
377 2545 449 2571 rex
475 2530 637 2572 futurus
663 2538 748 2572 erat
778 2546 903 2585 quam
933 2532 1136 2586 privatus,
1168 2539 1255 2573 tum
1303 2531 1449 2574 Servio

91 2592 227 2633 occiso
284 2606 584 2646 quemeumque
616 2593 742 2634 alium
771 2608 970 2649 generum
1001 2593 1242 2649 delegisset,
1273 2594 1452 2636 eundem

90 2654 208 2709 regni
231 2653 424 2695 heredem
449 2654 633 2697 facturus
658 2655 875 2696 videbatur
892 2681 945 2685 —
969 2655 1022 2697 ob
1048 2654 1150 2697 haee
1174 2656 1254 2711 ipsi
1277 2655 1367 2711 regi
1389 2655 1451 2697 in·
1475 2671 1493 2699 5

92 2716 219 2757 sidiae
250 2723 456 2770 parantur.
506 2731 557 2758 ex
588 2717 822 2772 pastoribus
847 2717 929 2759 duo
954 2717 1200 2759 ferocissimi
1226 2717 1373 2760 delecti
1398 2718 1451 2759 ad
