1780 3204
403 226 558 261 Lmen
582 225 652 270 VI,
678 225 733 259 32.
753 225 805 259 33.
834 223 1145 270 [aomo—377]
1370 216 1451 257 337

99 332 214 381 dato,
251 337 471 386 postquam
502 330 663 384 quietae
694 344 759 370 res
784 328 835 370 ab
866 328 1055 370 hostibus
1086 335 1218 378 erant,
1256 327 1451 370 celebrari

99 394 149 434 dc
174 394 333 449 integro
358 392 458 433 iuris
484 392 626 441 dictio,
665 397 703 432 et
728 398 887 432 tantum
918 391 1065 433 abesse
1097 406 1191 446 spes
1223 392 1372 433 veteris
1397 392 1455 432 le-

100 456 223 496 vandi
247 455 447 505 faenoris,
478 461 523 494 ut
548 454 698 495 tributo
724 469 877 494 novum
902 454 1047 494 faenus
1079 454 1384 495 contraheretur
1413 454 1455 494 in

100 532 262 557 murum
293 532 317 557 a
347 515 586 557 censoribus
617 515 796 556 locatum
828 530 929 557 saxo
967 516 1165 569 quadrato
1201 516 1454 556 faciundum.

100 579 165 619 cui
191 577 456 619 succumbere
483 577 595 618 oneri
621 584 762 618 coacta
785 577 946 632 plebes,
985 577 1081 631 quia
1105 592 1228 631 quem
1260 577 1454 618 dilectum

99 640 328 694 inpedirent
356 654 439 680 non
474 638 682 680 habebant
716 638 868 680 tribuni
902 639 1048 694 plebis.
1109 639 1294 681 tribunos
1333 639 1456 680 etiam

99 702 294 742 militares
326 701 516 755 patricios
549 715 689 741 omnes
723 707 865 741 coacta
893 702 1124 756 principum
1161 702 1307 756 opibus
1339 702 1454 742 fecit:

99 764 152 803 L.
178 762 421 811 Aemilium,
459 761 507 802 P.
534 761 747 802 Valerium
773 770 981 816 quartum,
1017 763 1065 805 C.
1091 763 1329 814 Veturium,
1365 762 1455 806 Ser.

102 823 344 878 Sulpicium,
370 823 423 864 L.
451 829 491 864 et
517 822 564 864 C.
588 823 805 876 Quinctios
832 824 1113 867 Cincinnatos.
1150 826 1283 866 isdem
1308 825 1456 881 opibus
1481 838 1501 867 4

100 885 324 934 obtinuere,
349 891 395 925 ut
419 885 617 926 adversus
641 886 817 927 Latinos
838 886 1108 941 Volscosque,
1136 888 1205 940 qui
1231 887 1457 929 coniunctis

100 946 330 1002 legionibus
359 947 412 987 ad
439 945 646 988 Satricum
671 954 806 988 castra
829 947 1054 997 habebant,
1086 949 1199 990 nullo
1223 949 1457 1004 inpediente

101 1008 290 1050 omnibus
316 1008 541 1049 iunioribus
568 1016 826 1050 sacramento
851 1010 1007 1051 adactis
1033 1017 1114 1050 tres
1135 1011 1338 1052 exercitus
1359 1011 1458 1051 scri-

102 1070 260 1111 berent:
287 1085 415 1110 unum
435 1071 487 1111 ad
505 1071 755 1125 praesidium
775 1071 900 1120 urbis,
928 1071 1100 1111 alterum
1114 1072 1195 1124 qui,
1224 1072 1258 1112 si
1277 1072 1346 1124 qui
1360 1071 1457 1112 alibi
1483 1086 1502 1114 Γ)

102 1139 237 1173 motus
263 1133 474 1181 extitisset,
502 1133 552 1173 ad
576 1133 711 1173 subita
729 1132 825 1173 belli
844 1133 950 1172 mitti
968 1139 1126 1186 posset3
1153 1133 1316 1173 tertium
1335 1133 1457 1189 longe

101 1194 399 1235 validissimum
424 1193 472 1234 P.
488 1193 677 1234 Valerius
704 1200 743 1234 et
767 1194 820 1234 L.
842 1193 1047 1234 Aemilius
1073 1194 1126 1235 ad
1152 1193 1360 1235 Satricum
1384 1196 1459 1236 du-

101 1270 208 1296 xere.
258 1255 329 1296 ubi
355 1270 447 1296 cum
479 1256 608 1296 aciem
632 1256 872 1296 instructam
904 1255 1084 1296 hostium
1114 1256 1204 1297 loco
1235 1271 1366 1310 aequo
1398 1258 1458 1298 in-
1488 1272 1506 1300 «3

100 1317 321 1366 venissent,
350 1317 555 1371 extemplo
578 1324 828 1372 pugnatum3
855 1324 894 1358 et
919 1323 964 1358 ut
983 1318 1166 1359 nondum
1187 1319 1285 1360 satis
1306 1320 1458 1361 claram

101 1377 329 1427 victoriam,
369 1378 428 1419 sio
457 1393 678 1433 prosperae
710 1379 798 1433 spei
832 1394 1017 1434 pugnam
1054 1379 1187 1421 imber
1220 1380 1458 1437 ingentibus

100 1440 288 1496 procellis
313 1440 432 1481 fusus
459 1441 632 1481 diremit.
679 1448 845 1496 postero
872 1442 937 1482 die
962 1442 1105 1483 iterata
1130 1457 1283 1498 pugna.
1322 1450 1361 1484 ct
1386 1444 1459 1484 ali-

101 1502 298 1556 quamdiu
321 1517 453 1556 aequa
480 1503 625 1543 virtute
650 1503 898 1557 fortunaque
922 1504 1101 1545 Latinae
1126 1506 1306 1546 maxime
1331 1506 1459 1561 legio-

101 1578 194 1614 nes,
230 1564 357 1620 longa
387 1564 580 1605 societate
616 1565 804 1606 militiam
836 1566 1069 1607 Romanam
1106 1567 1293 1616 edoctae,
1330 1574 1460 1608 resta-

100 1627 211 1668 bant.
260 1641 385 1680 eques
409 1626 605 1668 inmissus
632 1628 794 1668 ordines
820 1628 1017 1677 turbavit,
1044 1628 1217 1669 turbatis
1245 1629 1364 1684 signa
1387 1644 1458 1684 pe·
1483 1642 1502 1672 S

102 1689 232 1729 ditum
245 1688 381 1737 inlata,
408 1695 688 1742 quantumque
701 1689 890 1730 Romana
911 1690 1130 1739 seyinvexit
1150 1690 1271 1739 acies,
1299 1697 1459 1731 tantum

102 1750 241 1790 hostes
266 1749 398 1804 gradu
423 1750 586 1790 demoti.
636 1757 676 1790 et
704 1757 751 1790 ut
781 1750 908 1791 semel
937 1751 1149 1792 inclinavit
1178 1766 1337 1806 pugna,
1376 1753 1458 1793 iam

104 1810 368 1851 intolerabilis
393 1810 582 1851 Romana
605 1812 668 1852 vis
694 1818 791 1852 erat.
840 1812 923 1852 fusi
948 1812 1089 1853 hostes
1116 1827 1209 1853 cum
1237 1812 1456 1864 Satricum,
1485 1829 1502 1857 9

104 1872 215 1925 quod
240 1872 321 1912 duo
347 1872 459 1912 milia
482 1873 577 1913 inde
596 1872 748 1922 aberat,
774 1888 856 1916 non
875 1880 1009 1915 castra
1027 1881 1224 1929 peterent,
1252 1875 1302 1917 ab
1323 1877 1458 1929 equite

104 1935 281 1975 maxime
307 1934 427 1983 caesi,
454 1941 587 1975 castra
611 1942 731 1990 capta
755 1936 1008 1990 direptaque.
1058 1936 1109 1977 ab
1138 1935 1298 1979 Satrico
1324 1945 1456 1988 nocte,
1486 1953 1526 1982 10

104 2010 210 2049 quae
233 1996 387 2050 proelio
411 1997 599 2050 proxima
618 1996 708 2046 fuit,
735 1996 861 2052 fugae
881 1998 1004 2038 simili
1024 1999 1188 2054 agmine
1206 2006 1351 2054 petunt
1370 2000 1460 2040 An-

104 2059 225 2108 tium3
256 2064 295 2098 et
320 2072 414 2098 cum
438 2058 652 2099 Romanus
678 2059 879 2101 exercitus
905 2075 1031 2114 prope
1056 2061 1242 2116 vestigiis
1270 2076 1459 2115 sequere7

104 2126 186 2169 tur,
218 2120 311 2174 plus
338 2126 474 2160 tamen
500 2120 620 2163 timor
644 2134 769 2173 quam
798 2121 859 2161 ira
890 2121 1107 2163 celeritatis
1138 2122 1294 2164 habuit.
1343 2123 1456 2178 prius
1486 2139 1522 2168 11

104 2182 241 2235 itaque
272 2181 434 2222 moenia
469 2182 672 2223 intravere
701 2182 840 2224 hostes
877 2197 1000 2236 quam
1032 2183 1246 2225 Romanus
1277 2192 1460 2227 extrema

105 2243 280 2298 agminis
306 2257 470 2297 carpere
496 2250 566 2284 aut
589 2244 738 2285 morari
762 2251 913 2299 posset.
961 2245 1057 2286 inde
1089 2246 1244 2300 aliquot
1274 2247 1362 2288 dies
1387 2263 1460 2288 va-

106 2305 251 2345 stando
276 2319 374 2359 agro
400 2305 620 2360 absumpti,
646 2320 723 2346 nec
746 2306 946 2348 Romanis
973 2307 1071 2348 satis
1096 2307 1306 2349 instructis
1333 2323 1460 2363 appa-

105 2373 196 2407 ratu
225 2365 371 2407 bellico
401 2367 454 2407 ad
483 2367 644 2408 moenia
674 2368 952 2423 adgredienda
981 2384 1056 2409 nec
1086 2369 1164 2411 illis
1197 2371 1249 2410 ad
1280 2370 1459 2412 subeun-

105 2428 202 2468 dum
227 2443 392 2483 pugnae
417 2443 570 2470 casum.

187 2489 415 2531 XXXHI.
444 2489 600 2532 Seditio
615 2499 701 2532 tum
715 2492 820 2533 inter
832 2493 1290 2548 AntiatesLatinosque
1306 2501 1455 2542 coorta,
1485 2508 1499 2537 1

105 2567 199 2592 cum
224 2550 414 2593 Antiates
438 2553 536 2594 victi
560 2554 678 2594 malis
705 2554 945 2608 subactique
972 2555 1098 2606 bello,
1130 2557 1172 2597 in
1203 2571 1284 2610 quo
1310 2564 1348 2598 et
1372 2557 1457 2598 nati

105 2620 219 2654 erant
243 2621 283 2654 et
307 2622 621 2664 consenuerant,
648 2616 897 2658 deditionem
922 2624 1171 2672 spectarent,
1203 2619 1379 2660 Latinos
1404 2634 1455 2660 ex
1481 2633 1499 2662 2

105 2676 260 2717 diutina
282 2690 384 2730 pace
408 2692 516 2718 nova
545 2677 722 2719 defectio
751 2678 983 2720 recentibus
1015 2680 1148 2721 adhuc
1179 2681 1324 2721 animis
1350 2681 1457 2722 fero-

172 2753 237 2779 Livi.
258 2753 310 2779 rol.
327 2752 348 2778 Ι.
1184 2748 1228 2780 22

1482 653 1500 682 20
1481 590 1498 618 10

1486 1459 1502 1487 *Ι
