1780 3204
537 246 689 282 LIBER
714 246 768 291 X,
795 246 825 279 7.
845 246 875 280 s.
905 247 952 289 [a.
969 243 1007 279 e.
1020 244 1102 288 300]
1424 231 1502 272 501

152 354 331 395 Murem.
375 352 445 406 qui
470 366 564 393 cum
589 351 732 392 eadem
758 349 886 391 ferme
911 348 962 390 de
986 348 1074 389 iure
1097 351 1261 402 patrum
1286 359 1333 387 ac
1357 343 1503 400 plebis,

154 430 258 470 quae
283 429 356 470 pro
380 414 471 469 lege
484 414 648 454 Licinia
666 412 873 466 quondam
898 416 1120 463 contraque
1140 424 1229 451 eam
1250 408 1360 449 dicta
1379 412 1505 454 erant,

155 494 249 519 cum
280 477 451 532 plebeiis
488 475 725 517 consulatus
756 473 995 529 rogabatur,
1033 470 1343 519 disseruissent,
1380 474 1506 510 rettu-

154 541 251 581 lisse
289 539 436 579 dicitur
465 538 622 579 Decius
658 536 838 591 parentis
876 535 940 576 sui
976 534 1173 589 speciem,
1211 532 1375 586 qualem
1412 545 1505 570 cum

156 601 273 642 multi
308 601 378 654 qui
414 601 456 641 in
492 599 678 641 contione
710 605 823 639 erant
853 597 1056 645 viderant,
1088 595 1310 636 incinctum
1343 590 1507 634 Gabino

158 663 270 703 cultu
300 676 423 716 super
454 661 579 702 tclum
609 666 804 708 stantem,
836 673 917 712 quo
943 672 986 699 se
1011 657 1154 698 habitu
1179 671 1252 710 pro
1282 653 1434 710 populo
1460 667 1508 693 ae

156 723 390 778 legionibus
409 722 608 763 Romanis
634 721 881 762 devovisset.
924 727 1010 761 tum
1029 719 1273 760 P.Deciu1n
1298 715 1509 758 consulem

156 801 305 840 purum
334 785 530 839 piumque
561 784 647 824 deis
678 782 961 823 inmortalibus
993 781 1127 823 visum
1159 795 1288 834 aeque
1318 793 1365 820 ac
1398 778 1432 818 si
1457 777 1507 817 T.

157 848 341 888 Manlius
379 847 537 901 collega
574 846 661 887 eius
693 845 975 886 devoveretur.
1035 843 1211 884 eundem
1240 842 1289 883 P.
1316 840 1508 888 Decium,

158 911 229 963 qui
260 924 376 951 sacra
410 909 575 963 publica
608 907 751 963 populi
780 907 958 948 Romani
993 906 1163 955 faceret,
1201 904 1283 960 legi
1317 904 1393 945 rite
1428 917 1512 943 non

156 971 365 1026 potuisse?
400 971 442 1011 id
467 985 557 1011 esse
581 969 827 1024 periculum,
859 983 909 1009 ne
936 983 1031 1009 suas
1061 981 1204 1022 preces
1230 966 1365 1007 minus
1397 964 1513 1005 audi-

157 1042 246 1074 rent
271 1033 328 1073 dii
357 1048 481 1086 quam
504 1031 634 1086 Appii
661 1031 850 1072 Claudii?
897 1030 1049 1071 castius
1082 1044 1175 1069 eum
1207 1043 1323 1069 sacra
1352 1027 1513 1081 privata

159 1096 294 1136 facere
319 1101 359 1136 et
382 1094 612 1149 religiosius
638 1093 737 1134 deos
758 1092 890 1133 colere
916 1106 1039 1144 quam
1066 1090 1134 1131 se?
1158 1104 1281 1144 quem
1305 1089 1512 1143 paenitere

159 1162 366 1206 votorum,
399 1170 503 1210 quae
534 1170 608 1209 pro
632 1169 675 1195 re
699 1153 865 1208 publica
889 1152 1215 1206 nuncupaverint
1240 1157 1299 1191 tot
1324 1150 1512 1190 consules

157 1218 324 1273 plebeii,
364 1224 423 1258 tot
458 1217 675 1258 dictatores
712 1221 782 1256 aut
817 1215 869 1255 ad
900 1214 1102 1254 exercitus
1134 1219 1277 1253 euntes
1310 1218 1380 1253 aut
1410 1212 1515 1252 inter

158 1280 251 1334 ipsa
274 1279 406 1321 bella?
441 1284 753 1319 numerarentur
783 1277 908 1317 duces
941 1290 1083 1317 eorum
1114 1290 1332 1323 annorum,
1365 1272 1514 1327 quibus

157 1341 411 1397 plebeiorum
441 1341 568 1381 ductu
600 1346 639 1381 et
663 1339 848 1393 auspicio
878 1353 944 1379 rcs
974 1338 1063 1393 geri
1093 1343 1263 1392 coeptae
1296 1343 1407 1386 sunt,
1439 1351 1514 1376 nu-

157 1408 411 1444 merarentur
436 1401 643 1457 triumphi.
686 1401 768 1442 iam
793 1415 844 1441 ne
869 1400 1092 1441 nobilitatis
1113 1400 1280 1453 quidem
1306 1413 1404 1440 suae
1429 1398 1516 1452 ple-

159 1465 273 1506 beios
298 1464 519 1519 paenitere.
567 1479 641 1518 pro
667 1469 777 1504 certo
802 1462 966 1512 habere,
995 1462 1029 1502 si
1054 1462 1165 1515 quod
1189 1476 1336 1515 repens
1362 1460 1515 1501 bellum

160 1527 331 1576 oriatur,
359 1541 441 1567 non
465 1526 559 1580 plus
586 1526 675 1580 spei
700 1526 788 1566 fore
815 1525 975 1566 senatui
999 1524 1235 1579 populoque
1260 1523 1450 1563 Romano
1475 1522 1516 1561 in

156 1589 337 1644 patriciis
363 1603 487 1642 quam
512 1589 553 1628 in
583 1587 756 1643 plebeiis
782 1586 969 1628 ducibus.
1021 1586 1150 1640 ‘quod
1175 1600 1269 1626 cum
1293 1585 1349 1625 ita
1375 1599 1418 1625 se
1442 1583 1515 1624 ha-

157 1651 270 1699 beat,
309 1651 375 1691 cui
410 1650 581 1691 deorum
621 1649 886 1690 hominumve
924 1648 1141 1702 indignum
1177 1647 1307 1687 videri
1348 1646 1515 1700 potest‚'

158 1712 290 1765 inquit
328 1715 417 1751 ‘eos
448 1712 578 1760 viros,
615 1726 719 1764 quos
751 1725 824 1751 vos
858 1710 968 1750 sellis
1006 1708 1235 1757 curulibus,
1273 1714 1371 1762 toga
1399 1722 1518 1762 prac-

161 1780 290 1822 tcxta,
329 1773 465 1813 tunica
495 1773 675 1827 palmata
700 1779 740 1813 et
770 1779 868 1826 toga
898 1771 1008 1825 picta
1033 1777 1072 1811 et
1103 1785 1252 1811 corona
1281 1769 1518 1824 triumphali

160 1835 380 1888 laureaque
406 1834 670 1883 honoraritis,
696 1848 871 1887 quorum
897 1834 1041 1873 domos
1068 1832 1208 1886 spoliis
1240 1831 1420 1872 hostium
1446 1831 1516 1872 ad-

161 1896 254 1937 fixis
281 1896 464 1950 insignes
490 1896 595 1936 inter
619 1895 720 1936 alias
747 1895 938 1943 feceritis,
964 1893 1215 1948 pontificalia
1239 1900 1362 1946 atque
1387 1908 1518 1948 augu-

162 1958 262 1998 ralia
298 1958 476 2012 insignia
512 1957 703 1998 adicere?
745 1956 815 2010 qui
845 1955 957 1997 Iovis
995 1956 1138 2011 optimi
1173 1955 1342 1996 maximi
1374 1961 1519 1995 ornatu

163 2020 398 2068 decoratus,
432 2034 553 2060 curru
585 2025 726 2060 aurato
758 2033 831 2073 per
860 2017 1004 2059 urbem
1029 2024 1171 2058 vectus
1198 2017 1238 2057 in
1266 2016 1519 2071 Capitolium

164 2082 412 2131 ascenderit,
451 2082 486 2123 si
522 2082 798 2136 conspiciatur
835 2095 928 2121 cum
965 2080 1109 2134 capide
1146 2094 1194 2121 ac
1229 2079 1349 2128 lituo,
1387 2079 1519 2133 capite

167 2143 299 2184 velato
318 2143 528 2184 victimam
553 2143 697 2184 caedat
721 2142 992 2197 auguriumve
1019 2157 1070 2183 cx
1096 2156 1187 2182 arce
1213 2141 1372 2195 capiat?
1402 2141 1517 2181 cuius

163 2205 353 2260 imaginis
380 2205 496 2246 titulo
522 2205 758 2246 consulatus
785 2218 1040 2257 censuraque
1066 2211 1105 2244 et
1130 2203 1361 2258 triumphus
1388 2217 1518 2256 aequo

165 2268 301 2308 animo
325 2267 502 2321 legetur,
535 2267 569 2308 si
595 2273 840 2322 auguratum
865 2272 936 2307 aut
965 2266 1250 2320 pontificatum
1276 2265 1517 2312 adieceritis,

165 2344 246 2369 non
274 2328 535 2370 sustinebunt
564 2328 790 2384 legentium
816 2328 948 2369 oculi?
985 2328 1176 2381 equidem
1202 2351 1255 2355 —
1279 2341 1380 2382 pace
1406 2327 1519 2367 dixe-

165 2391 241 2432 rim
273 2391 395 2431 deum
422 2415 476 2418 —
501 2406 571 2432 eos
602 2406 677 2432 nos
709 2391 790 2432 iam
822 2390 964 2445 populi
988 2389 1168 2430 Romani
1198 2389 1397 2431 beneficio
1428 2404 1520 2430 esse

167 2468 304 2508 spero,
342 2453 412 2506 qui
455 2453 692 2494 sacerdotiis
729 2468 811 2493 non
847 2452 983 2492 minus
1025 2452 1245 2492 reddamus
1282 2451 1519 2506 dignatione

167 2521 305 2555 nostra
329 2514 495 2556 honoris
521 2530 645 2570 quam
671 2514 949 2569 acceperimus
976 2519 1016 2554 et
1041 2513 1211 2553 deorum
1237 2513 1369 2567 magis
1396 2527 1520 2566 quam

167 2583 307 2617 nostra
333 2592 458 2618 causa
483 2584 745 2632 expetamus,
777 2582 840 2626 ut,
874 2590 978 2629 quos
1004 2575 1194 2630 privatim
1222 2575 1412 2624 colimus,
1444 2589 1520 2629 pu-

168 2637 273 2679 blice
299 2639 495 2680 colamus.

247 2699 369 2742 VIII.
403 2700 514 2754 Quid
534 2708 670 2743 autem
691 2716 768 2756 ego
789 2701 847 2742 sie
866 2700 1000 2742 adhuc
1020 2700 1098 2755 egi,
1126 2706 1335 2754 tamquam
1360 2698 1519 2753 integra

1530 355 1548 376 Α)

1531 376 1548 385 ..a

1531 480 1550 508 3

1534 728 1554 757 4

1537 851 1554 880 5

1547 1967 1585 1995 10

1547 2154 1584 2182 11

1549 2713 1561 2741 1
