1780 3204
439 246 594 282 LIBER
621 247 695 291 ΠΙ,
722 248 775 281 39.
794 246 849 281 40.
877 248 925 290 [a.
941 246 978 280 C.
992 245 1074 290 449]
1353 237 1431 278 161

81 367 184 407 quae
210 353 245 394 si
268 352 311 393 in
334 367 430 407 rege
457 350 562 405 (tum
582 350 745 405 eodem)
771 356 839 391 aut
863 351 906 390 in
929 349 1012 390 filio
1036 349 1146 404 regis
1166 348 1335 390 ferenda
1352 363 1435 390 non

80 415 248 465 fuerint,
286 429 409 468 quem
439 413 618 454 laturum
653 413 698 454 in
726 419 785 453 tot
808 412 1003 467 privatis?
1043 412 1246 461 viderent,
1283 426 1335 453 ne
1364 426 1435 452 xe-

81 477 206 517 tando
241 477 285 517 in
315 476 428 517 curia
457 475 584 516 libere
614 475 802 516 homines
832 474 946 528 loqui
981 480 1096 514 extra
1127 474 1281 515 curiam
1313 473 1435 514 etiam

80 544 292 579 moverent
316 552 480 590 vocem3
504 551 638 590 neque
665 551 708 577 se
733 535 890 585 videre,
917 536 988 589 qui
1014 535 1092 576 sibi
1116 536 1250 577 minus
1276 536 1436 590 privato

81 600 133 640 ad
159 600 391 640 contionem
416 598 618 653 populum
641 613 789 639 vocare
820 612 944 652 quam
967 597 1048 639 illis
1074 604 1262 638 senatum
1288 611 1436 652 cogere

81 661 210 702 liceat.
247 661 319 702 ubi
338 660 505 709 vellent,
532 659 824 714 experirentur,
851 666 1004 712 quanto
1023 659 1166 700 fortior
1184 659 1299 700 dolor
1316 659 1438 700 liber-

81 729 162 763 tate
194 737 269 763 sua
299 722 545 762 vindicanda
580 736 704 775 quam
735 721 937 776 cupiditas
972 721 1125 762 iniusta
1160 720 1436 762 dominatione

81 791 201 825 esset.
239 785 290 825 de
309 783 418 825 bello
440 782 596 825 Sabino
622 798 691 825 eos
716 784 887 832 referre,
913 790 1125 836 tamquam
1148 783 1282 824 maius
1306 783 1434 823 ullum

80 846 233 901 populo
263 846 453 887 Romano
489 845 645 887 bellum
683 846 734 885 sit
771 860 894 898 quam
933 860 1027 885 cum
1062 845 1132 893 iis,
1170 845 1257 898 qui,
1294 844 1438 899 legum

78 909 345 950 ferundamm
371 922 497 949 causa
521 908 663 957 creati,
689 907 791 948 nihil
815 907 914 948 iuris
938 907 982 947 in
1007 907 1169 947 civitate
1188 906 1436 959 reliquerint,

80 970 151 1023 qui
182 969 363 1019 comitia,
400 969 472 1022 qui
502 984 659 1010 annuos
690 969 973 1024 magistratus,
1011 969 1081 1022 qui
1111 968 1468 1008 vicissitudinem,

81 1032 357 1087 imperitandi,
384 1032 495 1085 quod
519 1047 647 1072 unum
673 1032 964 1085 exaequandae
984 1031 1036 1072 sit
1055 1030 1274 1078 libertatis,
1301 1036 1438 1071 sustu-

80 1094 219 1142 lerint,
263 1094 335 1147 qui
368 1093 516 1147 privati
551 1093 687 1134 fasces
724 1100 763 1133 et
797 1093 958 1147 regium
992 1092 1211 1145 imperium
1246 1090 1436 1131 habeant.

80 1155 209 1197 fuisse
232 1154 399 1210 regibus
420 1154 573 1195 exactis
593 1154 785 1208 patricios
805 1154 1089 1209 magistratus,
1117 1158 1275 1193 creatos
1294 1158 1439 1205 postea

81 1224 173 1271 post
199 1216 473 1257 secessionem
497 1215 630 1269 plebis
655 1215 852 1269 plebeios.
902 1215 1018 1255 cuius
1049 1214 1108 1254 illi
1131 1213 1259 1268 partis
1286 1220 1436 1259 essent,

79 1279 268 1333 rogitare.
317 1277 562 1332 populares?
596 1277 695 1330 quid
727 1277 835 1317 enim
861 1291 932 1317 eos
957 1290 1030 1330 per
1053 1275 1253 1330 populum
1279 1275 1439 1330 egisse?

80 1339 321 1395 optimates?
357 1339 427 1392 qui
457 1353 564 1380 anno
594 1340 677 1380 iam
704 1353 834 1393 prope
866 1345 1054 1379 senatum
1090 1353 1173 1378 non
1208 1337 1436 1385 habuerint,

79 1408 176 1443 tunc
199 1401 256 1441 ita
279 1400 477 1450 habeant,
510 1407 554 1440 ut
579 1401 629 1441 de
658 1415 702 1442 re
732 1399 899 1455 publica
928 1399 1042 1453 loqui
1070 1398 1340 1454 prohibeant?
1386 1413 1437 1439 ne

79 1463 251 1504 nimium
275 1463 317 1503 in
340 1469 454 1503 metu
478 1463 610 1504 alieno
637 1463 724 1517 spei
749 1469 958 1517 ponerent.
997 1462 1209 1517 graviora,
1236 1476 1341 1515 quae
1366 1476 1439 1516 pa-

79 1525 241 1574 tiantur,
268 1525 398 1565 videri
422 1525 503 1565 iam
527 1525 764 1566 hominibus
790 1539 915 1578 quam
940 1539 1045 1577 quae
1070 1531 1266 1565 metuant.

162 1586 368 1627 XXXX.
406 1586 524 1627 Haec
545 1586 795 1628 vociferante
810 1586 987 1627 Horatio
1008 1601 1103 1626 cum
1122 1585 1345 1626 decemviri
1364 1599 1439 1625 nec

79 1648 162 1689 irae
186 1663 262 1688 nec
285 1648 528 1703 ignoscendi
552 1648 722 1688 modum
741 1648 964 1702 reperirent
983 1662 1060 1688 nec
1079 1662 1160 1700 quo
1180 1661 1355 1687 evasura
1373 1661 1439 1686 res

81 1715 190 1750 esset
221 1716 449 1757 cernerent,
484 1708 533 1750 C.
568 1708 735 1758 Claudi,
773 1710 844 1762 qui
873 1716 1043 1763 patruus
1073 1708 1189 1762 Appi
1219 1707 1439 1748 decemviri

82 1776 184 1818 erat,
211 1770 339 1810 oratio
364 1769 442 1809 fuit
466 1770 657 1823 precibus
683 1785 809 1823 quam
832 1771 966 1825 iurgio
993 1770 1156 1818 similis,
1189 1768 1342 1810 orantis
1367 1783 1442 1822 per

1469 1412 1506 1442 10

1466 1720 1483 1748 [ὑ

83 1831 147 1871 sui
170 1830 306 1871 fratris
331 1831 594 1884 parentisque
620 1831 707 1872 eius
733 1846 895 1880 manes,
921 1838 967 1871 ut
991 1831 1122 1871 civilis
1147 1830 1284 1884 potius
1311 1829 1440 1870 socic-
1465 1846 1483 1873 a

83 1892 196 1941 tatis,
233 1892 276 1931 in
305 1906 387 1944 qua
415 1898 535 1932 natus
562 1899 688 1941 esset,
720 1907 845 1945 quarn
868 1892 1046 1933 foederis
1072 1892 1227 1932 nefarie
1251 1891 1321 1932 icti
1347 1906 1440 1932 cum

84 1953 252 2008 collegis
278 1953 544 1993 meminisset.
581 1953 710 1994 multo
735 1954 777 1994 id
802 1954 935 2008 magis
962 1968 1005 1994 se
1028 1953 1137 1994 ilh'us
1169 1968 1294 1994 causa
1325 1967 1439 1993 orare

84 2029 209 2068 quam
231 2015 291 2054 rei
314 2014 520 2068 publicae:
553 2016 704 2069 quippe
728 2030 815 2056 rem
839 2015 1066 2070 pubficam,
1099 2015 1134 2055 si
1159 2031 1183 2056 a
1207 2014 1438 2056 volentibus

83 2082 276 2129 nequeat,
310 2075 360 2116 ab
385 2075 524 2116 invitis
548 2076 612 2117 ius
638 2077 928 2131 expetituram3
961 2077 1035 2118 sed
1059 2092 1111 2118 ex
1134 2091 1286 2131 magno
1311 2084 1440 2117 certa-

84 2138 193 2177 mine
218 2152 390 2192 magnas
416 2138 584 2178 excitari
608 2138 737 2178 ferme
762 2138 862 2187 iras,
895 2153 1034 2179 earum
1060 2145 1252 2179 eventum
1278 2153 1322 2179 se
1346 2138 1449 2178 hor--

84 2213 185 2240 rere.
235 2213 328 2239 cum
354 2199 464 2239 aliud
488 2206 773 2253 praeterquam
799 2201 849 2241 de
880 2215 962 2254 quo
991 2200 1245 2249 retulissent,
1277 2200 1440 2240 decem-

83 2260 159 2300 viri
179 2260 313 2300 dicere
330 2260 610 2314 prohiberent,
639 2260 862 2302 Claudium
884 2262 1170 2317 interpellandi
1193 2261 1440 2302 verecundia

83 2322 173 2362 fuit.
224 2322 466 2363 sententiam
501 2323 627 2377 igitur
660 2324 837 2379 peregit,
880 2325 1039 2365 nullum
1073 2324 1235 2378 placere
1272 2332 1438 2365 senatus

85 2383 316 2424 consultum
340 2383 440 2424 fieri.
484 2399 708 2438 omnesque
732 2386 789 2426 ita
813 2386 1085 2440 accipiebant,
1111 2386 1293 2440 privatos
1319 2400 1390 2426 eos
1415 2401 1440 2426 a
1465 2401 1482 2430 ο

86 2443 261 2485 Claudio
285 2445 503 2494 iudicatos,
530 2446 729 2499 multique
755 2461 805 2488 ex
824 2447 1108 2489 consularibus
1127 2447 1254 2488 verbo
1274 2447 1440 2488 adsensi

85 2513 190 2547 sunt.
240 2507 319 2547 alia
350 2508 568 2557 sententia,
606 2509 788 2563 asperior
816 2510 861 2550 in
891 2510 1088 2564 speciem,
1125 2511 1210 2550 vim
1239 2510 1438 2551 minorem
1465 2524 1480 2552 7

84 2567 291 2620 aliquanto
314 2568 476 2618 habuit,
502 2583 607 2622 quae
630 2571 822 2624 patricios
843 2571 951 2612 coire
970 2572 1023 2612 ad
1039 2572 1298 2627 prodendum
1315 2572 1439 2613 inter-

82 2643 223 2683 regem
246 2629 426 2671 iubebat.
476 2632 681 2672 censendo
707 2632 833 2681 enim,
865 2647 1148 2687 quoscumque
1172 2633 1437 2689 magistratus

84 2704 174 2730 esse
190 2691 261 2744 qui
279 2697 465 2733 senatum
478 2692 687 2743 haberent,
706 2693 953 2745 iudicabant,
974 2710 1077 2750 quos
1090 2696 1271 2751 privatos
1285 2695 1438 2736 fecerat

154 2768 215 2794 Livi
235 2769 288 2795 1-01.
306 2769 326 2795 ι.
1166 2762 1208 2795 11
