1835 3226
339 238 392 277 ‘4⁷4
713 239 866 274 LIBER
886 241 939 284 Π,
968 242 1018 274 11.
1036 242 1088 274 12.
1117 245 1163 284 [a.
1180 253 1212 275 u.
1230 253 1258 276 c.
1273 243 1355 285 ⁴240]

336 346 558 402 pugnanda
588 345 687 386 urbe
719 345 771 385 ad
801 343 1070 385 obsidendam
1101 344 1250 392 versis,
1288 345 1491 397 praesidio
1516 346 1557 385 in
1583 347 1689 387 Iani-

337 409 427 449 culo
452 408 602 455 locato,
641 408 728 460 ipse
760 407 802 446 in
832 406 954 460 plano
980 406 1161 460 ripisque
1187 405 1350 448 Tiberis
1382 414 1516 448 castra
1541 410 1688 462 posuit,

292 486 309 514 2
336 468 508 510 navibus
535 469 715 521 undique
740 468 893 517 accitis,
921 474 960 508 et
985 468 1038 508 ad
1057 468 1300 517 custodiam,
1327 475 1377 509 ne
1397 469 1496 522 quid
1515 469 1690 511 Romam

334 530 527 572 frumenti
558 529 731 571 subvehi
762 530 928 579 sineret,
967 535 1006 569 et
1037 535 1081 570 ut
1116 530 1358 583 praedatum
1395 530 1543 571 milites
1580 538 1691 572 trans

334 593 486 634 flumen
522 606 595 646 per
631 591 868 632 occasiones
906 591 995 631 aliis
1033 597 1155 644 atque
1198 591 1287 632 aliis
1323 591 1425 633 locis
1462 592 1690 641 traicerent,

291 671 308 697 ξ’,
335 655 530 708 brevique
561 654 664 695 adeo
693 653 891 695 infestum
923 667 1085 694 omnem
1116 653 1351 694 Romanum
1382 669 1528 709 agrum
1558 655 1693 696 reddi-

334 717 405 766 dit,
431 723 476 756 ut
499 731 582 757 non
607 722 743 757 cetera
768 715 901 757 solum
927 730 978 756 ex
997 715 1120 770 agris,
1149 715 1221 755 sed
1240 729 1368 769 pecus
1388 730 1552 769 quoque
1572 721 1691 758 omne

334 781 374 819 in
399 778 544 820 urbem
569 777 881 833 compelleretur
904 791 1037 832 neque
1063 777 1282 831 quisquam
1308 783 1423 818 extra
1440 785 1579 832 portas
1599 793 1693 833 pro-

333 840 483 895 pellere
509 840 689 881 auderet.

291 918 308 944 4
422 903 517 943 Hoc
542 908 700 943 tantum
726 902 914 943 licentiae
938 901 1128 942 Etruscis
1153 916 1236 943 non
1267 909 1379 942 metu
1410 902 1542 957 magis
1568 916 1691 956 quam

334 964 505 1005 consilio
531 979 788 1006 concessum.
838 978 1016 1017 namque
1040 963 1232 1005 Valerius
1259 963 1420 1013 consul,
1447 964 1626 1005 intentus
1651 965 1693 1004 in

335 1027 594 1068 occasionem
632 1027 782 1068 multos
816 1026 937 1068 simul
969 1032 1009 1067 et
1039 1026 1194 1067 effusos
1225 1026 1435 1080 inproviso
1465 1027 1692 1076 adoriundi,

335 1089 376 1128 in
405 1090 544 1142 parvis
575 1089 698 1130 rebus
735 1089 960 1144 neglegens
998 1088 1123 1137 ultor,
1161 1103 1332 1143 gravem
1370 1104 1413 1129 se
1451 1089 1503 1129 ad
1539 1089 1695 1130 maiora

291 1164 308 1191 5
336 1150 541 1191 vindicem
566 1150 767 1191 servabat.
817 1151 967 1203 itaque,
994 1158 1039 1190 ut
1064 1150 1226 1191 eliceret
1255 1151 1539 1204 praedatores,
1573 1151 1692 1191 edicit

335 1213 433 1262 suis,
460 1220 625 1267 postero
646 1213 711 1253 die
736 1213 970 1266 frequentes
996 1219 1113 1266 porta
1136 1212 1367 1265 Esquilina,
1394 1227 1498 1265 quae
1519 1213 1694 1253 aversis-

335 1274 438 1314 sima
463 1274 514 1315 ab
540 1274 657 1315 hoste
684 1281 786 1323 erat,
825 1274 1073 1328 expellerent
1099 1288 1243 1327 pecus,
1283 1274 1456 1314 scituros
1487 1274 1529 1314 id
1554 1273 1692 1314 hostes

335 1342 466 1384 ratus,
504 1337 614 1389 quod
639 1336 681 1376 in
712 1335 926 1377 obsidione
959 1342 998 1376 et
1023 1335 1132 1375 fame
1164 1335 1329 1375 servitia
1360 1335 1484 1376 infida
1515 1336 1694 1376 transfu-

292 1411 308 1439 ι]
334 1404 488 1452 gerent.
539 1404 579 1438 ct
605 1398 732 1438 sciere
758 1398 956 1452 perfugae
982 1397 1132 1437 indicio
1158 1397 1368 1450 multoque
1394 1398 1550 1451 plures,
1582 1404 1625 1438 ut
1652 1398 1690 1437 in

336 1473 452 1513 spem
476 1460 691 1501 universae
717 1460 905 1514 praedae,
932 1459 1086 1499 flumen
1111 1459 1311 1499 traiciunt.

292 1535 306 1562 ῖ
419 1521 467 1562 Ρ.
495 1522 685 1563 Valerius
712 1522 760 1562 T.
787 1522 1051 1562 Herminium
1076 1536 1168 1562 cum
1195 1522 1367 1562 modicis
1400 1522 1527 1576 copiis
1554 1523 1606 1562 ad
1632 1538 1693 1563 sc-

334 1584 512 1624 cimdum
549 1584 727 1638 lapidem
765 1582 931 1625 Gabina
966 1584 1032 1623 via
1069 1583 1274 1623 occultum
1312 1584 1524 1624 considere
1566 1583 1691 1632 iubet,

337 1643 408 1698 Sp.
429 1645 627 1685 Larcium
654 1660 746 1686 cum
773 1645 963 1700 expedita
988 1645 1198 1685 iuventute
1225 1645 1277 1685 ad
1301 1651 1461 1699 portam
1488 1645 1692 1686 Collinam

335 1713 460 1754 stare,
499 1707 629 1747 donec
654 1707 783 1747 hostis
809 1712 1056 1760 praetereat,
1088 1706 1182 1746 inde
1208 1720 1251 1746 se
1277 1706 1456 1754 obicere,
1489 1721 1540 1746 ne
1567 1707 1617 1747 sit
1643 1707 1694 1747 ad

290 1784 309 1810 s
335 1767 487 1808 flumen
511 1769 678 1809 reditus.
717 1768 934 1809 consulum
959 1768 1060 1808 alter
1085 1767 1134 1808 T.
1150 1767 1371 1809 Lucretius
1397 1774 1515 1822 porta
1539 1768 1695 1809 Naevia

337 1844 431 1869 cum
467 1829 622 1883 aliquot
658 1830 879 1884 manipulis
917 1830 1092 1870 militum
1129 1844 1340 1884 egressus,
1378 1829 1467 1883 ipse
1503 1829 1693 1870 Valerius

291 1906 308 1932 a
337 1890 480 1932 Caelio
511 1898 650 1932 monte
687 1892 874 1932 cohortes
913 1891 1092 1932 delectas
1124 1891 1272 1932 educit.
1333 1891 1442 1945 iique
1473 1891 1593 1946 primi
1623 1906 1696 1945 ap-

334 1967 506 2006 paruere
531 1953 652 1995 hosti.
696 1953 939 1994 Herminius
971 1952 1042 1994 ubi
1067 1953 1287 1993 tumultum
1314 1953 1458 2002 sensit,
1491 1953 1694 1994 concurrit

335 2030 386 2055 cx
421 2015 581 2056 insidiis
618 2017 832 2069 versisque
863 2016 906 2056 in
935 2015 1149 2056 Valerium
1178 2015 1368 2055 Etruscis
1401 2021 1517 2070 terga
1547 2015 1691 2055 caedit.

335 2077 478 2117 dextra
519 2077 719 2131 laevaque
761 2077 856 2118 hinc
899 2092 923 2118 a
957 2083 1076 2132 porta
1114 2076 1294 2126 Collina,
1343 2077 1454 2116 illinc
1499 2076 1550 2116 ab
1586 2075 1695 2117 Nac-

273 2153 310 2180 1«)
339 2138 402 2179 via
431 2139 615 2180 redditus
641 2139 819 2188 ,clamor;
857 2139 914 2179 ita
950 2139 1060 2180 caesi
1090 2139 1132 2179 in
1162 2139 1298 2178 medio
1329 2138 1591 2192 praedatores
1623 2152 1694 2177 nc-

333 2214 412 2253 que
449 2201 502 2241 ad
536 2216 719 2256 pugnam
755 2201 911 2242 viribus
942 2215 1061 2255 pares
1094 2206 1132 2241 ct
1164 2200 1216 2240 ad
1246 2199 1390 2254 fugam
1423 2199 1574 2253 saeptis
1606 2214 1692 2239 om-

336 2261 458 2302 nibus
494 2263 584 2303 viis.
650 2263 825 2316 finisque
860 2262 928 2303 ille
965 2269 1048 2303 tam
1091 2261 1221 2302 effuse
1264 2261 1467 2316 evagandi
1503 2260 1692 2301 Etruscis

336 2323 425 2364 fuit.

295 2400 304 2426 1
420 2385 527 2427 XII.
562 2385 741 2427 Obsidio
761 2393 846 2427 erat
865 2386 991 2427 nihilo
1004 2387 1139 2427 minus
1159 2392 1198 2427 et
1211 2385 1405 2426 frumenti
1425 2399 1519 2425 cum
1533 2398 1694 2425 summa

336 2447 502 2488 caritate
527 2448 666 2502 inopia
691 2448 954 2502 sedendoque
980 2454 1312 2503 expugnaturum
1338 2462 1381 2488 se
1406 2446 1550 2487 urbem
1577 2459 1690 2499 spem

336 2508 511 2550 Porsina
534 2509 725 2559 habebat,
753 2525 847 2551 eum
873 2510 922 2552 C.
948 2510 1135 2559 Mucius,
1163 2510 1405 2550 adulescens
1431 2507 1598 2556 nobilis,
1626 2506 1690 2546 cni

336 2569 548 2625 indignum
573 2571 800 2622 videbatur,
828 2572 1026 2627 populum
1045 2571 1281 2612 Romanum
1307 2571 1569 2616 servientem,
1597 2581 1688 2607 cum

338 2631 413 2671 sub
445 2633 612 2687 regibus
645 2641 771 2684 esset,
809 2634 921 2675 nullo
952 2634 1059 2675 bello
1091 2649 1165 2674 nec
1192 2626 1243 2674 ab
1274 2632 1462 2673 hostibus
1494 2629 1586 2669 ullis
1617 2627 1689 2667 ob-

338 2707 496 2734 sessum
522 2710 624 2744 csse,
652 2696 823 2737 liberum
851 2697 1024 2737 cundem
1053 2696 1249 2752 populum
1276 2695 1327 2736 ab
1348 2694 1476 2734 isdem
1499 2691 1685 2732 Etruscis

292 2520 309 2548 Ιό
