1835 3226
317 566 354 594 10

334 1120 352 1148 [Ο

335 1932 353 1961 6

335 2424 352 2453 10

336 2671 353 2701 3

379 193 461 233 464
627 198 778 233 LIBER
803 198 933 242 vnn,
958 197 1102 231 20—22.
1131 200 1178 241 [a.
1191 208 1226 231 u.
1244 208 1272 232 c.
1287 197 1480 242 437—439]

383 302 621 358 spondendo
646 302 927 355 impetravere,
954 306 999 341 ut
1019 299 1166 341 foedus
1187 299 1362 349 daretur,
1384 314 1516 353 neque
1535 307 1579 341 ut
1598 315 1729 355 aequo

382 374 517 405 tamen
549 363 731 412 foedere,
766 362 839 403 sed
868 368 913 402 ut
942 362 984 402 in
1014 362 1167 403 ditione
1202 361 1343 416 populi
1374 361 1550 402 Romani
1580 370 1727 403 essent.

380 425 534 480 Apulia
558 425 787 479 perdomita
812 450 864 454 —
890 439 985 465 nam
1011 424 1189 465 Forento
1220 438 1384 477 quoquc
1417 424 1549 464 valido
1580 425 1729 478 oppido

380 489 524 528 Iunius
550 488 704 542 potitus
730 493 816 528 erat
835 513 888 516 —
913 487 955 527 111
973 488 1170 528 Lucanos
1196 493 1443 541 perrectum,
1470 486 1564 526 inde
1589 501 1731 540 repen-

381 551 464 591 tino
489 550 668 591 adventu
682 548 851 590 Aemilii
876 549 1055 591 consulis
1070 549 1269 590 Nerulum
1288 549 1329 589 vi
1349 556 1525 603 captum.
1564 555 1602 589 et
1621 555 1731 604 post-

380 627 503 666 quam
534 627 598 653 res
626 611 796 666 Capuae
829 611 1029 652 stabilitas
1054 611 1244 652 Romana
1273 610 1490 665 disciplina
1519 610 1630 651 fama
1660 625 1731 665 per

382 674 514 715 socios
546 674 749 728 vulgavit,
781 672 1022 714 Antiatibus
1055 688 1237 727 quoque,
1270 673 1340 726 qui
1371 687 1414 713 se
1447 672 1533 713 sinc
1569 672 1729 726 legibus

381 737 519 786 certis,
554 737 639 777 sine
665 735 975 791 magistratibus
1001 750 1124 791 agere
1157 735 1450 788 querebantur,
1483 734 1567 775 dati
1592 734 1642 775 ab
1668 748 1731 775 sc-

379 805 476 839 natu
503 798 555 840 ad
579 799 668 839 iura
694 798 911 839 statuenda
935 798 1065 852 ipsius
1092 797 1275 848 coloniae
1300 797 1482 852 patroni:
1519 811 1595 838 nec
1619 812 1732 838 arma

379 861 516 910 modo,
545 861 618 902 scd
643 861 731 901 iura
756 861 878 901 etiam
903 860 1092 902 Romana
1116 860 1196 901 late
1221 860 1442 914 pollebant.

463 923 595 964 XXI.
630 922 678 964 C.
693 922 837 963 Iunius
853 922 1066 963 Bubulcus
1094 929 1132 963 ct
1147 921 1199 975 Q.
1215 921 1418 963 Aemilius
1433 921 1616 962 Barbula
1635 936 1731 962 con-

380 985 490 1026 sules
516 986 626 1026 exitu
652 985 746 1026 anni
771 1000 853 1026 non
879 984 1117 1026 consulibus
1144 984 1195 1025 ab
1222 999 1265 1025 se
1292 982 1558 1038 creatis,'Sp.
1580 983 1731 1024 Nautio

380 1055 418 1088 01
442 1047 504 1088 M.
529 1047 712 1102 Popilio,
745 1053 925 1088 ceterum
951 1047 1138 1087 dictatori
1163 1047 1216 1087 L.
1238 1045 1418 1087 Aemilio
1443 1045 1625 1100 legiones
1653 1051 1732 1085 tra-

379 1110 580 1150 diderunt.
629 1110 677 1158 is,
705 1125 798 1150 cum
823 1109 876 1150 L.
896 1109 932 1150 F
935 1109 1045 1150 ulvio
1071 1109 1269 1164 magistro
1296 1108 1478 1161 equitum
1507 1106 1731 1148 Saticulam

379 1186 618 1226 oppugnare
650 1172 836 1220 adortus,
868 1171 1093 1212 rebellandi
1125 1186 1291 1212 causam
1320 1169 1576 1212 Samnitibus
1608 1168 1730 1209 dedit.

380 1234 532 1288 duplex
558 1234 651 1274 inde
677 1240 806 1274 terror
830 1233 979 1274 inlatus
1006 1233 1224 1274 Romanis:
1261 1232 1355 1273 hinc
1384 1231 1549 1273 Samnis
1580 1244 1731 1285 magno

379 1296 561 1337 exercitu
587 1302 728 1336 0011010
753 1295 805 1336 ad
831 1295 1070 1336 eximendos
1102 1295 1314 1335 obsidione
1347 1294 1479 1334 socios
1505 1293 1616 1333 haud
1639 1307 1732 1346 pro-

379 1358 444 1398 cul
463 1358 606 1399 castris
621 1357 901 1398 Romanorum
916 1364 1048 1398 castra
1062 1356 1209 1410 posuit,
1224 1355 1319 1396 111110
1335 1354 1561 1396 Saticulani
1581 1368 1731 1408 magno

379 1434 473 1461 cum
497 1419 675 1460 tumultu
699 1419 914 1473 patefactis
934 1426 1099 1473 repente
1124 1418 1250 1472 portis
1272 1417 1313 1457 in
1333 1417 1526 1457 stationes
1552 1415 1731 1456 hostium

378 1482 645 1522 incurrerunt.
699 1481 793 1521 inde
823 1495 918 1535 pars
950 1487 1121 1533 utraque
1159 1494 1231 1534 spe
1267 1479 1387 1520 alieni
1422 1478 1554 1532 magis
1592 1477 1731 1518 auxilii

378 1558 501 1596 quam
527 1542 682 1583 viribus
708 1542 813 1583 freta
839 1543 922 1583 suis
948 1542 1056 1583 iusto
1082 1557 1179 1582 mox
1208 1541 1363 1595 proelio
1394 1540 1493 1581 inito
1519 1540 1730 1581 Romanos

377 1611 566 1660 urguent,
588 1611 627 1645 et
647 1619 898 1658 quamquam
918 1618 1067 1657 anceps
1089 1603 1293 1643 dimicatio
1313 1609 1409 1651 erat,
1431 1608 1567 1642 tamen
1591 1601 1732 1641 utrim-

378 1682 457 1720 que
483 1673 612 1707 tutam
638 1666 768 1706 aciem
791 1665 965 1706 dictator
988 1664 1143 1713 habuit,
1164 1664 1260 1717 quia
1280 1670 1319 1704 et
1336 1663 1472 1704 10011111
1496 1663 1604 1703 haud
1631 1662 1731 1703 faei-

376 1729 457 1769 lem
488 1728 540 1770 ad
571 1727 977 1769 circumveniundum
1013 1726 1120 1780 cepit
1151 1732 1191 1767 et
1226 1725 1388 1766 diversa
1425 1725 1565 1766 statuit
1601 1725 1730 1779 signa.

378 1790 564 1831 infestior
594 1796 730 1830 tamen
760 1789 803 1830 in
834 1795 1093 1843 erumpentes
1125 1788 1293 1829 incessit
1323 1801 1399 1828 1100
1428 1801 1580 1842 magno
1606 1793 1733 1827 certa-

378 1853 486 1893 mine
512 1853 617 1892 intra
642 1852 804 1892 moenia
829 1851 1023 1906 conpulit,
1050 1857 1138 1890 tum
1163 1856 1288 1891 totam
1315 1850 1444 1890 aciem
1468 1849 1511 1889 in
1526 1847 1732 1890 Samnites

379 1914 566 1955 obvertit.
615 1913 672 1955 ibi
702 1913 795 1968 plus
827 1913 1060 1954 certaminis
1091 1912 1186 1961 fuit,
1213 1911 1383 1952 victoria
1409 1911 1514 1951 sicut
1539 1926 1646 1960 sera,
1678 1910 1734 1950 ita

379 1991 454 2018 nec
479 1975 605 2017 dubia
628 1990 704 2016 nec
723 1975 837 2016 varia
860 1975 950 2015 fuit.
988 1974 1071 2016 fusi
1096 1975 1137 2015 in
1163 1980 1295 2015 castra
1311 1972 1517 2015 Samnites
1544 1973 1732 2013 extinctis

378 2045 497 2080 nocte
523 2037 688 2094 ignibus
715 2038 837 2078 tacito
863 2037 1028 2092 agmine
1053 2036 1205 2078 abeunt
1231 2042 1270 2077 et
1295 2051 1366 2090 spe
1393 2035 1552 2076 abiecta
1573 2033 1734 2076 Saticu-

378 2101 441 2142 lac
467 2101 643 2141 tuendae
668 2099 883 2141 Plisticam
908 2100 1006 2154 ipsi,
1041 2099 1173 2140 socios
1199 2098 1496 2146 Romanorum,
1524 2103 1567 2137 ut
1592 2110 1733 2151 parem

379 2163 561 2204 dolorem
586 2163 693 2209 hosti
719 2163 946 2211 redderent,
974 2161 1279 2203 circumsidunt.

462 2225 618 2266 XXII.
650 2223 776 2266 Anno
796 2225 1042 2265 circumacto
1062 2224 1214 2265 bellum
1241 2223 1433 2277 deinceps
1460 2221 1510 2263 ab
1537 2221 1732 2262 dictatore

381 2286 432 2340 Q.
447 2287 579 2328 Fabio
604 2293 768 2342 gestum
795 2293 868 2335 est,
895 2286 1084 2327 consules
1110 2285 1219 2335 novi,
1248 2285 1353 2326 sieut
1379 2284 1622 2339 superiores,
1649 2283 1733 2324 Ro-

379 2364 470 2390 mae
495 2355 747 2390 manserunt.
784 2348 940 2389 Fabius
967 2348 1019 2389 ad
1043 2347 1327 2402 accipiendum
1348 2346 1398 2387 ab
1412 2345 1592 2387 Aemilio
1619 2359 1733 2385 exer-

380 2412 505 2452 01111111
531 2412 583 2452 11(1
611 2410 836 2452 Saticulam
863 2425 957 2451 011111
983 2410 1268 2465 supplcmcnto
1293 2408 1416 2449 venit.
1465 2422 1598 2461 neque
1625 2407 1732 2447 enim

381 2474 589 2514 Samnites
621 2474 673 2514 ad
703 2472 918 2513 Plisticam
955 2478 1208 2521 manserant,
1247 2471 1320 2512 sed
1351 2469 1490 2511 accitis
1527 2468 1577 2509 ab
1609 2468 1731 2508 domo

378 2536 495 2576 novis
522 2535 732 2584 militibus,
759 2535 1019 2575 multitudine
1044 2534 1138 2575 freti
1163 2540 1296 2575 castra
1321 2533 1477 2581 eodem,
1498 2545 1579 2584 quo
1599 2537 1729 2579 antea,

379 2597 468 2637 loco
494 2603 738 2651 posuerunt:
776 2597 1107 2650 lacessentesque
1133 2595 1287 2650 proelio
1312 2594 1522 2635 Romanos
1549 2597 1729 2633 avertere

379 2658 430 2698 ab
456 2659 668 2701 obsidione
693 2659 958 2701 conabantur.
1008 2674 1056 2701 eo
1081 2658 1276 2699 intentius
1301 2657 1474 2698 dictator
1503 2655 1544 2695 111
1569 2653 1729 2695 1110011111
