1780 3204
419 235 573 269 Lissnn
597 235 667 280 Vl,
693 236 747 269 ⁶27.
767 235 821 269 28.
850 237 896 278 [a.
912 234 1045 278 csso]
1332 225 1412 265 333

58 340 275 393 cuiusque,
302 340 399 392 quia
424 339 552 380 nolint
577 339 757 394 conspici
783 354 987 380 summam
1012 339 1116 379 aeris
1142 334 1280 387 alieni,
1308 352 1412 392 quae

58 402 284 442 indicatura
316 401 384 450 sit,
423 401 653 442 demersam
689 408 846 456 partem
884 417 908 442 a
937 408 1050 455 parte
1088 401 1281 450 civitatis,
1320 415 1412 441 cum

57 464 217 504 interim
243 463 477 503 obaeratam
502 463 665 517 plebem
692 463 887 504 obiectari
911 463 1001 504 aliis
1028 470 1149 516 atque.
1175 463 1264 503 aliis
1285 462 1413 503 hosti-

57 526 147 566 bus.
202 525 357 580 passim
395 525 477 565 iam
510 525 597 565 sine
633 526 717 566 ullo
753 526 987 566 discrimine
1024 525 1131 566 bella
1167 525 1324 578 quaeri:
1362 524 1413 565 ab

58 587 185 628 Antio
213 586 437 635 Satricum,
476 586 527 627 ab
556 585 717 627 Satrico
742 587 940 636 Velitras,
979 587 1073 628 inde
1099 587 1327 628 Tusculum
1358 587 1415 627 le-

57 649 200 704 giones
226 649 383 689 ductas.
431 648 609 697 Latinis,
638 649 844 698 Hernicis,
872 649 1152 690 Praenestinis
1178 649 1258 690 iam
1284 649 1416 689 inten-

58 711 132 750 tari
162 725 275 750 arma
300 709 451 749 civium
482 710 615 764 magis
647 725 770 764 quam
797 711 977 752 hostium
1002 711 1113 760 odio,
1152 707 1196 751 ut
1225 711 1267 751 in
1292 710 1414 751 armis

57 779 186 813 terant
210 772 373 827 plebem
398 786 474 812 nec
504 772 705 826 respirare
736 773 778 812 in
808 773 908 814 urbe
940 779 1010 813 aut
1039 788 1112 827 per
1142 774 1269 814 otium
1294 772 1416 813 liber-

57 835 149 875 tatis
176 834 412 875 meminisse
438 834 573 874 sinant
598 841 668 875 aut
694 835 916 876 consistere
942 836 982 875 in
1009 836 1215 883 contione,
1249 834 1318 875 ubi
1344 834 1416 874 ali-

56 897 220 949 quando
251 896 419 936 audiant
448 910 591 936 vocem
618 896 878 937 tribuniciam
909 898 959 938 de
985 897 1159 938 levando
1185 898 1350 938 faenore
1378 904 1417 936 et

57 960 135 1000 fine
161 959 332 1000 aliarum
357 959 594 999 iniuriarum
622 966 825 1014 agentem.
867 961 977 1013 quod
998 961 1032 1001 si
1053 961 1104 1001 sit
1124 960 1285 1001 animus
1306 959 1416 1014 plebi

57 1036 213 1061 memor
236 1027 399 1075 patrum
424 1021 641 1070 libertatis,
682 1036 725 1062 se
750 1037 826 1063 nec
851 1022 986 1063 addici
1011 1037 1260 1075 quemquam
1286 1022 1416 1062 civem

57 1084 289 1123 Romanum
317 1083 368 1123 ob
396 1083 591 1123 creditam
612 1084 829 1137 pecuniam
850 1099 1045 1138 passuros
1066 1098 1201 1136 neque
1222 1083 1416 1123 dilectum

56 1144 215 1189 haberi,
254 1145 384 1185 donee
415 1145 599 1198 inspecto
637 1160 729 1185 aere
766 1145 898 1185 alieno
935 1145 1116 1197 initaque
1151 1144 1306 1185 ratione
1344 1144 1418 1183 mi-

57 1206 209 1246 nuendi
235 1206 322 1246 eius
350 1206 451 1246 sciat
475 1221 581 1246 unus
608 1207 800 1260 quisque,
838 1207 937 1259 quid
963 1206 1046 1255 sui,
1079 1205 1178 1259 quid
1204 1206 1325 1246 alieni
1351 1206 1414 1254 sit,

58 1267 235 1321 supersit
268 1267 345 1307 sibi
376 1267 550 1308 liberum
582 1282 730 1322 corpus
762 1283 813 1308 an
845 1268 886 1308 id
917 1282 1080 1321 quoque
1112 1282 1237 1308 nervo
1269 1267 1418 1308 debea-

57 1336 132 1369 tur.
181 1343 337 1369 merces
364 1329 574 1369 seditionis
599 1329 810 1383 proposita
835 1329 1050 1370 confestim
1078 1329 1319 1370 seditionem
1347 1343 1416 1369 ex-

59 1390 208 1430 citavit.
257 1405 353 1430 nam
384 1397 423 1430 et
454 1391 750 1432 addicebantur
780 1391 897 1431 multi
923 1398 962 1432 et
993 1392 1045 1432 ad
1070 1391 1329 1432 Praenestini
1356 1391 1416 1431 fa-

58 1467 166 1492 mam
196 1451 292 1493 belli
321 1467 449 1494 novas
486 1453 669 1508 legiones
709 1453 946 1494 scribendas
983 1460 1120 1508 patres
1158 1460 1414 1495 censuerant.

57 1528 160 1567 quae
191 1521 362 1567 utraque
395 1514 516 1555 simul
547 1515 699 1555 auxilio
732 1515 950 1556 tribunicio
982 1523 1020 1556 et
1046 1530 1251 1556 consensu
1282 1515 1414 1570 plebis

58 1576 229 1630 inpediri
254 1584 416 1630 coepta3
441 1593 538 1617 nam
562 1593 694 1630 neque
721 1578 814 1618 duci
840 1579 1025 1618 addictos
1048 1578 1200 1619 tribuni
1227 1577 1415 1618 sinebant

58 1652 188 1690 neque
214 1638 391 1678 iuniores
417 1639 583 1679 nomina
607 1639 773 1680 dabant.
812 1654 906 1680 cum
931 1639 1116 1694 patribus
1143 1639 1276 1679 minor
1300 1653 1418 1693 prae-

60 1714 152 1740 sens
179 1714 276 1740 cura
301 1700 477 1740 creditae
501 1701 701 1754 pecuniae
727 1701 825 1741 iuris
858 1701 1113 1754 exsequendi
1144 1715 1267 1753 quam
1294 1700 1418 1740 dilec-

61 1768 125 1801 tus
152 1768 259 1801 esset
291 1786 345 1790 -—
377 1762 527 1815 quippe
560 1762 642 1802 iam
672 1778 696 1802 a
721 1762 944 1803 Praeneste
976 1763 1183 1816 profectos
1215 1763 1345 1803 hostis
1376 1763 1417 1802 in

61 1837 159 1876 agro
187 1820 350 1862 Grabino
376 1824 613 1863 consedisse
644 1824 910 1864 nuntiabatur
934 1850 1006 1872 -,
1038 1824 1198 1864 interim
1230 1823 1415 1865 tribunos

62 1883 193 1936 plebis
219 1884 330 1924 fama
355 1899 402 1925 ea
426 1886 516 1939 ipsa
547 1886 783 1926 inritaverat
814 1887 947 1941 magis
980 1887 1032 1926 ad
1064 1893 1301 1940 susceptum
1333 1901 1419 1927 cer-

64 1953 199 1985 tamen
225 1960 348 1999 qnam
379 1947 648 1997 deterruerat,
685 1962 817 2000 neque
849 1948 959 1988 aliud
991 1949 1045 1988 ad
1076 1949 1317 1989 seditionem
1348 1963 1419 1989 ex·-

65 2006 332 2061 tinguendam
362 2008 403 2047 in
434 2008 533 2049 urbe
565 2023 689 2061 quam
719 2024 846 2063 prope
876 2009 1046 2050 inlatum
1078 2010 1292 2051 moenibus
1318 2011 1419 2065 ipsis

68 2068 219 2108 bellum
245 2069 384 2110 valuit.

148 2130 368 2171 XXVIII.
401 2132 507 2172 Nam
528 2147 620 2172 cum
641 2140 749 2174 esset
761 2133 1040 2175 Praenestinis
1062 2134 1306 2184 nuntiatum,
1333 2134 1422 2175 nul-

65 2192 149 2231 lmn
176 2192 399 2232 exercitum
426 2193 702 2247 conscriptum
722 2195 894 2244 Romae,
920 2195 1078 2235 nullum
1098 2196 1246 2236 ducem
1266 2202 1420 2236 certum

65 2268 169 2301 esse,
195 2260 330 2307 patres
356 2269 404 2295 ae
429 2254 590 2309 plebem
617 2256 658 2296 in
684 2264 813 2297 semet
836 2257 949 2312 ipsos
978 2272 1132 2307 versos,
1161 2258 1420 2299 occasionem

67 2315 142 2355 rati
174 2315 298 2356 duces
332 2331 472 2357 eorum
502 2318 650 2371 raptim
684 2319 846 2373 agmine
877 2326 989 2368 acto,
1027 2320 1272 2373 pervastatis
1297 2320 1423 2374 proti-

67 2392 144 2417 nus
175 2377 284 2432 agris
316 2378 366 2418 ad
392 2385 550 2432 portam
577 2379 782 2421 Collinam
815 2381 934 2435 signa
966 2381 1150 2422 intulere.
1202 2381 1350 2437 ingens
1380 2383 1422 2423 in

68 2438 168 2479 urbe
194 2439 408 2492 trepidatio
434 2440 522 2480 fuit.
561 2441 860 2482 conclamatum
885 2443 938 2483 ad
963 2458 1076 2483 arma
1095 2457 1422 2497 concursumque

68 2500 110 2539 in
134 2514 272 2541 muros
299 2507 420 2554 atque
444 2508 582 2556 portas
609 2509 683 2552 est,
709 2504 956 2557 tandemque
976 2504 1027 2545 ab
1049 2504 1248 2545 seditione
1267 2505 1320 2545 ad
1339 2504 1424 2546 bel-

69 2561 151 2601 lum
179 2562 287 2602 versi
311 2562 550 2604 dictatorem
570 2563 619 2605 T.
643 2563 883 2616 Quinctium
905 2565 1197 2607 Cincinnatum
1221 2581 1422 2608 creavere.

68 2623 102 2663 is
128 2623 371 2678 magistrum
397 2625 580 2678 equitum
603 2625 761 2666 Aulum
789 2625 1080 2682 Sempronium
1099 2627 1336 2669 Atratinum
1363 2629 1423 2669 di-

68 2686 139 2726 xit.
171 2686 281 2739 quod
300 2686 370 2727 ubi
389 2687 571 2727 auditum
593 2694 654 2728 est
673 2713 725 2718 —
746 2694 883 2731 tantus
905 2690 991 2731 eius
1013 2690 1275 2745 magistratus
1296 2698 1423 2732 terror

1444 1591 1483 1619 Π)

1446 1838 1479 1866 11

1447 2272 1464 2300 10

1447 2644 1466 2673 4
