1780 3204
496 299 648 334 LIBER
674 300 718 343 v,
744 300 798 333 21.
819 300 872 334 22.
900 302 946 343 [a.
964 298 1002 334 C.
1018 300 1099 343 396]
1392 291 1473 331 273

119 404 298 445 hostium
330 417 438 453 esse,
471 404 511 443 in
536 417 675 444 muros
699 417 774 457 pro
800 417 844 444 se
870 403 1044 456 quisque
1069 403 1214 444 armati
1238 403 1471 444 discurrunt

119 465 331 515 mirantes,
358 465 553 518 quidnam
577 464 620 504 id
645 472 770 514 essct,
798 465 927 518 quod,
954 479 1048 505 cum
1072 471 1130 506 tot
1154 479 1227 519 per
1245 465 1332 506 dies
1351 479 1471 506 nemo
1499 479 1515 506 7

120 541 163 567 se
189 526 240 567 ab
267 526 508 567 stationibus
533 526 747 567 Romanus
772 526 988 575 movisset,
1014 534 1101 567 tum
1126 526 1238 567 velut
1261 527 1473 581 repentino

119 588 188 629 icti
213 588 350 629 furore
374 588 577 642 inprovidi
602 596 809 628 currerent
833 588 886 629 ad
909 603 1061 629 muros.

203 650 403 690 Inseritur
427 650 521 690 huic
545 650 636 691 loco
661 649 819 691 fabula:
856 650 1092 690 immolante
1115 664 1213 706 rege
1237 649 1472 691 Veientium
1498 662 1517 692 8

120 725 263 752 vocem
287 711 516 766 haruspicis
542 712 732 761 dicentis,
759 711 829 765 qui
849 712 935 753 cius
955 712 1113 753 hostiae
1133 718 1226 753 exta
1243 712 1474 767 prosecuis-

121 780 200 822 set,
227 774 264 813 ei
288 773 501 814 victoriam
526 773 631 822 dari,
658 774 893 814 exauditam
917 773 959 814 in
984 773 1172 815 cuniculo
1191 774 1370 815 movisse
1390 773 1474 814 Ro-

121 850 263 876 manos
296 835 463 884 milites,
500 843 545 876 ut
576 836 770 890 adaperto
801 835 990 876 cuniculo
1021 842 1116 876 exta
1144 842 1334 890 raperent
1359 842 1398 876 et
1423 836 1475 876 ad

120 897 361 937 dictatorem
390 897 555 937 ferrent.
605 897 679 938 scd
702 897 745 937 in
768 897 890 938 rebus
917 904 1000 937 tam
1025 897 1204 950 antiquis
1230 897 1265 938 si
1289 911 1394 950 quae
1421 897 1474 937 si-
1500 909 1518 938 9

121 958 232 999 milia
256 959 341 999 veri
367 959 447 998 sint
470 973 544 1013 pro
574 959 681 999 veris
713 959 980 1013 accipiantur,
1014 959 1111 1000 satis
1142 958 1336 1000 habeam:
1372 959 1475 999 hacc

121 1020 173 1059 ad
192 1021 506 1061 ostentationem
527 1034 698 1061 scaenae
717 1020 934 1074 gaudentis
955 1020 1161 1062 miraculis
1182 1021 1338 1075 aptiora
1351 1035 1475 1073 quam

120 1081 172 1121 ad
191 1081 314 1122 fidem
331 1096 464 1135 neque
478 1081 692 1122 adfirmare
705 1096 837 1134 neque
851 1081 1035 1122 refellere
1049 1096 1197 1135 operae
1210 1081 1386 1135 pretium
1400 1087 1474 1121 est.

206 1142 433 1184 Cuniculus
460 1143 627 1184 delectis
652 1143 849 1183 militibus
875 1158 923 1183 eo
944 1150 1126 1197 tempore
1144 1143 1292 1196 plenus
1312 1143 1353 1182 in
1373 1143 1473 1182 aede
1504 1155 1542 1184 10

119 1205 308 1253 Iunonis,
335 1219 439 1258 quae
457 1205 499 1245 in
512 1204 743 1246 Veientana
761 1219 854 1244 arce
874 1210 977 1253 erat,
1006 1210 1182 1244 armatos
1202 1210 1370 1258 repente
1390 1203 1475 1244 edi-

119 1267 188 1307 dit.
227 1273 266 1307 et
284 1281 378 1321 pars
398 1281 564 1307 aversos
583 1266 626 1306 in
643 1266 770 1306 muris
790 1265 991 1306 invadunt
1008 1265 1161 1314 hostes,
1180 1280 1276 1320 pars
1297 1265 1476 1306 claustra

117 1334 325 1382 portarum
348 1327 567 1376 revellunt,
593 1342 707 1382 pars,
735 1342 829 1368 cum
854 1342 906 1368 ex
925 1327 1043 1368 tectis
1064 1342 1165 1368 saxa
1184 1327 1429 1383 tegulaeque
1450 1343 1475 1368 a

118 1388 356 1429 mulieribus
383 1403 430 1429 ac
456 1389 630 1430 servitiis
655 1389 902 1439 iacerentur,
933 1389 1115 1430 inferunt
1137 1389 1269 1444 ignes.
1320 1389 1473 1430 clamor
1501 1403 1535 1432 11

120 1452 256 1493 omnia
280 1452 403 1492 variis
429 1451 667 1492 terrentium
692 1466 740 1493 ao
764 1452 1004 1507 paventium
1028 1451 1198 1493 vocibus
1224 1452 1353 1493 mixto
1384 1467 1474 1492 mu-

117 1514 262 1555 lierum
293 1528 340 1554 ae
369 1528 589 1569 puerorum
620 1514 782 1568 ploratu
806 1514 994 1570 complet.
1043 1520 1252 1555 momento
1277 1514 1472 1569 temporis
1502 1527 1540 1556 12

117 1576 284 1617 deiectis
310 1591 361 1616 ex
386 1591 502 1617 muro
528 1577 708 1630 undique
728 1577 893 1618 armatis
913 1576 1212 1632 patefactisque
1231 1576 1359 1631 portis
1380 1591 1474 1617 cum

116 1636 185 1678 alii
204 1639 367 1694 agmine
387 1639 610 1686 inruerent,
638 1639 706 1679 alii
725 1639 907 1680 desertos
928 1639 1170 1680 scanderent
1191 1654 1348 1688 murOS,
1375 1638 1472 1679 urbs

117 1698 304 1741 hostibus
330 1700 524 1754 inpletur,
557 1700 748 1741 omnibus
773 1700 874 1741 locis
899 1708 1118 1755 pugnatur.
1173 1700 1320 1741 deinde
1346 1700 1474 1740 multa
1502 1714 1540 1742 123

118 1762 199 1802 iam
225 1762 334 1802 edita
359 1762 483 1803 caede
509 1763 686 1802 senescit
709 1777 850 1816 pugna
874 1772 914 1803 et
938 1763 1110 1803 dictator
1132 1776 1356 1816 praecones
1389 1761 1474 1802 edi-

121 1837 211 1863 cere
230 1822 355 1872 iubet,
380 1830 427 1864 ut
446 1823 497 1864 ab
516 1823 660 1864 inermi
682 1823 946 1864 abstineatur.
982 1824 1018 1863 is
1038 1823 1130 1864 finis
1151 1823 1363 1878 sanguinis
1383 1822 1471 1863 fuit.

120 1884 215 1925 dedi
244 1884 339 1924 inde
369 1884 545 1925 inermes
576 1885 711 1938 coepti
741 1891 780 1924 et
811 1885 863 1925 ad
891 1885 1087 1939 praedam
1117 1884 1233 1925 miles
1269 1884 1473 1939 permissu
1503 1899 1541 1927 14

121 1945 327 1986 dictatoris
348 1945 549 1986 discurrit.
587 1960 691 1999 quae
710 1961 804 1986 cum
822 1954 915 1986 ante
941 1945 1081 1987 oculos
1107 1946 1194 1987 eius
1220 1946 1474 2000 aliquantum

122 2021 194 2061 spe
220 2013 342 2060 atque
368 2007 557 2061 opinione
582 2008 712 2048 maior
730 2008 976 2061 maiorisque
996 2008 1114 2062 pretii
1132 2023 1268 2049 rerum
1287 2008 1472 2057 ferretur,

122 2069 269 2109 dicitur
291 2084 437 2110 manus
463 2069 516 2109 ad
540 2069 698 2110 caelum
724 2070 869 2111 tollens
893 2077 1082 2124 precatus
1114 2085 1224 2120 esse,
1255 2077 1317 2120 ut,
1350 2070 1384 2112 si
1410 2071 1474 2111 cui
1503 2084 1541 2112 12>

122 2130 291 2171 deorum
315 2130 609 2184 hominumque
633 2132 760 2172 nimia
785 2147 859 2172 sua
878 2132 1042 2173 fortuna
1060 2132 1200 2187 populi
1189 2147 1282 2186 que
1295 2132 1475 2173 Romani

123 2192 340 2240 videretur,
372 2201 417 2232 ut
448 2207 539 2232 eam
568 2192 764 2233 inxidiam
794 2193 920 2234 lenire
951 2208 1075 2247 quam
1100 2194 1268 2235 minimo
1295 2209 1370 2235 suo
1394 2195 1475 2249 p1i-

124 2259 217 2294 vato
242 2253 501 2294 incommodo
531 2253 777 2307 publicoque
806 2255 948 2309 populi
970 2255 1149 2296 Romani
1179 2256 1330 2296 liceret.
1379 2271 1474 2297 con·
1503 2270 1541 2298 16

125 2321 348 2355 vertentem
379 2330 423 2356 se
453 2316 557 2356 inter
586 2316 691 2356 hanc
721 2317 1022 2358 venerationem
1052 2318 1225 2359 traditur
1254 2318 1475 2359 memoriae

123 2376 359 2431 prolapsum
381 2378 595 2427 cecidisse3
620 2378 744 2431 idque
763 2394 883 2420 omen
900 2380 1146 2434 pertinuisse
1163 2386 1308 2434 postea
1325 2386 1476 2420 eventu

123 2453 208 2478 rem
234 2439 555 2480 coniectantibus
581 2440 715 2480 visum
740 2442 792 2482 ad
816 2441 1120 2482 damnationem
1144 2441 1274 2496 ipsius
1295 2439 1473 2490 Camilli,

124 2506 267 2554 captae
298 2500 445 2541 deinde
475 2501 587 2542 urbis
612 2501 843 2552 Romanae,
881 2504 992 2556 quod
1021 2510 1115 2557 post
1143 2517 1298 2557 paucos
1329 2503 1476 2544 accidit

123 2577 271 2612 annos,
298 2562 468 2603 cladem.
507 2573 627 2616 atque
646 2564 713 2604 ille
733 2564 820 2605 dies
840 2565 964 2605 caede
982 2564 1163 2605 hostium
1182 2579 1229 2605 ac
1248 2564 1473 2619 direptione
1502 2578 1539 2606 1?

124 2623 236 2664 urbis
263 2624 597 2678 opulentissimae
623 2632 685 2666 est
709 2632 988 2680 consumptus.

207 2685 363 2726 XXII.
400 2685 575 2727 Postero
595 2687 659 2727 die
678 2686 807 2728 libera
831 2702 1001 2741 corpora
1025 2688 1198 2729 dictator
1222 2687 1299 2729 sub
1325 2702 1474 2728 corona
1502 2701 1515 2728 1

125 2747 318 2788 vendidit.
357 2763 404 2789 ea
425 2748 511 2789 sola
530 2749 704 2803 pecunia
728 2749 769 2789 in
793 2748 1004 2803 publicum
1028 2749 1227 2804 redigitur
1249 2749 1360 2790 haud
1385 2750 1472 2789 sine

194 2825 255 2852 Lici
275 2825 328 2851 2-01.
347 2825 368 2851 1.
1204 2815 1247 2848 18
