1835 3226
246 369 280 396 lt

310 243 392 283 3¹24
643 246 797 281 LIBER
822 246 891 288 VI,
923 245 1063 278 15--20,
1093 246 1142 287 [a.
1157 255 1189 277 u.
1206 255 1235 278 e.
1248 244 1329 288 370]

309 352 560 408 inposuistis.
610 350 698 391 solo
735 348 973 402 aequandae
1012 353 1107 388 sunt
1143 347 1369 388 dictaturae
1406 348 1662 390 consulatus-

308 429 405 467 que,
443 420 488 453 ut
524 418 647 467 eaput
683 411 867 452 attollere
899 409 1088 451 Romana
1123 408 1265 463 plebes
1301 409 1444 464 possit.
1493 410 1664 464 proinde

307 477 466 524 adeste,
493 474 706 530 prohibete
732 474 796 514 ius
822 473 872 513 de
898 472 1083 527 pecuniis
1109 471 1202 512 dici.
1252 486 1330 527 ego
1356 486 1420 512 me
1445 478 1663 526 patronum

309 537 499 592 profiteor
528 536 680 591 plebis,
718 535 829 589 quod
860 534 959 575 mihi
990 549 1087 575 cura
1117 548 1210 575 mea
1239 539 1280 574 et
1303 532 1405 574 fides
1431 547 1582 575 nomen
1605 534 1666 574 in—

247 616 282 642 1.)
309 600 414 640 duit:
453 614 526 640 vos
559 598 594 639 si
624 613 706 652 quo
737 597 889 652 insigni
914 596 1047 651 magis
1072 596 1232 650 imperii
1257 595 1476 636 honorisve
1501 596 1665 636 nomine

247 737 282 765 16

265 1047 282 1075 10

309 668 491 702 vestrum
518 659 778 714 appellabitis
804 660 970 707 ducem,
997 673 1045 699 eo
1070 657 1241 699 utemini
1266 657 1492 712 potentiore
1518 658 1570 698 ad
1595 658 1665 698 ob-

310 723 476 763 tinenda
507 737 556 763 ea
580 736 686 775 quae
711 721 861 762 vultis)
909 721 1004 761 inde
1030 721 1080 761 de
1106 735 1233 776 regno
1259 719 1408 774 agendi
1434 728 1565 759 ortum
1592 720 1667 760 ini-

310 785 411 826 tium
442 785 608 834 dicitur,
648 785 721 826 sed
757 799 833 825 nec
870 798 964 824 cum
1001 782 1150 836 quibus
1187 797 1262 823 nec
1299 796 1421 835 quem
1459 782 1511 822 ad
1542 782 1664 822 finem

309 847 480 889 consilia
504 847 782 901 pervenerint,
816 846 915 888 satis
942 845 1109 900 planum
1137 845 1318 886 traditur.

393 909 589 951 XVIIII.
638 908 698 950 At
728 909 770 949 in
801 916 915 963 parte
946 908 1073 948 altera
1099 915 1264 948 senatus
1291 907 1342 947 de
1369 907 1601 948 secessione
1626 907 1668 947 in

308 971 477 1013 domum
502 972 704 1026 privatam
730 971 881 1026 plebis,
915 970 1021 1011 sorte
1048 970 1170 1010 etiam
1201 970 1243 1010 in
1274 983 1366 1010 arce
1397 969 1593 1023 positam,
1631 975 1670 1010 et

309 1034 522 1074 inminenti
547 1034 655 1075 mole
680 1033 859 1075 libertati
889 1033 1029 1088 agitat.
1080 1047 1232 1087 magna
1255 1046 1351 1086 pars
1378 1031 1666 1080 vociferantur,

311 1095 487 1137 Servilio
507 1096 646 1137 Ahala
671 1109 775 1151 opus
802 1110 912 1145 esse,
939 1095 1009 1149 qui
1036 1110 1118 1135 non
1147 1095 1189 1135 in
1214 1093 1349 1135 vincla
1373 1093 1467 1134 duci
1491 1092 1670 1134 iubendo

309 1157 446 1198 inritet
481 1158 694 1212 publicum
730 1158 909 1206 hostem,
957 1157 1030 1197 sed
1070 1156 1190 1197 unius
1229 1156 1383 1197 iactura
1420 1156 1521 1196 civis
1557 1155 1671 1196 finiat

266 1235 283 1260 :·‚
312 1219 551 1261 intestinum
577 1219 744 1261 bellum.
795 1219 1024 1260 decurritur
1048 1219 1099 1259 ad
1124 1219 1319 1259 leniorem
1346 1218 1482 1259 verbis
1510 1224 1671 1259 senten-

273 2541 289 2567 1<-

314 1283 430 1331 tiam,
459 1282 540 1322 vim
567 1289 704 1322 tamen
730 1283 902 1322 eandem
929 1280 1166 1329 habentem,
1194 1287 1239 1320 ut
1262 1281 1428 1320 videant
1453 1280 1671 1334 magistra-

313 1352 397 1393 tus,
423 1358 474 1384 ne
499 1344 598 1397 quid
624 1358 676 1384 ex
700 1343 940 1398 perniciosis
967 1342 1147 1383 consiliis
1173 1341 1234 1382 M.
1256 1341 1388 1382 Manli
1414 1356 1479 1381 res
1505 1340 1669 1394 publiea

312 1406 545 1447 detrimenti
564 1406 710 1460 capiat.
760 1413 846 1446 tum
867 1405 1018 1446 tribuni
1044 1404 1249 1445 consulari
1273 1410 1474 1458 potestate
1501 1403 1670 1443 tribuni-

312 1483 391 1521 que
416 1468 527 1523 plebi
552 1494 604 1497 —-
630 1483 726 1508 nam
752 1475 791 1508 et
818 1465 914 1522 [ei]‚
941 1466 1037 1519 quia
1062 1467 1238 1507 eundem
1265 1473 1304 1506 et
1329 1480 1427 1507 suae
1452 1466 1668 1520 potestatis

313 1544 435 1583 quem
460 1529 657 1570 libertatis
684 1529 866 1570 omnium
892 1529 1016 1569 finem
1041 1527 1280 1576 cernebant,
1306 1535 1467 1582 patrum
1494 1528 1669 1568 auctori-

313 1592 384 1631 tati
410 1606 454 1632 se
480 1591 721 1632 dediderant
746 1615 818 1640 —,
851 1590 892 1630 hi
918 1597 1004 1630 tum
1031 1604 1173 1631 omnes
1205 1590 1304 1643 quid
1329 1605 1433 1644 opus
1464 1590 1574 1631 facto
1607 1589 1669 1639 sit,

313 1652 558 1694 consultant.
614 1667 708 1693 cum
744 1659 905 1706 praeter
942 1652 1025 1692 vim
1062 1659 1101 1692 et
1138 1652 1305 1692 eaedem
1343 1652 1444 1692 nihil
1480 1652 1671 1706 cuiquam

314 1721 562 1763 occurreret,
594 1729 684 1755 eam
711 1722 848 1755 autem
873 1713 1052 1768 ingentis
1079 1713 1352 1754 dimicationis
1384 1714 1471 1754 sore
1503 1729 1673 1768 appare-

312 1783 390 1826 ret,
418 1783 505 1816 tum
524 1776 585 1817 M.
599 1775 821 1817 Menenius
842 1782 881 1816 et
903 1775 955 1828 Q.
976 1775 1180 1816 Publilius
1202 1775 1353 1816 tribuni
1378 1775 1528 1830 plebis:
1557 1776 1673 1829 ‘quid

312 1845 474 1894 patrum
513 1845 552 1879 et
588 1838 722 1893 plebis
760 1848 969 1879 certamen
999 1838 1195 1888 facimus,
1233 1838 1344 1891 quod
1375 1838 1550 1879 civitatis
1582 1853 1673 1880 esse

313 1902 512 1942 adversus
538 1916 666 1942 unum
692 1900 934 1955 pestiferum
961 1900 1093 1941 civem
1119 1900 1267 1941 debet?
1302 1901 1402 1954 quid
1433 1915 1527 1941 cum
1553 1900 1672 1955 plebe

314 1963 578 2019 adgredimur
603 1978 716 2013 eum,
750 1978 874 2017 quem
898 1978 972 2018 per
996 1963 1128 2018 ipsam
1153 1963 1317 2018 plebem
1344 1963 1470 2004 tutius
1503 1963 1672 2018 adgredi

314 2034 394 2076 est,
433 2034 477 2067 ut
509 2026 594 2067 suis
626 2026 715 2081 ipse
748 2034 940 2067 oneratus
973 2025 1127 2067 viribus
1158 2025 1275 2066 ruat?
1323 2025 1433 2066 diem
1470 2025 1604 2066 dicere
1637 2025 1673 2065 ei

314 2088 433 2130 nobis
465 2089 507 2129 in
538 2089 676 2129 animo
709 2095 782 2130 est.
831 2088 932 2129 nihil
964 2088 1100 2129 minus
1125 2087 1323 2143 populare
1349 2102 1474 2141 quam
1499 2102 1673 2142 regnum

314 2158 388 2192 est.
439 2151 561 2193 simul
591 2151 810 2192 multitudo
841 2151 911 2192 illa
941 2166 1024 2192 non
1055 2165 1197 2192 secum
1229 2150 1373 2191 certari
1404 2150 1598 2199 viderint,
1636 2156 1675 2190 et

314 2230 366 2256 ex
396 2215 607 2256 advocatis
638 2214 795 2255 iudices
827 2214 926 2255 sacti
957 2220 1076 2255 erunt
1107 2220 1147 2255 et
1177 2219 1438 2255 accusatores
1464 2213 1514 2253 de
1539 2211 1672 2268 plebe,

316 2279 532 2333 patricium
569 2293 684 2319 reum
722 2277 990 2318 intuebuntur
1026 2285 1065 2317 et
1101 2277 1220 2332 regni
1257 2277 1411 2317 crimen
1446 2276 1489 2316 in
1525 2275 1673 2325 medio,

316 2338 414 2381 nulli
440 2340 572 2396 magis
599 2354 723 2393 quam
748 2339 924 2381 libertati
950 2338 1150 2380 favebunt
1176 2338 1300 2380 suae?

401 2402 510 2443 XX.
538 2401 881 2456 Adprobantibus
902 2401 1059 2442 cunetis
1080 2401 1186 2441 diem
1202 2400 1362 2441 Manlio
1381 2401 1532 2441 dieunt.
1565 2399 1676 2454 quod

318 2464 386 2505 ubi
406 2471 469 2506 est
487 2464 654 2513 factum,
681 2460 814 2518 primo
834 2469 1040 2504 commota
1058 2462 1175 2517 plebs
1196 2470 1270 2512 est,
1293 2462 1433 2516 utique
1455 2468 1674 2516 postquam

318 2527 570 2567 sordidatum
601 2541 717 2566 reum
748 2526 937 2567 viderunt
963 2540 1037 2566 nec
1064 2539 1157 2565 cum
1183 2539 1231 2565 eo
1258 2540 1340 2565 non
1365 2525 1487 2566 modo
1512 2535 1674 2579 patrum

317 2604 584 2642 quemquam,
613 2588 686 2629 sed
706 2602 756 2628 ne
776 2593 975 2643 cognatos
995 2586 1162 2639 quidem
1183 2592 1253 2626 aut
1272 2586 1443 2636 adfines,
1469 2592 1675 2640 postremo

319 2666 366 2690 ne
387 2651 533 2691 fratres
554 2650 720 2704 quidem
741 2649 899 2690 Aulum
920 2657 960 2689 et
979 2648 1121 2689 Titum
1141 2648 1342 2698 Manlios,
1368 2649 1479 2702 quod
1504 2648 1557 2688 ad
1581 2662 1674 2688 eum

318 2711 425 2751 diem
458 2727 682 2765 numquam
716 2727 794 2753 usu
826 2711 1026 2760 venisset,
1061 2717 1103 2751 ut
1128 2710 1169 2751 in
1195 2717 1307 2751 tanto
1333 2709 1567 2751 discrimine
1592 2724 1675 2750 non
