1780 3204
1409 224 1429 232 .-

626 232 778 266 LissEa
798 233 831 275 1,
858 232 888 265 3.
1415 241 1423 262 ι

84 350 185 387 erat,
214 344 349 378 tamen
368 337 409 377 id
428 336 644 390 imperium
669 336 705 375 ei
731 335 782 375 ad
806 334 1003 389 puberem
1028 340 1205 375 aetatem
1229 334 1430 375 incolume

82 400 243 440 mansit.
292 398 490 452 tantisper
520 397 645 438 tutela
674 396 862 437 muliebri
887 421 939 425 —
965 403 1077 437 tanta
1100 396 1257 437 indoles
1282 396 1324 436 in
1348 397 1433 436 La-

83 463 191 502 vinia
221 468 306 502 erat
330 485 383 490 -—
407 474 473 500 res
499 459 651 500 Latina
681 466 719 499 et
748 473 921 513 regnum
953 459 1107 498 avitum
1138 465 1432 512 paternumque

82 538 210 578 puero
236 523 358 564 stetit.
400 521 511 562 haud
535 520 743 575 ambigam
769 545 821 549 —
847 521 938 573 quis
965 520 1073 560 enim
1098 535 1184 561 rem
1210 528 1292 560 tam
1324 529 1433 560 vete·
1461 550 1475 555 -

82 600 167 625 rem
186 598 259 638 pro
279 590 388 624 certo
409 582 619 623 adfirmet?
643 607 695 611 ——
721 581 854 622 hicine
873 581 995 621 fuerit
1007 580 1215 622 Ascanius
1235 596 1288 621 an
1307 581 1434 621 maior

83 662 206 700 quam
242 646 326 694 hic,
365 644 525 686 Creusa
553 651 683 685 matre
714 643 791 684 Ilio
827 643 1020 684 incolumi
1056 650 1175 684 natus
1213 657 1432 695 comesque

88 707 181 748 inde
222 717 413 761 paternae
455 705 599 760 fugae,
647 720 770 758 quem
807 705 943 744 Iulum
979 705 1154 745 eundem
1190 704 1296 744 Iulia
1330 718 1431 758 gens

86 775 293 809 auctorem
317 767 492 808 nominis
519 767 582 807 sui
605 773 827 820 nuncupat.
870 767 904 806 is
930 765 1157 814 Ascanius,
1184 765 1432 818 ubicumque

82 838 121 870 ct
151 842 407 883 quacumque
438 834 566 868 matre
596 827 759 881 genitus
786 852 838 856 -—
864 834 971 867 certe
1002 836 1143 867 natum
1169 826 1314 867 Aenea
1338 841 1434 866 con-

83 898 162 932 stat
192 915 245 921 —
275 889 508 931 abundante
538 888 691 929 Lavini
720 888 979 928 multitudine
1011 888 1221 928 florentem
1253 889 1352 937 iam,
1390 896 1432 927 ut

82 961 168 993 tum
192 967 257 993 res
282 958 413 1000 erant,
440 957 562 1004 atque
587 949 821 1004 opulentam
842 949 984 990 urbem
1003 950 1123 990 matri
1143 964 1214 990 seu
1234 963 1433 990 novercae

81 1014 260 1067 reliquit,
297 1027 445 1053 novam
476 1012 565 1066 ipse
595 1011 717 1051 aliam
755 1009 832 1050 sub
863 1009 1029 1051 Albano
1066 1018 1203 1051 monte
1240 1010 1432 1058 condidit,

81 1083 185 1122 quae
205 1068 256 1109 ab
276 1069 357 1109 situ
375 1073 583 1122 porrectae
603 1066 643 1106 in
663 1066 784 1106 dorso
804 1065 915 1106 urbis
929 1066 1080 1120 Longa
1093 1066 1205 1106 Alba
1218 1066 1432 1120 appellata.

165 1130 277 1170 Inter
294 1129 518 1169 Lavinium
539 1134 578 1168 et
597 1127 750 1167 Albam
770 1127 963 1181 Longam
989 1127 1207 1168 deductam
1234 1127 1433 1167 coloniam

81 1191 245 1245 triginta
269 1190 397 1230 ferme
421 1189 641 1230 interfuere
667 1188 774 1230 anni.
825 1195 982 1229 tantum
1009 1196 1147 1229 tamen
1171 1203 1270 1242 opes
1297 1202 1435 1228 creve-

80 1259 171 1292 rant
195 1251 373 1291 maxime
398 1250 502 1291 fusis
526 1250 734 1298 Etruscis,
760 1257 805 1290 ut
829 1265 880 1290 ne
905 1257 1034 1291 morte
1060 1250 1225 1303 quidem
1262 1249 1433 1292 Aeneae

81 1328 156 1354 nec
187 1313 334 1353 deinde
365 1313 469 1353 inter
498 1311 739 1353 muliebrem
771 1312 939 1353 tutelam
970 1313 1326 1364 rudimentumque
1352 1312 1432 1366 pri-

83 1390 195 1415 mum
225 1374 394 1428 puerilis
425 1375 542 1429 regni
566 1388 730 1415 movere
755 1390 869 1414 arma
893 1382 963 1415 aut
987 1373 1221 1415 Mezentius
1246 1373 1433 1414 Etrusci-

79 1451 156 1490 que
182 1443 251 1477 aut
275 1436 347 1477 ulli
372 1436 439 1477 alii
465 1436 627 1477 accolae
652 1437 743 1477 ausi
769 1437 860 1477 sint.
911 1451 992 1490 pax
1017 1436 1073 1477 ita
1099 1443 1363 1485 convenerat,
1389 1442 1433 1476 ut
1460 1465 1465 1472 .

79 1497 266 1539 Etruscis
290 1498 535 1551 Latinisque
566 1497 920 1546 fluxius'Albula,
959 1513 1081 1552 quem
1113 1513 1220 1538 nunc
1251 1497 1433 1538 Tiberim

78 1566 244 1609 vocant,
281 1560 373 1600 finis
405 1566 525 1600 esset.
580 1559 735 1601 Silvius
762 1560 909 1600 deinde
933 1567 1097 1615 regnat,
1130 1559 1287 1601 Ascani
1312 1559 1431 1607 filius,

79 1635 178 1661 casu
201 1620 381 1674 quodam
405 1621 447 1661 in
472 1620 585 1662 silvis
606 1628 740 1662 natus.
782 1622 817 1662 is
836 1620 1025 1662 Aeneam
1048 1620 1222 1663 Silvium
1243 1629 1371 1670 creat,
1397 1621 1431 1661 is

79 1683 224 1723 deinde
244 1683 442 1723 Latinum
464 1682 653 1724 Silvium.
696 1683 747 1724 ab
770 1698 818 1724 eo
838 1683 1020 1724 coloniae
1039 1684 1194 1737 aliquot
1219 1683 1431 1731 deductae,

79 1744 213 1784 Prisci
247 1745 388 1785 Latini
425 1744 630 1798 appellati.
690 1746 841 1785 mansit
879 1743 1020 1786 Silviis
1061 1752 1205 1798 postea
1240 1744 1430 1784 omnibus

81 1819 328 1858 cognomen,
365 1806 437 1858 qui
466 1805 602 1846 Albae
632 1812 919 1861 regnaverunt.
974 1806 1127 1847 Latino
1158 1805 1270 1846 Alba
1306 1816 1431 1853 οἵως,

81 1865 192 1906 Alba
210 1865 337 1919 Atys,
363 1865 474 1920 Atye
501 1866 660 1921 Capys,
689 1867 832 1921 Capye
859 1867 1061 1921 Capetus,
1090 1866 1248 1920 Capeto
1274 1866 1433 1907 Tiberi-

81 1942 175 1976 nus,
207 1927 278 1979 qui
306 1927 349 1967 in
378 1928 548 1968 traiectu
572 1927 751 1969 Albulae
775 1929 906 1969 amnis
933 1928 1171 1969 submersus
1197 1927 1355 1968 celebre
1381 1929 1433 1968 ad

80 1995 266 2042 posteros
285 2003 436 2029 nomen
454 1988 610 2029 flumini
630 1990 753 2030 dedit.
789 1989 979 2045 Agrippa
998 1991 1092 2031 inde
1107 1990 1290 2031 Tiberini
1309 1990 1429 2039 filius,

82 2056 175 2103 post
199 2048 430 2104 Agrippam
454 2050 656 2092 Romulus
685 2049 839 2092 Silvius
872 2067 896 2092 a
925 2058 1038 2106 patre
1069 2058 1237 2106 accepto
1262 2051 1432 2105 imperio

80 2117 236 2165 regnat.
294 2110 504 2152 Aventino
536 2111 706 2152 fulmine
737 2112 825 2166 ipse
855 2113 959 2153 ictus
990 2127 1162 2167 regnum
1188 2127 1260 2166 per
1284 2128 1430 2153 manus

81 2172 256 2212 tradidit.
304 2173 339 2213 is
372 2173 555 2227 sepultus
581 2174 623 2214 in
648 2188 696 2215 eo
722 2174 842 2223 colle,
873 2175 943 2227 qui
967 2189 1074 2215 nunc
1098 2189 1194 2229 pars
1219 2175 1431 2216 Romanae

1459 529 1476 545 “)

1460 772 1477 798 :5

1461 1140 1476 1166 4

1457 2006 1474 2034 1)

80 2240 142 2273 est
166 2233 297 2282 urbis,
330 2249 558 2289 cognomen
584 2235 677 2276 colli
701 2235 810 2276 fecit.
869 2235 1002 2277 Proca
1026 2236 1172 2276 deinde
1197 2243 1352 2291 regnat.
1394 2237 1429 2279 is
1480 2259 1484 2262 -

78 2294 334 2335 Numitorem
353 2303 474 2349 atque
492 2295 708 2338 Amulium
726 2304 929 2351 procreat,
955 2297 1175 2346 Numitori,
1202 2298 1272 2350 qui
1292 2298 1428 2352 stirpis

79 2356 280 2397 maximus
307 2364 408 2405 erat,
440 2372 613 2412 regnum
638 2365 845 2398 vetustum
873 2357 1026 2400 Silviae
1051 2360 1185 2414 gentis
1210 2359 1331 2414 legat.

162 2416 262 2458 Plus
294 2424 431 2458 tamen
460 2419 521 2459 vis
552 2419 684 2472 potuit
708 2434 831 2472 quam
856 2420 1043 2461 voluntas
1068 2421 1195 2474 patris
1221 2427 1291 2461 aut
1315 2436 1429 2462 vere—

78 2478 226 2519 cundia
250 2479 406 2520 aetatis.
448 2480 567 2533 pulso
592 2480 715 2521 fratre
734 2480 928 2522 Amulius
948 2489 1104 2537 regnat.
1147 2482 1260 2523 addit
1286 2483 1428 2523 sceleri

78 2540 230 2580 scelus:
263 2541 430 2594 stirpem
456 2541 592 2582 fratris
617 2542 775 2583 virilem
794 2543 1005 2592 interimit,
1032 2543 1169 2584 fratris
1189 2543 1296 2584 filiae
1314 2544 1428 2585 Reae

78 2599 231 2642 Silviae
255 2616 329 2656 per
353 2603 531 2656 speciem
555 2603 740 2653 honoris,
773 2618 866 2644 cum
892 2603 1103 2645 Vestalem
1129 2620 1221 2646 eam
1244 2604 1425 2660 legisset,

75 2670 271 2716 perpetua
296 2663 527 2718 virginitate
553 2679 669 2719 spem
695 2673 837 2719 partus
864 2666 1018 2706 adimit.

1457 2314 1494 2341 10

1458 2498 1488 2525 ll
