1780 3204
372 252 525 287 LIBER
551 252 644 294 1111,
669 251 813 284 35-3ῖ,
842 253 890 294 [a.
907 249 946 285 C.
959 250 1154 294 426-423]
1362 242 1442 281 227

87 366 302 414 ponantur.
351 363 395 397 ut
426 356 592 410 quidem
623 354 770 408 aliquis
801 353 989 395 tribunus
1019 353 1152 409 plebis
1182 360 1275 395 ruat
1299 368 1446 395 caecus

88 421 130 461 in
155 419 378 461 certamina
402 417 583 473 periculo
608 416 783 472 ingenti,
809 416 947 457 fructu
970 416 1100 465 nullo,
1128 430 1179 457 ex
1198 415 1348 470 quibus
1371 430 1446 470 pro

90 488 200 523 certo
224 480 395 530 habeat,
424 488 581 534 patres,
614 479 812 520 adversus
838 492 942 532 quos
967 478 1169 528 tenderet,
1201 477 1309 519 bello
1333 477 1448 518 inex-

89 543 230 599 piabili
256 557 299 584 se
323 547 630 597 persecuturos,
658 547 756 595 aput
779 539 961 595 plebem,
987 554 1061 595 pro
1081 555 1161 594 qua
1181 539 1446 588 dimicaverit,

89 605 214 646 nihilo
241 619 284 645 se
309 603 610 645 honoratiorem
635 602 742 651 fore,
775 616 909 655 neque
935 602 1184 656 sperandum
1209 615 1344 655 neque
1374 615 1448 655 po-

92 666 328 708 stulandum
359 680 462 706 esse.
512 679 686 720 magnos
718 664 876 704 animos
908 664 1071 719 magnis
1095 663 1320 704 honoribus
1345 662 1445 703 fieri.

93 731 297 772 neminem
325 744 368 770 se
392 728 599 784 plebeium
626 734 972 782 contempturum,
999 727 1070 768 ubi
1095 726 1301 768 contemni
1319 725 1450 766 desis-

93 800 194 834 sent.
243 792 537 847 experiundam
568 805 653 831 rem
685 790 860 843 denique
889 790 933 830 in
962 804 1044 830 uno
1075 795 1145 830 aut
1181 788 1307 829 altero
1344 801 1448 836 esse,

95 856 199 896 sitne
239 854 365 907 aliqui
400 853 586 908 plebeius
618 852 788 893 serendo
818 866 970 906 magno
1000 851 1145 892 honori
1181 866 1233 891 an
1261 855 1448 905 portento

95 918 224 959 simile
250 917 529 969 miraculoque
556 916 625 964 sit,
652 914 802 955 fortem
821 928 868 954 ac
889 921 1101 954 strenuum
1119 913 1252 953 virum
1272 912 1450 965 aliquem

95 980 269 1021 existere
296 985 429 1019 ortum
455 992 505 1018 ex
528 976 661 1032 plebe.
711 991 873 1017 summa
896 975 938 1016 vi
963 981 1245 1030 expugnatum
1270 987 1379 1023 esse,
1405 978 1450 1013 ut

96 1041 247 1083 tribuni
270 1040 445 1080 militum
470 1038 674 1079 consulari
696 1044 900 1093 potestate
926 1044 964 1078 et
990 1051 1041 1077 ex
1064 1036 1185 1091 plebe
1205 1041 1449 1076 crearentur.

95 1103 247 1158 petisse
271 1102 380 1143 viros
401 1101 512 1142 domi
531 1100 781 1152 militiaeque
802 1105 1025 1153 spectatos:
1051 1097 1194 1152 primis
1215 1096 1332 1137 annis
1354 1110 1452 1151 sug-

95 1165 277 1221 gillatos,
309 1163 497 1217 repulsos
522 1162 622 1202 risui
651 1160 836 1215 patribus
867 1159 1016 1208 fuisse,
1054 1158 1213 1199 desisse
1242 1163 1451 1212 postremo

94 1226 289 1281 praebere
314 1225 367 1265 ad
391 1223 678 1265 contumeliam
705 1237 763 1263 os.
813 1236 888 1262 nec
915 1235 959 1261 se
984 1220 1142 1269 videre,
1175 1234 1248 1260 cur
1271 1233 1355 1260 non
1383 1219 1451 1261 lex

95 1301 256 1341 quoque
282 1286 514 1341 abrogetur,
547 1299 628 1338 qua
651 1285 694 1324 id
716 1284 854 1333 liceat,
880 1283 992 1336 quod
1016 1296 1242 1335 numquam
1268 1281 1453 1322 futurum

95 1349 163 1390 sit:
191 1348 390 1388 minorem
409 1347 561 1401 quippe
580 1345 771 1387 ruborem
790 1345 877 1387 fore
896 1345 940 1386 in
963 1345 1063 1386 iuris
1088 1344 1304 1398 iniquitate
1329 1359 1453 1398 quam

95 1410 130 1451 si
152 1424 227 1465 per
249 1409 535 1464 indignitatem
559 1408 745 1463 ipsorum
769 1413 1088 1462 praetereantur.

178 1471 402 1512 XXXVI.
438 1470 579 1511 Huius
599 1471 762 1526 generis
784 1470 988 1511 orationes
1015 1484 1107 1510 cum
1134 1469 1314 1510 adsensu
1340 1469 1455 1510 audi-

97 1542 161 1575 tae
185 1533 407 1574 incitavere
433 1532 634 1586 quosdam
660 1532 713 1573 ad
736 1532 960 1586 petendum
986 1530 1238 1572 tribunatum
1263 1530 1452 1579 militum,

96 1596 221 1637 alium
247 1595 325 1636 alia
350 1595 400 1635 de
432 1594 659 1635 commodis
690 1593 822 1648 plebis
853 1593 1033 1633 laturum
1064 1607 1108 1633 se
1138 1593 1182 1633 in
1210 1592 1456 1648 magistratu

95 1657 366 1713 profitentem.
417 1656 506 1711 agri
533 1655 689 1710 publici
719 1655 930 1695 dividendi
961 1654 1295 1707 coloniarumque
1327 1653 1456 1694 dedu-

98 1719 320 1760 cendarum
346 1724 574 1759 ostentatae
601 1731 695 1771 spes
722 1724 761 1757 et
785 1716 977 1771 vectigali
1001 1715 1311 1770 possessoribus
1338 1729 1458 1770 agro-

98 1795 190 1821 rum
214 1779 391 1833 inposito
415 1779 457 1819 in
483 1778 733 1833 stipendium
752 1778 928 1818 militum
948 1777 1144 1832 erogandi
1163 1777 1280 1817 aeris.
1319 1782 1458 1830 capta-

100 1849 188 1882 tum
208 1840 354 1881 deinde
374 1847 536 1893 tempus
557 1839 608 1880 ab
628 1839 800 1880 tribunis
821 1839 1015 1887 militum,
1042 1853 1123 1891 quo
1141 1853 1215 1893 per
1228 1838 1457 1879 discessum

102 1902 315 1944 hominum
346 1901 397 1942 ab
426 1900 547 1950 urbe,
585 1915 679 1941 cum
709 1906 847 1954 patres
873 1899 1127 1940 clandestina
1152 1899 1458 1940 denuntiatione

102 1964 282 2005 revocati
307 1963 359 2004 ad
383 1963 493 2003 diem
518 1969 671 2003 certam
697 1968 852 2011 essent,
886 1968 1053 2003 senatus
1079 1962 1313 2003 consultum
1343 1961 1459 2002 fieret

105 2025 346 2068 absentibus
372 2024 546 2066 tribunis
572 2024 700 2078 plebi,
726 2030 789 2073 ut,
817 2024 1011 2077 quoniam
1035 2023 1214 2065 Volscos
1238 2024 1282 2064 in
1304 2023 1459 2064 Herni-

104 2103 245 2129 corum
270 2102 391 2142 agros
416 2087 657 2141 praedatum
683 2086 817 2127 exisse
842 2085 953 2126 fama
979 2092 1106 2135 esset,
1141 2086 1193 2126 ad
1216 2100 1303 2126 rem
1332 2085 1460 2139 inspi-

106 2150 292 2191 ciendam
311 2148 462 2190 tribuni
482 2148 657 2188 militum
678 2147 1032 2202 proficiscerentur
1057 2147 1368 2200 consulariaque
1393 2155 1460 2188 co-

106 2212 219 2252 mitia
242 2210 501 2251 haberentur.
538 2209 712 2264 profecti
730 2208 813 2264 Ap.
836 2208 1058 2250 Claudium
1081 2208 1213 2249 filium
1238 2209 1459 2250 decemviri

105 2272 359 2327 praefectum
395 2271 508 2313 urbis
544 2271 796 2324 relinquunt,
833 2271 1041 2326 inpigrum
1076 2270 1268 2311 iuvenem
1304 2276 1343 2310 et
1378 2270 1461 2311 iam

106 2335 200 2375 inde
227 2334 280 2375 ab
312 2333 570 2375 incunabulis
601 2333 790 2374 inbutum
822 2333 915 2375 odio
946 2333 1203 2374 tribunorum
1231 2332 1459 2387 plebisque.

108 2396 260 2438 tribuni
283 2395 395 2450 plebi
419 2410 494 2436 nec
521 2410 614 2436 cum
640 2394 879 2436 absentibus
904 2394 973 2444 iis,
1005 2395 1076 2448 qui
1101 2400 1266 2435 senatus
1298 2393 1463 2435 consul-

108 2468 194 2498 tum
219 2457 421 2506 fecerant,
446 2471 523 2498 nec
549 2471 642 2497 cum
661 2455 820 2512 Appio,
847 2463 1052 2497 transacta
1076 2470 1138 2505 re,
1165 2455 1276 2509 quod
1295 2462 1463 2497 conten-

108 2521 250 2561 derent
273 2519 362 2559 fuit.

192 2580 438 2623 XXXVII.
478 2579 617 2622 Creati
642 2580 831 2622 consules
858 2586 952 2621 sunt
974 2579 1022 2621 C.
1045 2578 1317 2634 Sempronius
1340 2578 1462 2620 Atra-

109 2645 235 2694 tinus,
265 2643 317 2696 Q.
344 2643 498 2685 Fabius
519 2643 764 2684 Vibulanus.
812 2642 1029 2697 peregrina
1051 2657 1136 2692 res,
1169 2642 1243 2684 sed
1266 2642 1464 2683 memoria

109 2706 233 2762 digna
247 2706 419 2746 traditur
433 2720 481 2746 eo
495 2719 602 2746 anno
615 2705 736 2754 facta,
751 2703 1002 2745 Vulturnum
1015 2703 1287 2745 Etruscorum
1301 2703 1457 2753 urbem,

1170 2769 1236 2803 15*

1472 366 1492 396 8

1479 983 1518 1012 10

1481 1235 1516 1263 11

1482 1666 1500 1694 10

1482 1759 1501 1819 00*

1490 2593 1503 2620 1
