1780 3204
466 267 620 302 LIBER
644 267 739 311 ΗΠ,
766 267 819 301 15.
841 267 892 300 ω.
920 269 968 310 [a.
984 265 1021 300 o.
1034 265 1127 308 439]
1391 256 1472 296 209

121 375 187 415 cui
229 373 458 414 tribunatus
500 372 632 426 plebis
674 371 806 426 magis
849 370 1052 424 optandus
1088 384 1212 422 quam
1248 368 1474 423 sperandus

122 436 261 485 fuerit,
299 434 609 475 frumentarium
641 433 828 481 divitem,
865 431 1023 472 bilibris
1054 430 1173 472 farris
1206 445 1393 484 sperasse
1429 430 1477 470 li-

123 498 321 538 bertatem
354 510 397 537 se
428 495 580 536 civium
611 509 778 535 suorum
803 493 953 534 emisse
979 492 1151 545 ciboque
1176 491 1390 533 obiciendo
1415 507 1478 532 ra-

123 566 209 599 tum
234 559 430 599 victorem
454 557 720 597 finitimorum
744 555 926 596 omnium
951 554 1149 609 populum
1173 554 1216 594 in
1241 553 1478 595 servitutem

123 620 265 675 perlici
293 633 435 674 posse,
473 624 518 658 ut
548 632 670 671 quem
702 623 931 658 senatorem
962 629 1214 669 concoquere
1241 615 1383 656 civitas
1409 615 1478 655 vix

123 688 282 737 posset,
314 695 455 735 regem
479 679 621 728 ferret,
646 678 815 719 Romuli
839 677 1077 727 conditoris,
1110 677 1162 718 ab
1187 677 1264 718 diis
1291 677 1385 726 orti,
1416 691 1479 717 re-

126 744 233 798 cepti
263 743 316 783 ad
348 743 465 790 deos,
503 741 682 795 insignia
712 747 833 793 atque
863 739 1081 794 imperium
1110 738 1343 779 habentem.
1396 753 1480 779 non

124 820 198 860 pro
235 804 387 846 scelere
422 804 464 844 id
500 803 632 858 magis
669 816 793 855 quam
822 816 896 856 pro
926 807 1109 842 monstro
1138 800 1373 841 habendum
1403 814 1478 841 nec

125 867 223 908 satis
257 881 348 907 esse
375 865 574 920 sanguine
600 864 687 905 eius
713 863 940 918 expiatum,
972 862 1052 903 nisi
1076 868 1183 903 tecta
1206 862 1477 917 parietesque,

123 930 229 969 intra
254 942 359 982 quae
384 934 540 968 tantum
568 926 768 967 amentiae
799 930 1042 979 conceptum
1073 930 1199 973 esset,
1232 924 1481 978 dissiparen-

125 998 190 1031 tur
214 990 403 1043 bonaque
429 994 615 1029 contacta
639 987 778 1041 pretiis
802 986 918 1041 regni
938 985 1144 1026 mercandi
1163 985 1478 1040 publicarentur.

124 1051 265 1093 iubere
288 1052 444 1104 itaque,
471 1056 708 1104 quaestores
732 1049 908 1090 vendere
935 1063 982 1089 ea
1007 1047 1115 1088 bona
1141 1054 1263 1101 atque
1287 1047 1329 1087 in
1348 1047 1482 1101 publi-

128 1129 221 1154 cum
246 1113 444 1168 redigere.

207 1174 333 1215 XVI.
381 1173 566 1214 Domum
592 1172 756 1220 deinde,
790 1178 834 1212 ut
858 1177 1123 1211 monumento
1148 1183 1243 1209 area
1267 1176 1377 1210 esset
1407 1183 1480 1222 op-

124 1251 291 1291 pressae
326 1235 506 1276 nefariae
543 1234 649 1288 spei,
687 1233 792 1274 dirui
829 1232 1036 1286 extemplo
1071 1231 1203 1272 iussit.
1251 1231 1294 1271 id
1323 1229 1481 1284 Aequi-

124 1298 316 1339 maelium
348 1296 596 1351 appellatum
630 1301 703 1337 est.
752 1295 806 1335 L.
832 1294 1044 1334 Minucius
1069 1293 1175 1334 bove
1201 1299 1342 1334 aurato
1367 1300 1480 1333 extra

123 1365 282 1414 portam
320 1358 577 1413 trigeminam
608 1363 670 1398 est
699 1356 874 1398 donatus
906 1371 956 1397 ne
986 1355 1107 1410 plebe
1137 1355 1304 1409 quidem
1340 1355 1479 1403 invita,

124 1421 219 1475 quia
238 1420 488 1460 frumentum
506 1419 762 1460 Maelianum
783 1418 946 1460 assibus
966 1418 1008 1458 in
1032 1417 1192 1459 modios
1219 1417 1479 1472 aestimatum

124 1482 232 1537 plebi
246 1481 395 1522 divisit.
422 1481 530 1522 hunc
543 1481 775 1521 Minucium
791 1481 900 1535 apud
919 1480 1122 1534 quosdam
1141 1486 1328 1521 auctores
1350 1486 1481 1520 trans-

123 1545 205 1585 isse
231 1558 255 1584 a
277 1542 462 1597 patribus
489 1543 541 1583 ad
567 1542 731 1597 plebem
753 1542 1100 1595 undecimumque
1119 1541 1328 1582 tribunum
1346 1541 1480 1595 plebis

124 1610 360 1658 cooptatum
392 1604 633 1644 seditionem
664 1611 817 1644 motam
849 1618 900 1644 ex
923 1603 1134 1644 Maeliana
1164 1603 1289 1644 caede
1315 1603 1483 1643 sedasse

125 1666 302 1706 invenio.
352 1672 533 1706 ceterum
557 1666 629 1706 vix
653 1665 846 1706 credibile
872 1672 952 1714 est,
984 1679 1201 1705 numerum
1226 1663 1483 1705 tribunorum

124 1735 261 1782 patres
287 1727 429 1783 augeri
452 1742 599 1781 passos
623 1728 748 1780 idque
772 1727 1034 1781 potissimum
1060 1726 1294 1780 exemplum
1320 1740 1342 1765 a
1360 1725 1484 1779 patri-

127 1790 189 1830 cio
213 1789 378 1829 homine
402 1789 679 1830 introductum
688 1806 698 1838 3
724 1804 799 1829 nec
819 1789 966 1829 deinde
985 1789 1028 1828 id
1050 1787 1215 1842 plebem
1241 1801 1484 1828 concessum

129 1850 256 1892 semel
280 1850 506 1890 obtinuisse
532 1857 601 1891 aut
627 1857 734 1891 certe
759 1856 995 1904 temptasse.
1046 1849 1119 1890 sed
1145 1856 1237 1889 ante
1262 1848 1399 1889 omnia
1421 1862 1485 1888 re-

131 1911 235 1952 fellit
259 1911 411 1952 falsum
435 1911 628 1966 imaginis
654 1911 815 1951 titulum
840 1911 982 1965 paucis
1009 1917 1103 1951 ante
1129 1910 1246 1951 annis
1271 1909 1363 1964 lege
1389 1923 1484 1950 cau-

129 1981 234 2022 tum,
262 1987 312 2013 ne
338 1972 511 2014 tribunis
538 1973 739 2028 collegam
764 1979 955 2027 cooptare
979 1972 1131 2013 liceret.
1182 1971 1234 2024 Q.
1263 1970 1482 2020 Caecilius,

132 2034 183 2087 Q.
204 2034 369 2083 Iunius,
398 2033 495 2075 Sex.
511 2034 687 2075 Titinius
709 2034 784 2075 soli
804 2049 854 2075 ex
874 2034 1046 2089 collegio
1071 2034 1327 2075 tribunorum
1351 2047 1483 2086 neque

130 2097 306 2137 tulerant
330 2096 380 2137 de
405 2096 629 2137 honoribus
648 2096 809 2137 Minuci
834 2096 969 2151 legem
995 2104 1034 2137 et
1055 2096 1259 2137 criminari
1277 2110 1385 2136 nunc
1402 2093 1487 2135 Mi-

130 2159 297 2199 nucium
328 2172 437 2198 nunc
465 2157 685 2200 Servilium
716 2158 826 2212 apud
855 2157 1019 2213 plebem
1050 2158 1247 2211 querique
1272 2157 1485 2211 indignam

131 2235 274 2261 necem
298 2219 442 2260 Maelii
472 2235 554 2261 non
586 2220 836 2260 destiterant.
884 2219 1143 2274 pervicerunt
1174 2219 1316 2274 igitur,
1347 2224 1392 2259 ut
1416 2218 1485 2259 tri-

131 2282 335 2323 bunorum
359 2282 534 2322 militum
558 2282 694 2335 potius
720 2296 845 2335 quam
870 2281 1085 2322 consulum
1106 2281 1269 2322 comitia
1287 2280 1486 2321 haberen-

133 2352 209 2393 tur,
234 2343 334 2384 haut
359 2343 490 2391 dubii,
517 2343 614 2396 quin
641 2358 714 2384 sex
738 2344 839 2385 locis
854 2350 980 2385 —tot
1005 2343 1113 2384 enim
1137 2343 1219 2383 iam
1245 2342 1372 2383 creari
1389 2342 1486 2383 lice-

131 2405 201 2446 bat
219 2430 273 2434 —
292 2411 332 2445 et
348 2404 498 2459 plebeii
518 2405 643 2458 aliqui
662 2405 891 2459 profitendo
913 2420 956 2446 se
975 2405 1126 2446 ultores
1145 2404 1233 2446 fore
1252 2403 1484 2445 Maelianae

132 2467 269 2507 caedis
295 2473 538 2507 crearentur.

214 2527 340 2569 Plebs
366 2543 615 2582 quamquam
640 2529 791 2584 agitata
816 2530 954 2570 multis
981 2544 1029 2569 eo
1055 2543 1161 2570 anno
1188 2534 1227 2569 et
1252 2528 1374 2569 variis
1400 2542 1485 2568 mo-

132 2590 239 2631 tibus
271 2596 373 2639 erat,
411 2605 486 2631 nec
515 2591 653 2645 plures
684 2606 808 2645 quam
838 2599 919 2632 tres
951 2591 1136 2632 tribunos
1173 2590 1378 2631 consulari
1412 2604 1485 2644 po-

132 2658 277 2692 testate
308 2652 460 2693 creavit
490 2661 529 2693 et
560 2653 602 2693 in
632 2653 695 2694 his
726 2654 780 2694 L.
809 2653 1050 2706 Quinctium
1076 2652 1312 2694 Cincinnati
1341 2652 1482 2700 filium,

132 2727 183 2753 ex
207 2713 323 2754 cuius
349 2713 571 2755 dictaturae
596 2715 750 2756 invidia
776 2715 974 2756 tumultus
1000 2714 1283 2768 quaerebatur.
1326 2713 1482 2768 praela-

201 2791 265 2817 Livi
286 2791 338 2817 ι-οι.
355 2790 375 2816 l.
1214 2779 1258 2812 14

1505 629 1520 656 *Ι

1513 2543 1528 2571 ⁶⁸1

1509 2726 1527 2756 S
