<?xml version="1.0" encoding="UTF-8"?>
<!DOCTYPE html PUBLIC "-//W3C//DTD XHTML 1.0 Transitional//EN"
    "http://www.w3.org/TR/xhtml1/DTD/xhtml1-transitional.dtd">
<html xmlns="http://www.w3.org/1999/xhtml" xml:lang="en" lang="en">
 <head>
  <title>
</title>
<meta http-equiv="Content-Type" content="text/html;charset=utf-8" />
  <meta name='ocr-system' content='tesseract 3.04.00' />
  <meta name='ocr-capabilities' content='ocr_page ocr_carea ocr_par ocr_line ocrx_word'/>
</head>
<body>
  <div class='ocr_page' id='page_1' title='image "./aburbeconditalib01livyuoft_0218.png"; bbox 0 0 1835 3226; ppageno 0'>
   <div class='ocr_carea' id='block_1_1' title="bbox 303 217 1302 268">
    <p class='ocr_par' dir='ltr' id='par_1_1' title="bbox 303 217 1302 268">
     <span class='ocr_line' id='line_1_1' title="bbox 303 217 1302 268; baseline 0 -10"><span class='ocrx_word' id='word_1_1' title='bbox 303 217 357 258; x_wconf 82' lang='grc'>86</span> <span class='ocrx_word' id='word_1_2' title='bbox 651 224 803 258; x_wconf 82' lang='lat' dir='ltr'><strong>LIBER</strong></span> <span class='ocrx_word' id='word_1_3' title='bbox 828 224 883 268; x_wconf 88' lang='lat'>11,</span> <span class='ocrx_word' id='word_1_4' title='bbox 908 224 962 257; x_wconf 75' lang='lat'>24.</span> <span class='ocrx_word' id='word_1_5' title='bbox 983 223 1036 257; x_wconf 75' lang='lat'>25.</span> <span class='ocrx_word' id='word_1_6' title='bbox 1065 224 1302 267; x_wconf 74' lang='lat' dir='ltr'>[a.u.e.259]</span> 
     </span>
    </p>
   </div>
   <div class='ocr_carea' id='block_1_2' title="bbox 251 326 1658 2720">
    <p class='ocr_par' dir='ltr' id='par_1_2' title="bbox 301 326 1653 442">
     <span class='ocr_line' id='line_1_2' title="bbox 303 326 1653 382; baseline 0 -13"><span class='ocrx_word' id='word_1_7' title='bbox 303 339 405 377; x_wconf 85' lang='lat' dir='ltr'>erat,</span> <span class='ocrx_word' id='word_1_8' title='bbox 443 341 577 375; x_wconf 86' lang='lat' dir='ltr'>orare,</span> <span class='ocrx_word' id='word_1_9' title='bbox 615 335 659 367; x_wconf 91' lang='lat' dir='ltr'>ut</span> <span class='ocrx_word' id='word_1_10' title='bbox 691 326 814 367; x_wconf 88' lang='lat' dir='ltr'>tantis</span> <span class='ocrx_word' id='word_1_11' title='bbox 846 326 1167 367; x_wconf 78' lang='lat' dir='ltr'>circumventam</span> <span class='ocrx_word' id='word_1_12' title='bbox 1198 326 1419 368; x_wconf 87' lang='lat' dir='ltr'>terroribus</span> <span class='ocrx_word' id='word_1_13' title='bbox 1445 328 1653 382; x_wconf 83' lang='lat' dir='ltr'>expediret</span> 
     </span>
     <span class='ocr_line' id='line_1_3' title="bbox 301 388 632 442; baseline -0.003 -13"><span class='ocrx_word' id='word_1_14' title='bbox 301 404 387 430; x_wconf 85' lang='lat' dir='ltr'>rem</span> <span class='ocrx_word' id='word_1_15' title='bbox 411 388 632 442; x_wconf 84' lang='lat' dir='ltr'>publicam.</span> 
     </span>
    </p>

    <p class='ocr_par' dir='ltr' id='par_1_3' title="bbox 256 450 1658 1046">
     <span class='ocr_line' id='line_1_4' title="bbox 386 450 1656 505; baseline 0.002 -15"><span class='ocrx_word' id='word_1_16' title='bbox 386 450 494 490; x_wconf 92' lang='lat' dir='ltr'>Tum</span> <span class='ocrx_word' id='word_1_17' title='bbox 531 450 676 491; x_wconf 92' lang='lat' dir='ltr'>consul</span> <span class='ocrx_word' id='word_1_18' title='bbox 711 450 839 491; x_wconf 88' lang='lat' dir='ltr'>misso</span> <span class='ocrx_word' id='word_1_19' title='bbox 876 458 1021 491; x_wconf 84' lang='lat' dir='ltr'>senatu</span> <span class='ocrx_word' id='word_1_20' title='bbox 1056 451 1099 491; x_wconf 86' lang='lat' dir='ltr'>in</span> <span class='ocrx_word' id='word_1_21' title='bbox 1129 451 1362 491; x_wconf 86' lang='lat' dir='ltr'>contionem</span> <span class='ocrx_word' id='word_1_22' title='bbox 1398 451 1544 505; x_wconf 86' lang='lat' dir='ltr'>prodit.</span> <span class='ocrx_word' id='word_1_23' title='bbox 1598 451 1656 493; x_wconf 91' lang='lat' dir='ltr'>ibi</span> 
     </span>
     <span class='ocr_line' id='line_1_5' title="bbox 301 511 1654 566; baseline 0.001 -15"><span class='ocrx_word' id='word_1_24' title='bbox 301 525 420 552; x_wconf 87' lang='lat' dir='ltr'>curae</span> <span class='ocrx_word' id='word_1_25' title='bbox 445 525 537 552; x_wconf 88' lang='lat' dir='ltr'>esse</span> <span class='ocrx_word' id='word_1_26' title='bbox 562 511 748 565; x_wconf 86' lang='lat' dir='ltr'>patribus</span> <span class='ocrx_word' id='word_1_27' title='bbox 774 512 966 561; x_wconf 87' lang='lat' dir='ltr'>ostendit,</span> <span class='ocrx_word' id='word_1_28' title='bbox 991 519 1037 552; x_wconf 91' lang='lat' dir='ltr'>ut</span> <span class='ocrx_word' id='word_1_29' title='bbox 1062 512 1300 553; x_wconf 77' lang='lat' dir='ltr'>consulatur</span> <span class='ocrx_word' id='word_1_30' title='bbox 1323 512 1447 566; x_wconf 89' lang='lat' dir='ltr'>plebi,</span> <span class='ocrx_word' id='word_1_31' title='bbox 1474 520 1654 553; x_wconf 89' lang='lat' dir='ltr'>ceterum</span> 
     </span>
     <span class='ocr_line' id='line_1_6' title="bbox 300 572 1657 628; baseline 0.001 -15"><span class='ocrx_word' id='word_1_32' title='bbox 300 572 581 614; x_wconf 84' lang='lat' dir='ltr'>deliberationi</span> <span class='ocrx_word' id='word_1_33' title='bbox 601 573 652 614; x_wconf 88' lang='lat' dir='ltr'>de</span> <span class='ocrx_word' id='word_1_34' title='bbox 677 574 857 614; x_wconf 88' lang='lat' dir='ltr'>maxima</span> <span class='ocrx_word' id='word_1_35' title='bbox 878 574 1043 627; x_wconf 90' lang='lat' dir='ltr'>quidem</span> <span class='ocrx_word' id='word_1_36' title='bbox 1063 573 1145 622; x_wconf 88' lang='lat' dir='ltr'>illa,</span> <span class='ocrx_word' id='word_1_37' title='bbox 1168 574 1242 615; x_wconf 88' lang='lat' dir='ltr'>sed</span> <span class='ocrx_word' id='word_1_38' title='bbox 1260 581 1398 614; x_wconf 88' lang='lat' dir='ltr'>tamen</span> <span class='ocrx_word' id='word_1_39' title='bbox 1420 582 1537 628; x_wconf 84' lang='lat' dir='ltr'>parte</span> <span class='ocrx_word' id='word_1_40' title='bbox 1557 574 1657 616; x_wconf 75' lang='lat' dir='ltr'>civi-</span> 
     </span>
     <span class='ocr_line' id='line_1_7' title="bbox 256 634 1657 690; baseline 0.001 -16"><span class='ocrx_word' id='word_1_41' title='bbox 256 649 270 674; x_wconf 66' lang='lat'>‚⁷</span> <span class='ocrx_word' id='word_1_42' title='bbox 301 634 395 675; x_wconf 85' lang='lat' dir='ltr'>tatis</span> <span class='ocrx_word' id='word_1_43' title='bbox 434 642 589 675; x_wconf 90' lang='lat' dir='ltr'>metum</span> <span class='ocrx_word' id='word_1_44' title='bbox 624 649 699 689; x_wconf 91' lang='lat' dir='ltr'>pro</span> <span class='ocrx_word' id='word_1_45' title='bbox 734 636 928 676; x_wconf 77' lang='lat' dir='ltr'>universa</span> <span class='ocrx_word' id='word_1_46' title='bbox 962 650 1006 676; x_wconf 87' lang='lat' dir='ltr'>re</span> <span class='ocrx_word' id='word_1_47' title='bbox 1042 635 1209 690; x_wconf 88' lang='lat' dir='ltr'>publica</span> <span class='ocrx_word' id='word_1_48' title='bbox 1242 636 1525 677; x_wconf 81' lang='lat' dir='ltr'>intervenisse.</span> <span class='ocrx_word' id='word_1_49' title='bbox 1580 650 1657 677; x_wconf 91' lang='lat' dir='ltr'>nec</span> 
     </span>
     <span class='ocr_line' id='line_1_8' title="bbox 298 696 1657 752; baseline 0.001 -16"><span class='ocrx_word' id='word_1_50' title='bbox 298 710 435 750; x_wconf 87' lang='lat' dir='ltr'>posse,</span> <span class='ocrx_word' id='word_1_51' title='bbox 462 711 557 737; x_wconf 90' lang='lat' dir='ltr'>cum</span> <span class='ocrx_word' id='word_1_52' title='bbox 581 696 723 739; x_wconf 87' lang='lat' dir='ltr'>hostes</span> <span class='ocrx_word' id='word_1_53' title='bbox 747 712 875 752; x_wconf 87' lang='lat' dir='ltr'>prope</span> <span class='ocrx_word' id='word_1_54' title='bbox 901 697 954 738; x_wconf 88' lang='lat' dir='ltr'>ad</span> <span class='ocrx_word' id='word_1_55' title='bbox 978 705 1117 751; x_wconf 86' lang='lat' dir='ltr'>portas</span> <span class='ocrx_word' id='word_1_56' title='bbox 1143 705 1294 746; x_wconf 83' lang='lat' dir='ltr'>essent,</span> <span class='ocrx_word' id='word_1_57' title='bbox 1319 697 1428 738; x_wconf 91' lang='lat' dir='ltr'>bello</span> <span class='ocrx_word' id='word_1_58' title='bbox 1452 697 1657 752; x_wconf 77' lang='lat' dir='ltr'>praeverti</span> 
     </span>
     <span class='ocr_line' id='line_1_9' title="bbox 298 758 1657 813; baseline 0.001 -16"><span class='ocrx_word' id='word_1_59' title='bbox 298 758 532 811; x_wconf 89' lang='lat' dir='ltr'>quiequam,</span> <span class='ocrx_word' id='word_1_60' title='bbox 557 772 646 807; x_wconf 91' lang='lat' dir='ltr'>nec,</span> <span class='ocrx_word' id='word_1_61' title='bbox 673 759 708 799; x_wconf 91' lang='lat' dir='ltr'>si</span> <span class='ocrx_word' id='word_1_62' title='bbox 726 759 779 799; x_wconf 88' lang='lat' dir='ltr'>sit</span> <span class='ocrx_word' id='word_1_63' title='bbox 796 758 1019 800; x_wconf 79' lang='lat' dir='ltr'>laxamenti</span> <span class='ocrx_word' id='word_1_64' title='bbox 1038 758 1205 812; x_wconf 89' lang='lat' dir='ltr'>aliquid,</span> <span class='ocrx_word' id='word_1_65' title='bbox 1226 766 1296 800; x_wconf 88' lang='lat' dir='ltr'>aut</span> <span class='ocrx_word' id='word_1_66' title='bbox 1314 758 1425 813; x_wconf 91' lang='lat' dir='ltr'>plebi</span> <span class='ocrx_word' id='word_1_67' title='bbox 1438 758 1657 800; x_wconf 86' lang='lat' dir='ltr'>honestum</span> 
     </span>
     <span class='ocr_line' id='line_1_10' title="bbox 299 820 1658 876; baseline 0.001 -16"><span class='ocrx_word' id='word_1_68' title='bbox 299 833 410 868; x_wconf 89' lang='lat' dir='ltr'>esse,</span> <span class='ocrx_word' id='word_1_69' title='bbox 441 820 522 860; x_wconf 87' lang='lat' dir='ltr'>nisi</span> <span class='ocrx_word' id='word_1_70' title='bbox 551 821 739 861; x_wconf 85' lang='lat' dir='ltr'>mercede</span> <span class='ocrx_word' id='word_1_71' title='bbox 763 821 877 875; x_wconf 89' lang='lat' dir='ltr'>prius</span> <span class='ocrx_word' id='word_1_72' title='bbox 903 828 1072 875; x_wconf 79' lang='lat' dir='ltr'>accepta¹</span> <span class='ocrx_word' id='word_1_73' title='bbox 1096 836 1209 862; x_wconf 89' lang='lat' dir='ltr'>arma</span> <span class='ocrx_word' id='word_1_74' title='bbox 1232 836 1307 876; x_wconf 91' lang='lat' dir='ltr'>pro</span> <span class='ocrx_word' id='word_1_75' title='bbox 1332 821 1461 875; x_wconf 86' lang='lat' dir='ltr'>patria</span> <span class='ocrx_word' id='word_1_76' title='bbox 1485 835 1568 861; x_wconf 91' lang='lat' dir='ltr'>non</span> <span class='ocrx_word' id='word_1_77' title='bbox 1591 835 1658 862; x_wconf 90' lang='lat' dir='ltr'>ce-</span> 
     </span>
     <span class='ocr_line' id='line_1_11' title="bbox 297 881 1656 937; baseline 0.001 -16"><span class='ocrx_word' id='word_1_78' title='bbox 297 881 427 935; x_wconf 82' lang='lat' dir='ltr'>pisse,</span> <span class='ocrx_word' id='word_1_79' title='bbox 464 896 597 935; x_wconf 84' lang='lat' dir='ltr'>neque</span> <span class='ocrx_word' id='word_1_80' title='bbox 627 882 813 936; x_wconf 85' lang='lat' dir='ltr'>patribus</span> <span class='ocrx_word' id='word_1_81' title='bbox 845 883 945 924; x_wconf 89' lang='lat' dir='ltr'>satis</span> <span class='ocrx_word' id='word_1_82' title='bbox 978 883 1190 932; x_wconf 88' lang='lat' dir='ltr'>decorum,</span> <span class='ocrx_word' id='word_1_83' title='bbox 1227 897 1301 937; x_wconf 90' lang='lat' dir='ltr'>per</span> <span class='ocrx_word' id='word_1_84' title='bbox 1330 889 1485 923; x_wconf 85' lang='lat' dir='ltr'>metum</span> <span class='ocrx_word' id='word_1_85' title='bbox 1520 883 1656 937; x_wconf 87' lang='lat' dir='ltr'>potius</span> 
     </span>
     <span class='ocr_line' id='line_1_12' title="bbox 298 944 1656 997; baseline 0.002 -15"><span class='ocrx_word' id='word_1_86' title='bbox 298 957 422 996; x_wconf 87' lang='lat' dir='ltr'>quam</span> <span class='ocrx_word' id='word_1_87' title='bbox 440 944 658 997; x_wconf 88' lang='lat' dir='ltr'>postmodo</span> <span class='ocrx_word' id='word_1_88' title='bbox 678 944 887 985; x_wconf 77' lang='lat' dir='ltr'>voluntate</span> <span class='ocrx_word' id='word_1_89' title='bbox 913 944 1085 986; x_wconf 89' lang='lat' dir='ltr'>adflictis</span> <span class='ocrx_word' id='word_1_90' title='bbox 1112 945 1263 985; x_wconf 79' lang='lat' dir='ltr'>civium</span> <span class='ocrx_word' id='word_1_91' title='bbox 1288 959 1457 986; x_wconf 86' lang='lat' dir='ltr'>suorum</span> <span class='ocrx_word' id='word_1_92' title='bbox 1481 944 1656 986; x_wconf 88' lang='lat' dir='ltr'>fortunis</span> 
     </span>
     <span class='ocr_line' id='line_1_13' title="bbox 299 1004 574 1046; baseline 0.007 -2"><span class='ocrx_word' id='word_1_93' title='bbox 299 1004 574 1046; x_wconf 64' lang='lat' dir='ltr'>consuluisse·</span> 
     </span>
    </p>

    <p class='ocr_par' dir='ltr' id='par_1_4' title="bbox 254 1065 1657 1796">
     <span class='ocr_line' id='line_1_14' title="bbox 385 1065 1657 1122; baseline 0.002 -16"><span class='ocrx_word' id='word_1_94' title='bbox 385 1065 581 1107; x_wconf 92' lang='lat' dir='ltr'>Contioni</span> <span class='ocrx_word' id='word_1_95' title='bbox 605 1067 753 1109; x_wconf 90' lang='lat' dir='ltr'>deinde</span> <span class='ocrx_word' id='word_1_96' title='bbox 778 1068 912 1110; x_wconf 89' lang='lat' dir='ltr'>edicto</span> <span class='ocrx_word' id='word_1_97' title='bbox 943 1069 1100 1110; x_wconf 76' lang='lat' dir='ltr'>addidit</span> <span class='ocrx_word' id='word_1_98' title='bbox 1129 1069 1273 1118; x_wconf 91' lang='lat' dir='ltr'>fidem,</span> <span class='ocrx_word' id='word_1_99' title='bbox 1311 1083 1392 1122; x_wconf 93' lang='lat' dir='ltr'>quo</span> <span class='ocrx_word' id='word_1_100' title='bbox 1423 1067 1567 1117; x_wconf 76' lang='lat' dir='ltr'>edixit,</span> <span class='ocrx_word' id='word_1_101' title='bbox 1605 1082 1657 1109; x_wconf 91' lang='lat' dir='ltr'>nc</span> 
     </span>
     <span class='ocr_line' id='line_1_15' title="bbox 300 1127 1657 1182; baseline 0.002 -15"><span class='ocrx_word' id='word_1_102' title='bbox 300 1127 392 1180; x_wconf 89' lang='lat' dir='ltr'>quis</span> <span class='ocrx_word' id='word_1_103' title='bbox 419 1128 550 1168; x_wconf 82' lang='lat' dir='ltr'>civem</span> <span class='ocrx_word' id='word_1_104' title='bbox 575 1128 812 1170; x_wconf 85' lang='lat' dir='ltr'>Romanum</span> <span class='ocrx_word' id='word_1_105' title='bbox 836 1130 1021 1171; x_wconf 74' lang='lat' dir='ltr'>vinctum</span> <span class='ocrx_word' id='word_1_106' title='bbox 1046 1137 1115 1171; x_wconf 90' lang='lat' dir='ltr'>aut</span> <span class='ocrx_word' id='word_1_107' title='bbox 1146 1130 1332 1171; x_wconf 88' lang='lat' dir='ltr'>clausum</span> <span class='ocrx_word' id='word_1_108' title='bbox 1363 1136 1537 1179; x_wconf 89' lang='lat' dir='ltr'>teneret,</span> <span class='ocrx_word' id='word_1_109' title='bbox 1575 1143 1657 1182; x_wconf 91' lang='lat' dir='ltr'>quo</span> 
     </span>
     <span class='ocr_line' id='line_1_16' title="bbox 300 1188 1656 1245; baseline 0.001 -17"><span class='ocrx_word' id='word_1_110' title='bbox 300 1188 434 1230; x_wconf 86' lang='lat' dir='ltr'>minus</span> <span class='ocrx_word' id='word_1_111' title='bbox 456 1189 493 1229; x_wconf 90' lang='lat' dir='ltr'>ei</span> <span class='ocrx_word' id='word_1_112' title='bbox 511 1190 686 1231; x_wconf 89' lang='lat' dir='ltr'>nominis</span> <span class='ocrx_word' id='word_1_113' title='bbox 707 1191 856 1231; x_wconf 88' lang='lat' dir='ltr'>edendi</span> <span class='ocrx_word' id='word_1_114' title='bbox 875 1191 986 1245; x_wconf 87' lang='lat' dir='ltr'>apud</span> <span class='ocrx_word' id='word_1_115' title='bbox 1005 1191 1195 1232; x_wconf 84' lang='lat' dir='ltr'>consules</span> <span class='ocrx_word' id='word_1_116' title='bbox 1213 1198 1397 1245; x_wconf 86' lang='lat' dir='ltr'>potestas</span> <span class='ocrx_word' id='word_1_117' title='bbox 1417 1191 1549 1239; x_wconf 89' lang='lat' dir='ltr'>fieret,</span> <span class='ocrx_word' id='word_1_118' title='bbox 1576 1204 1656 1230; x_wconf 89' lang='lat' dir='ltr'>neu</span> 
     </span>
     <span class='ocr_line' id='line_1_17' title="bbox 298 1249 1655 1306; baseline 0.001 -17"><span class='ocrx_word' id='word_1_119' title='bbox 298 1249 390 1303; x_wconf 90' lang='lat' dir='ltr'>quis</span> <span class='ocrx_word' id='word_1_120' title='bbox 420 1250 579 1299; x_wconf 87' lang='lat' dir='ltr'>militis,</span> <span class='ocrx_word' id='word_1_121' title='bbox 617 1251 748 1292; x_wconf 88' lang='lat' dir='ltr'>donee</span> <span class='ocrx_word' id='word_1_122' title='bbox 778 1252 821 1292; x_wconf 91' lang='lat' dir='ltr'>in</span> <span class='ocrx_word' id='word_1_123' title='bbox 851 1252 995 1293; x_wconf 85' lang='lat' dir='ltr'>castris</span> <span class='ocrx_word' id='word_1_124' title='bbox 1027 1260 1153 1300; x_wconf 91' lang='lat' dir='ltr'>esset,</span> <span class='ocrx_word' id='word_1_125' title='bbox 1191 1252 1299 1293; x_wconf 90' lang='lat' dir='ltr'>bona</span> <span class='ocrx_word' id='word_1_126' title='bbox 1326 1251 1556 1306; x_wconf 82' lang='lat' dir='ltr'>possideret</span> <span class='ocrx_word' id='word_1_127' title='bbox 1586 1259 1655 1292; x_wconf 91' lang='lat' dir='ltr'>aut</span> 
     </span>
     <span class='ocr_line' id='line_1_18' title="bbox 298 1311 1655 1368; baseline 0.001 -17"><span class='ocrx_word' id='word_1_128' title='bbox 298 1311 511 1361; x_wconf 81' lang='lat' dir='ltr'>venderet,</span> <span class='ocrx_word' id='word_1_129' title='bbox 537 1311 688 1354; x_wconf 90' lang='lat' dir='ltr'>liberos</span> <span class='ocrx_word' id='word_1_130' title='bbox 712 1321 937 1368; x_wconf 76' lang='lat' dir='ltr'>nepotesve</span> <span class='ocrx_word' id='word_1_131' title='bbox 963 1314 1050 1354; x_wconf 88' lang='lat' dir='ltr'>eius</span> <span class='ocrx_word' id='word_1_132' title='bbox 1071 1321 1309 1355; x_wconf 87' lang='lat' dir='ltr'>moraretur.</span> <span class='ocrx_word' id='word_1_133' title='bbox 1347 1313 1424 1354; x_wconf 91' lang='lat' dir='ltr'>hoc</span> <span class='ocrx_word' id='word_1_134' title='bbox 1445 1313 1655 1367; x_wconf 85' lang='lat' dir='ltr'>proposito</span> 
     </span>
     <span class='ocr_line' id='line_1_19' title="bbox 299 1372 1654 1430; baseline 0.001 -17"><span class='ocrx_word' id='word_1_135' title='bbox 299 1372 433 1414; x_wconf 89' lang='lat' dir='ltr'>edicto</span> <span class='ocrx_word' id='word_1_136' title='bbox 470 1382 510 1414; x_wconf 95' lang='lat' dir='ltr'>et</span> <span class='ocrx_word' id='word_1_137' title='bbox 546 1375 616 1428; x_wconf 90' lang='lat' dir='ltr'>qui</span> <span class='ocrx_word' id='word_1_138' title='bbox 648 1374 818 1416; x_wconf 88' lang='lat' dir='ltr'>aderant</span> <span class='ocrx_word' id='word_1_139' title='bbox 848 1376 943 1416; x_wconf 88' lang='lat' dir='ltr'>nexi</span> <span class='ocrx_word' id='word_1_140' title='bbox 973 1375 1155 1430; x_wconf 89' lang='lat' dir='ltr'>profiteri</span> <span class='ocrx_word' id='word_1_141' title='bbox 1185 1375 1390 1430; x_wconf 86' lang='lat' dir='ltr'>extemplo</span> <span class='ocrx_word' id='word_1_142' title='bbox 1420 1375 1586 1415; x_wconf 86' lang='lat' dir='ltr'>nomina</span> <span class='ocrx_word' id='word_1_143' title='bbox 1616 1382 1654 1415; x_wconf 89' lang='lat' dir='ltr'>et</span> 
     </span>
     <span class='ocr_line' id='line_1_20' title="bbox 298 1434 1654 1491; baseline 0.001 -17"><span class='ocrx_word' id='word_1_144' title='bbox 298 1434 479 1488; x_wconf 88' lang='lat' dir='ltr'>undique</span> <span class='ocrx_word' id='word_1_145' title='bbox 516 1449 567 1476; x_wconf 85' lang='lat' dir='ltr'>ex</span> <span class='ocrx_word' id='word_1_146' title='bbox 603 1443 688 1477; x_wconf 89' lang='lat' dir='ltr'>tota</span> <span class='ocrx_word' id='word_1_147' title='bbox 718 1436 819 1478; x_wconf 89' lang='lat' dir='ltr'>urbe</span> <span class='ocrx_word' id='word_1_148' title='bbox 850 1437 1159 1491; x_wconf 88' lang='lat' dir='ltr'>proripientium</span> <span class='ocrx_word' id='word_1_149' title='bbox 1190 1452 1234 1478; x_wconf 87' lang='lat' dir='ltr'>se</span> <span class='ocrx_word' id='word_1_150' title='bbox 1264 1451 1315 1478; x_wconf 85' lang='lat' dir='ltr'>ex</span> <span class='ocrx_word' id='word_1_151' title='bbox 1345 1436 1523 1490; x_wconf 79' lang='lat' dir='ltr'>privato,</span> <span class='ocrx_word' id='word_1_152' title='bbox 1561 1450 1654 1476; x_wconf 86' lang='lat' dir='ltr'>cum</span> 
     </span>
     <span class='ocr_line' id='line_1_21' title="bbox 297 1496 1655 1547; baseline 0.001 -11"><span class='ocrx_word' id='word_1_153' title='bbox 297 1496 500 1537; x_wconf 87' lang='lat' dir='ltr'>retinendi</span> <span class='ocrx_word' id='word_1_154' title='bbox 528 1497 592 1538; x_wconf 88' lang='lat' dir='ltr'>ius</span> <span class='ocrx_word' id='word_1_155' title='bbox 624 1498 814 1539; x_wconf 79' lang='lat' dir='ltr'>creditori</span> <span class='ocrx_word' id='word_1_156' title='bbox 838 1513 920 1539; x_wconf 91' lang='lat' dir='ltr'>non</span> <span class='ocrx_word' id='word_1_157' title='bbox 945 1505 1072 1547; x_wconf 88' lang='lat' dir='ltr'>esset,</span> <span class='ocrx_word' id='word_1_158' title='bbox 1109 1513 1333 1540; x_wconf 83' lang='lat' dir='ltr'>concursus</span> <span class='ocrx_word' id='word_1_159' title='bbox 1358 1498 1401 1538; x_wconf 92' lang='lat' dir='ltr'>in</span> <span class='ocrx_word' id='word_1_160' title='bbox 1424 1497 1578 1546; x_wconf 88' lang='lat' dir='ltr'>forum,</span> <span class='ocrx_word' id='word_1_161' title='bbox 1612 1506 1655 1537; x_wconf 91' lang='lat' dir='ltr'>ut</span> 
     </span>
     <span class='ocr_line' id='line_1_22' title="bbox 254 1559 1653 1614; baseline 0.001 -17"><span class='ocrx_word' id='word_1_162' title='bbox 254 1586 259 1595; x_wconf 86' lang='grc'><strong>.</strong></span> <span class='ocrx_word' id='word_1_163' title='bbox 300 1565 556 1599; x_wconf 86' lang='lat' dir='ltr'>sacramento</span> <span class='ocrx_word' id='word_1_164' title='bbox 587 1559 786 1608; x_wconf 88' lang='lat' dir='ltr'>dicerent,</span> <span class='ocrx_word' id='word_1_165' title='bbox 823 1559 924 1600; x_wconf 89' lang='lat' dir='ltr'>ficri.</span> <span class='ocrx_word' id='word_1_166' title='bbox 974 1575 1127 1614; x_wconf 85' lang='lat' dir='ltr'>magna</span> <span class='ocrx_word' id='word_1_167' title='bbox 1156 1574 1205 1601; x_wconf 87' lang='lat' dir='ltr'>ea</span> <span class='ocrx_word' id='word_1_168' title='bbox 1235 1574 1381 1600; x_wconf 85' lang='lat' dir='ltr'>manus</span> <span class='ocrx_word' id='word_1_169' title='bbox 1412 1559 1489 1599; x_wconf 88' lang='lat' dir='ltr'>fuit</span> <span class='ocrx_word' id='word_1_170' title='bbox 1520 1573 1653 1612; x_wconf 86' lang='lat' dir='ltr'>neque</span> 
     </span>
     <span class='ocr_line' id='line_1_23' title="bbox 298 1618 1653 1674; baseline 0.001 -16"><span class='ocrx_word' id='word_1_171' title='bbox 298 1618 470 1659; x_wconf 89' lang='lat' dir='ltr'>aliorum</span> <span class='ocrx_word' id='word_1_172' title='bbox 500 1619 632 1674; x_wconf 83' lang='lat' dir='ltr'>magis</span> <span class='ocrx_word' id='word_1_173' title='bbox 663 1620 706 1660; x_wconf 91' lang='lat' dir='ltr'>in</span> <span class='ocrx_word' id='word_1_174' title='bbox 728 1619 884 1661; x_wconf 86' lang='lat' dir='ltr'>Volsco</span> <span class='ocrx_word' id='word_1_175' title='bbox 915 1619 1022 1661; x_wconf 86' lang='lat' dir='ltr'>bello</span> <span class='ocrx_word' id='word_1_176' title='bbox 1047 1620 1176 1661; x_wconf 75' lang='lat' dir='ltr'>virtus</span> <span class='ocrx_word' id='word_1_177' title='bbox 1203 1629 1324 1674; x_wconf 87' lang='lat' dir='ltr'>atque</span> <span class='ocrx_word' id='word_1_178' title='bbox 1349 1634 1473 1674; x_wconf 88' lang='lat' dir='ltr'>opera</span> <span class='ocrx_word' id='word_1_179' title='bbox 1498 1620 1653 1660; x_wconf 89' lang='lat' dir='ltr'>enituit.</span> 
     </span>
     <span class='ocr_line' id='line_1_24' title="bbox 298 1679 1655 1737; baseline 0.001 -18"><span class='ocrx_word' id='word_1_180' title='bbox 298 1679 442 1720; x_wconf 89' lang='lat' dir='ltr'>consul</span> <span class='ocrx_word' id='word_1_181' title='bbox 467 1681 606 1734; x_wconf 84' lang='lat' dir='ltr'>copias</span> <span class='ocrx_word' id='word_1_182' title='bbox 632 1688 773 1723; x_wconf 86' lang='lat' dir='ltr'>contra</span> <span class='ocrx_word' id='word_1_183' title='bbox 791 1681 954 1723; x_wconf 88' lang='lat' dir='ltr'>hostem</span> <span class='ocrx_word' id='word_1_184' title='bbox 974 1682 1127 1732; x_wconf 87' lang='lat' dir='ltr'>educit,</span> <span class='ocrx_word' id='word_1_185' title='bbox 1154 1697 1281 1737; x_wconf 77' lang='lat' dir='ltr'>parvo</span> <span class='ocrx_word' id='word_1_186' title='bbox 1300 1682 1513 1722; x_wconf 88' lang='lat' dir='ltr'>dirimente</span> <span class='ocrx_word' id='word_1_187' title='bbox 1532 1682 1655 1722; x_wconf 89' lang='lat' dir='ltr'>inter-</span> 
     </span>
     <span class='ocr_line' id='line_1_25' title="bbox 296 1740 716 1796; baseline 0.01 -17"><span class='ocrx_word' id='word_1_188' title='bbox 296 1740 405 1782; x_wconf 73' lang='lat' dir='ltr'>vallo</span> <span class='ocrx_word' id='word_1_189' title='bbox 430 1748 565 1782; x_wconf 84' lang='lat' dir='ltr'>castra</span> <span class='ocrx_word' id='word_1_190' title='bbox 588 1743 716 1796; x_wconf 87' lang='lat' dir='ltr'>ponit.</span> 
     </span>
    </p>

    <p class='ocr_par' dir='ltr' id='par_1_5' title="bbox 251 1801 1655 2720">
     <span class='ocr_line' id='line_1_26' title="bbox 381 1801 1655 1854; baseline 0.001 -11"><span class='ocrx_word' id='word_1_191' title='bbox 381 1801 533 1844; x_wconf 86' lang='lat' dir='ltr'><strong>XXV.</strong></span> <span class='ocrx_word' id='word_1_192' title='bbox 572 1803 770 1845; x_wconf 84' lang='lat' dir='ltr'>Proxima</span> <span class='ocrx_word' id='word_1_193' title='bbox 792 1804 889 1846; x_wconf 90' lang='lat' dir='ltr'>inde</span> <span class='ocrx_word' id='word_1_194' title='bbox 913 1812 1034 1846; x_wconf 87' lang='lat' dir='ltr'>nocte</span> <span class='ocrx_word' id='word_1_195' title='bbox 1052 1804 1216 1854; x_wconf 88' lang='lat' dir='ltr'>Volsci,</span> <span class='ocrx_word' id='word_1_196' title='bbox 1243 1804 1447 1846; x_wconf 84' lang='lat' dir='ltr'>discordia</span> <span class='ocrx_word' id='word_1_197' title='bbox 1466 1803 1655 1845; x_wconf 87' lang='lat' dir='ltr'>Romana</span> 
     </span>
     <span class='ocr_line' id='line_1_27' title="bbox 296 1863 1652 1920; baseline 0.001 -17"><span class='ocrx_word' id='word_1_198' title='bbox 296 1863 408 1912; x_wconf 89' lang='lat' dir='ltr'>freti,</span> <span class='ocrx_word' id='word_1_199' title='bbox 457 1864 492 1905; x_wconf 90' lang='lat' dir='ltr'>si</span> <span class='ocrx_word' id='word_1_200' title='bbox 534 1879 615 1918; x_wconf 88' lang='lat' dir='ltr'>qua</span> <span class='ocrx_word' id='word_1_201' title='bbox 656 1872 857 1907; x_wconf 83' lang='lat' dir='ltr'>nocturna</span> <span class='ocrx_word' id='word_1_202' title='bbox 893 1867 1078 1908; x_wconf 86' lang='lat' dir='ltr'>transitio</span> <span class='ocrx_word' id='word_1_203' title='bbox 1112 1866 1340 1920; x_wconf 79' lang='lat' dir='ltr'>proditiove</span> <span class='ocrx_word' id='word_1_204' title='bbox 1375 1865 1463 1906; x_wconf 89' lang='lat' dir='ltr'>fieri</span> <span class='ocrx_word' id='word_1_205' title='bbox 1498 1871 1652 1920; x_wconf 85' lang='lat' dir='ltr'>posset,</span> 
     </span>
     <span class='ocr_line' id='line_1_28' title="bbox 296 1927 1654 1983; baseline 0.001 -18"><span class='ocrx_word' id='word_1_206' title='bbox 296 1932 496 1980; x_wconf 84' lang='lat' dir='ltr'>temptant</span> <span class='ocrx_word' id='word_1_207' title='bbox 515 1934 661 1968; x_wconf 85' lang='lat' dir='ltr'>castra.</span> <span class='ocrx_word' id='word_1_208' title='bbox 701 1942 866 1969; x_wconf 88' lang='lat' dir='ltr'>sensere</span> <span class='ocrx_word' id='word_1_209' title='bbox 885 1928 1045 1983; x_wconf 76' lang='lat' dir='ltr'>vigiles,</span> <span class='ocrx_word' id='word_1_210' title='bbox 1072 1928 1272 1969; x_wconf 80' lang='lat' dir='ltr'>excitatus</span> <span class='ocrx_word' id='word_1_211' title='bbox 1292 1928 1509 1976; x_wconf 86' lang='lat' dir='ltr'>exercitus,</span> <span class='ocrx_word' id='word_1_212' title='bbox 1536 1927 1654 1982; x_wconf 83' lang='lat' dir='ltr'>signo</span> 
     </span>
     <span class='ocr_line' id='line_1_29' title="bbox 296 1986 1653 2042; baseline 0.001 -16"><span class='ocrx_word' id='word_1_213' title='bbox 296 1986 392 2027; x_wconf 89' lang='lat' dir='ltr'>dato</span> <span class='ocrx_word' id='word_1_214' title='bbox 429 2001 675 2029; x_wconf 89' lang='lat' dir='ltr'>concursum</span> <span class='ocrx_word' id='word_1_215' title='bbox 712 1996 774 2030; x_wconf 89' lang='lat' dir='ltr'>est</span> <span class='ocrx_word' id='word_1_216' title='bbox 810 1989 864 2030; x_wconf 87' lang='lat' dir='ltr'>ad</span> <span class='ocrx_word' id='word_1_217' title='bbox 899 2004 1024 2030; x_wconf 86' lang='lat' dir='ltr'>arma.</span> <span class='ocrx_word' id='word_1_218' title='bbox 1085 1989 1141 2030; x_wconf 88' lang='lat' dir='ltr'>ita</span> <span class='ocrx_word' id='word_1_219' title='bbox 1177 1989 1329 2030; x_wconf 89' lang='lat' dir='ltr'>frustra</span> <span class='ocrx_word' id='word_1_220' title='bbox 1366 1989 1409 2029; x_wconf 92' lang='lat' dir='ltr'>id</span> <span class='ocrx_word' id='word_1_221' title='bbox 1444 1989 1653 2042; x_wconf 87' lang='lat' dir='ltr'>inceptum</span> 
     </span>
     <span class='ocr_line' id='line_1_30' title="bbox 252 2047 1653 2104; baseline 0.001 -15"><span class='ocrx_word' id='word_1_222' title='bbox 252 2067 268 2089; x_wconf 88' lang='lat'>·.</span> <span class='ocrx_word' id='word_1_223' title='bbox 296 2047 462 2089; x_wconf 89' lang='lat' dir='ltr'>Volscis</span> <span class='ocrx_word' id='word_1_224' title='bbox 492 2047 588 2098; x_wconf 88' lang='lat' dir='ltr'>fuit,</span> <span class='ocrx_word' id='word_1_225' title='bbox 620 2049 790 2091; x_wconf 87' lang='lat' dir='ltr'>relicum</span> <span class='ocrx_word' id='word_1_226' title='bbox 819 2050 952 2091; x_wconf 84' lang='lat' dir='ltr'>noetis</span> <span class='ocrx_word' id='word_1_227' title='bbox 984 2050 1189 2104; x_wconf 88' lang='lat' dir='ltr'>utrimque</span> <span class='ocrx_word' id='word_1_228' title='bbox 1220 2051 1348 2103; x_wconf 83' lang='lat' dir='ltr'>quieti</span> <span class='ocrx_word' id='word_1_229' title='bbox 1377 2050 1531 2091; x_wconf 85' lang='lat' dir='ltr'>datum.</span> <span class='ocrx_word' id='word_1_230' title='bbox 1579 2064 1653 2104; x_wconf 88' lang='lat' dir='ltr'>po-</span> 
     </span>
     <span class='ocr_line' id='line_1_31' title="bbox 297 2110 1650 2166; baseline 0.001 -17"><span class='ocrx_word' id='word_1_231' title='bbox 297 2116 404 2150; x_wconf 86' lang='lat' dir='ltr'>stero</span> <span class='ocrx_word' id='word_1_232' title='bbox 424 2110 490 2150; x_wconf 84' lang='lat' dir='ltr'>die</span> <span class='ocrx_word' id='word_1_233' title='bbox 508 2110 642 2164; x_wconf 84' lang='lat' dir='ltr'>prima</span> <span class='ocrx_word' id='word_1_234' title='bbox 658 2111 750 2152; x_wconf 77' lang='lat' dir='ltr'>luce</span> <span class='ocrx_word' id='word_1_235' title='bbox 769 2111 913 2153; x_wconf 84' lang='lat' dir='ltr'>Volsci</span> <span class='ocrx_word' id='word_1_236' title='bbox 933 2111 1055 2153; x_wconf 88' lang='lat' dir='ltr'>fossis</span> <span class='ocrx_word' id='word_1_237' title='bbox 1074 2112 1241 2166; x_wconf 88' lang='lat' dir='ltr'>repletis</span> <span class='ocrx_word' id='word_1_238' title='bbox 1262 2112 1415 2152; x_wconf 77' lang='lat' dir='ltr'>vallum</span> <span class='ocrx_word' id='word_1_239' title='bbox 1440 2111 1650 2151; x_wconf 79' lang='lat' dir='ltr'>invadunt.</span> 
     </span>
     <span class='ocr_line' id='line_1_32' title="bbox 251 2171 1650 2226; baseline 0.001 -15"><span class='ocrx_word' id='word_1_240' title='bbox 251 2189 257 2211; x_wconf 88' lang='lat'>:</span> <span class='ocrx_word' id='word_1_241' title='bbox 294 2171 458 2224; x_wconf 86' lang='lat' dir='ltr'>iamque</span> <span class='ocrx_word' id='word_1_242' title='bbox 477 2171 530 2212; x_wconf 90' lang='lat' dir='ltr'>ab</span> <span class='ocrx_word' id='word_1_243' title='bbox 549 2172 660 2212; x_wconf 86' lang='lat' dir='ltr'>omni</span> <span class='ocrx_word' id='word_1_244' title='bbox 679 2180 794 2226; x_wconf 87' lang='lat' dir='ltr'>parte</span> <span class='ocrx_word' id='word_1_245' title='bbox 813 2174 1068 2214; x_wconf 88' lang='lat' dir='ltr'>munimenta</span> <span class='ocrx_word' id='word_1_246' title='bbox 1086 2172 1353 2222; x_wconf 77' lang='lat' dir='ltr'>vellebantur,</span> <span class='ocrx_word' id='word_1_247' title='bbox 1380 2187 1474 2213; x_wconf 87' lang='lat' dir='ltr'>cum</span> <span class='ocrx_word' id='word_1_248' title='bbox 1493 2172 1650 2221; x_wconf 81' lang='lat' dir='ltr'>consul,</span> 
     </span>
     <span class='ocr_line' id='line_1_33' title="bbox 295 2233 1651 2289; baseline 0.001 -17"><span class='ocrx_word' id='word_1_249' title='bbox 295 2246 547 2286; x_wconf 87' lang='lat' dir='ltr'>quamquam</span> <span class='ocrx_word' id='word_1_250' title='bbox 566 2233 704 2274; x_wconf 89' lang='lat' dir='ltr'>cuncti</span> <span class='ocrx_word' id='word_1_251' title='bbox 721 2234 922 2287; x_wconf 88' lang='lat' dir='ltr'>undique,</span> <span class='ocrx_word' id='word_1_252' title='bbox 949 2241 989 2275; x_wconf 91' lang='lat' dir='ltr'>et</span> <span class='ocrx_word' id='word_1_253' title='bbox 1006 2234 1102 2275; x_wconf 84' lang='lat' dir='ltr'>nexi</span> <span class='ocrx_word' id='word_1_254' title='bbox 1121 2242 1214 2275; x_wconf 87' lang='lat' dir='ltr'>ante</span> <span class='ocrx_word' id='word_1_255' title='bbox 1234 2249 1396 2283; x_wconf 82' lang='lat' dir='ltr'>omnes,</span> <span class='ocrx_word' id='word_1_256' title='bbox 1423 2241 1467 2274; x_wconf 92' lang='lat' dir='ltr'>ut</span> <span class='ocrx_word' id='word_1_257' title='bbox 1487 2234 1651 2289; x_wconf 82' lang='lat' dir='ltr'>signum</span> 
     </span>
     <span class='ocr_line' id='line_1_34' title="bbox 295 2293 1651 2350; baseline 0.002 -16"><span class='ocrx_word' id='word_1_258' title='bbox 295 2293 411 2335; x_wconf 90' lang='lat' dir='ltr'>daret</span> <span class='ocrx_word' id='word_1_259' title='bbox 435 2294 687 2345; x_wconf 88' lang='lat' dir='ltr'>clamabant,</span> <span class='ocrx_word' id='word_1_260' title='bbox 713 2296 951 2350; x_wconf 79' lang='lat' dir='ltr'>experiendi</span> <span class='ocrx_word' id='word_1_261' title='bbox 970 2296 1128 2338; x_wconf 84' lang='lat' dir='ltr'>animos</span> <span class='ocrx_word' id='word_1_262' title='bbox 1149 2296 1324 2337; x_wconf 76' lang='lat' dir='ltr'>milituln</span> <span class='ocrx_word' id='word_1_263' title='bbox 1344 2311 1468 2337; x_wconf 88' lang='lat' dir='ltr'>causa</span> <span class='ocrx_word' id='word_1_264' title='bbox 1486 2311 1651 2350; x_wconf 86' lang='lat' dir='ltr'>parum-</span> 
     </span>
     <span class='ocr_line' id='line_1_35' title="bbox 295 2357 1651 2413; baseline 0.001 -17"><span class='ocrx_word' id='word_1_265' title='bbox 295 2370 369 2409; x_wconf 91' lang='lat' dir='ltr'>per</span> <span class='ocrx_word' id='word_1_266' title='bbox 393 2364 595 2406; x_wconf 87' lang='lat' dir='ltr'>moratus,</span> <span class='ocrx_word' id='word_1_267' title='bbox 620 2364 840 2412; x_wconf 83' lang='lat' dir='ltr'>postquam</span> <span class='ocrx_word' id='word_1_268' title='bbox 867 2357 965 2398; x_wconf 87' lang='lat' dir='ltr'>satis</span> <span class='ocrx_word' id='word_1_269' title='bbox 989 2357 1213 2412; x_wconf 86' lang='lat' dir='ltr'>apparebat</span> <span class='ocrx_word' id='word_1_270' title='bbox 1231 2358 1377 2413; x_wconf 86' lang='lat' dir='ltr'>ingens</span> <span class='ocrx_word' id='word_1_271' title='bbox 1398 2357 1529 2406; x_wconf 89' lang='lat' dir='ltr'>ardor,</span> <span class='ocrx_word' id='word_1_272' title='bbox 1555 2357 1651 2397; x_wconf 90' lang='lat' dir='ltr'>dato</span> 
     </span>
     <span class='ocr_line' id='line_1_36' title="bbox 296 2417 1650 2474; baseline 0.001 -17"><span class='ocrx_word' id='word_1_273' title='bbox 296 2417 462 2458; x_wconf 87' lang='lat' dir='ltr'>tandem</span> <span class='ocrx_word' id='word_1_274' title='bbox 486 2417 541 2458; x_wconf 88' lang='lat' dir='ltr'>ad</span> <span class='ocrx_word' id='word_1_275' title='bbox 565 2418 864 2473; x_wconf 88' lang='lat' dir='ltr'>erumpendum</span> <span class='ocrx_word' id='word_1_276' title='bbox 889 2419 1008 2474; x_wconf 84' lang='lat' dir='ltr'>signo</span> <span class='ocrx_word' id='word_1_277' title='bbox 1033 2419 1203 2459; x_wconf 87' lang='lat' dir='ltr'>militem</span> <span class='ocrx_word' id='word_1_278' title='bbox 1229 2419 1396 2459; x_wconf 78' lang='lat' dir='ltr'>avidum</span> <span class='ocrx_word' id='word_1_279' title='bbox 1417 2417 1650 2459; x_wconf 82' lang='lat' dir='ltr'>certaminis</span> 
     </span>
     <span class='ocr_line' id='line_1_37' title="bbox 252 2478 1651 2535; baseline 0.001 -18"><span class='ocrx_word' id='word_1_280' title='bbox 252 2497 266 2516; x_wconf 71' lang='grc' dir='ltr'>,ι</span> <span class='ocrx_word' id='word_1_281' title='bbox 296 2478 453 2519; x_wconf 90' lang='lat' dir='ltr'>emittit.</span> <span class='ocrx_word' id='word_1_282' title='bbox 478 2479 612 2533; x_wconf 89' lang='lat' dir='ltr'>primo</span> <span class='ocrx_word' id='word_1_283' title='bbox 630 2479 767 2520; x_wconf 87' lang='lat' dir='ltr'>statim</span> <span class='ocrx_word' id='word_1_284' title='bbox 785 2480 952 2521; x_wconf 89' lang='lat' dir='ltr'>incursu</span> <span class='ocrx_word' id='word_1_285' title='bbox 964 2480 1073 2535; x_wconf 86' lang='lat' dir='ltr'>pulsi</span> <span class='ocrx_word' id='word_1_286' title='bbox 1086 2480 1245 2530; x_wconf 85' lang='lat' dir='ltr'>hostes;</span> <span class='ocrx_word' id='word_1_287' title='bbox 1266 2479 1532 2535; x_wconf 84' lang='lat' dir='ltr'>fugientibus,</span> <span class='ocrx_word' id='word_1_288' title='bbox 1551 2493 1651 2532; x_wconf 91' lang='lat' dir='ltr'>quo-</span> 
     </span>
     <span class='ocr_line' id='line_1_38' title="bbox 296 2540 1650 2597; baseline 0.001 -18"><span class='ocrx_word' id='word_1_289' title='bbox 296 2540 349 2579; x_wconf 88' lang='lat' dir='ltr'>ad</span> <span class='ocrx_word' id='word_1_290' title='bbox 366 2541 528 2593; x_wconf 87' lang='lat' dir='ltr'>insequi</span> <span class='ocrx_word' id='word_1_291' title='bbox 545 2540 672 2595; x_wconf 88' lang='lat' dir='ltr'>pedes</span> <span class='ocrx_word' id='word_1_292' title='bbox 690 2542 835 2596; x_wconf 90' lang='lat' dir='ltr'>potuit,</span> <span class='ocrx_word' id='word_1_293' title='bbox 862 2550 979 2597; x_wconf 83' lang='lat' dir='ltr'>terga</span> <span class='ocrx_word' id='word_1_294' title='bbox 997 2557 1130 2591; x_wconf 88' lang='lat' dir='ltr'>caesa,</span> <span class='ocrx_word' id='word_1_295' title='bbox 1156 2556 1281 2596; x_wconf 87' lang='lat' dir='ltr'>eques</span> <span class='ocrx_word' id='word_1_296' title='bbox 1301 2556 1432 2595; x_wconf 86' lang='lat' dir='ltr'>usque</span> <span class='ocrx_word' id='word_1_297' title='bbox 1452 2541 1504 2582; x_wconf 89' lang='lat' dir='ltr'>ad</span> <span class='ocrx_word' id='word_1_298' title='bbox 1517 2546 1650 2581; x_wconf 85' lang='lat' dir='ltr'>castra</span> 
     </span>
     <span class='ocr_line' id='line_1_39' title="bbox 297 2601 1647 2658; baseline 0 -18"><span class='ocrx_word' id='word_1_299' title='bbox 297 2601 467 2652; x_wconf 72' lang='lat' dir='ltr'>pavidos</span> <span class='ocrx_word' id='word_1_300' title='bbox 488 2603 583 2657; x_wconf 83' lang='lat' dir='ltr'>egit.</span> <span class='ocrx_word' id='word_1_301' title='bbox 615 2618 712 2643; x_wconf 84' lang='lat' dir='ltr'>mox</span> <span class='ocrx_word' id='word_1_302' title='bbox 730 2603 823 2657; x_wconf 89' lang='lat' dir='ltr'>ipsa</span> <span class='ocrx_word' id='word_1_303' title='bbox 842 2611 976 2645; x_wconf 83' lang='lat' dir='ltr'>castra</span> <span class='ocrx_word' id='word_1_304' title='bbox 994 2604 1226 2658; x_wconf 80' lang='lat' dir='ltr'>legionibus</span> <span class='ocrx_word' id='word_1_305' title='bbox 1247 2603 1527 2650; x_wconf 87' lang='lat' dir='ltr'>circumdatis,</span> <span class='ocrx_word' id='word_1_306' title='bbox 1553 2615 1647 2642; x_wconf 89' lang='lat' dir='ltr'>cum</span> 
     </span>
     <span class='ocr_line' id='line_1_40' title="bbox 298 2660 1578 2720; baseline 0.002 -20"><span class='ocrx_word' id='word_1_307' title='bbox 298 2660 471 2703; x_wconf 80' lang='lat' dir='ltr'>Volscos</span> <span class='ocrx_word' id='word_1_308' title='bbox 496 2664 590 2705; x_wconf 90' lang='lat' dir='ltr'>inde</span> <span class='ocrx_word' id='word_1_309' title='bbox 616 2665 738 2706; x_wconf 84' lang='lat' dir='ltr'>etiam</span> <span class='ocrx_word' id='word_1_310' title='bbox 763 2680 891 2719; x_wconf 84' lang='lat' dir='ltr'>pavor</span> <span class='ocrx_word' id='word_1_311' title='bbox 915 2665 1158 2720; x_wconf 83' lang='lat' dir='ltr'>expulisset,</span> <span class='ocrx_word' id='word_1_312' title='bbox 1185 2673 1305 2720; x_wconf 85' lang='lat' dir='ltr'>capta</span> <span class='ocrx_word' id='word_1_313' title='bbox 1329 2665 1578 2718; x_wconf 86' lang='lat' dir='ltr'>direptaque.</span> 
     </span>
    </p>
   </div>
  </div>
 </body>
</html>
