1835 3226
252 816 289 844 1⁴3

252 939 288 967 17

253 1310 290 1337 19

249 1554 266 1583 ‘2
271 1556 290 1583 Ο

278 2236 289 2263 1

275 2357 293 2374 0

276 2480 293 2507 :3

315 200 398 240 470
625 205 777 240 LIBER
802 205 931 249 VIIII,
957 206 1010 239 26.
1031 206 1087 239 27.
1117 209 1165 248 [a.
1179 217 1213 240 u.
1229 219 1260 240 e.
1276 208 1356 251 440]

315 310 444 350 honos
476 308 633 348 delatus
665 307 718 347 ad
747 322 812 347 me
843 308 957 348 testis
990 314 1051 348 est
1081 307 1335 349 innocentiae
1366 324 1499 351 meae:
1536 326 1667 366 neque

316 370 442 418 enim,
475 369 586 422 quod
612 383 734 422 saepe
760 368 880 417 alias,
912 369 1008 421 quia
1032 369 1088 410 ita
1113 375 1297 423 tempora
1321 371 1585 424 postulabant
1608 374 1664 414 rei

315 430 517 484 publicae,
539 430 609 482 qui
633 429 742 470 bello
761 429 1012 470 clarissimus
1039 438 1159 480 esset,
1181 431 1254 471 sed
1280 432 1349 484 qui
1374 433 1552 473 maxime
1576 448 1669 487 pro-

317 491 382 532 cul
412 491 463 532 ab
494 491 557 532 his
589 490 832 531 coitionibus
863 492 990 532 vitam
1021 492 1191 547 egisset,
1225 493 1396 534 dictator
1426 494 1667 549 deligendus

276 570 285 574 ·
317 553 554 593 exercendis
580 552 888 606 quaestionibus
914 553 1003 611 fuit.
1047 553 1120 594 sed
1144 554 1529 608 quoniamquidem
1553 555 1670 597 nobi-

315 615 375 656 les
399 614 748 667 homines—qua
772 614 822 654 de
843 629 980 664 causa,
1000 630 1074 656 vos
1100 615 1333 657 existimare
1358 631 1482 670 quam
1506 631 1572 658 me
1594 632 1669 671 pro

316 676 561 731 magistratu
579 675 799 729 quicquam
823 676 1107 731 inconpertum
1128 677 1261 718 dicere
1281 678 1426 719 melius
1447 685 1508 718 est
1522 704 1575 708 -—
1588 679 1670 733 pri-

317 754 430 778 mum
460 738 572 792 ipsas
605 752 841 792 expugnare
872 739 1134 792 quaestiones
1159 740 1269 780 omni
1301 754 1377 794 ope
1403 740 1537 781 adnisi
1561 748 1668 789 sunt,

316 801 428 849 dein,
459 806 680 854 postquam
711 800 763 840 ad
792 801 834 841 id
863 815 1009 855 parum
1040 808 1228 855 potentes
1260 809 1390 851 erant,
1422 817 1473 843 ne
1504 817 1670 845 eausam

317 863 508 910 dicerent,
534 862 575 902 in
600 862 805 916 praesidIa
830 863 1170 913 adversariorum,
1198 864 1513 919 appellationem
1539 874 1578 906 et
1604 866 1672 905 tri-

317 923 525 964 bunicium
552 924 762 973 auxilium,
788 925 946 979 patricii
971 925 1258 980 confugerunt,
1284 933 1492 981 postremo
1516 927 1669 982 repulsi

316 986 409 1026 inde
435 1011 489 1015 —
515 985 617 1026 adeo
648 986 785 1027 onmia
821 987 971 1027 tutiora
1006 1001 1129 1040 quam
1161 994 1206 1028 ut
1241 988 1517 1029 innocentiam
1555 1004 1672 1029 suam

315 1054 536 1102 purgarent
563 1048 651 1088 visa
675 1071 728 1076 —-
753 1048 796 1088 in
819 1063 894 1089 nos
920 1049 1144 1099 inruerunt,
1171 1056 1210 1090 et
1237 1051 1406 1104 privatis
1432 1051 1671 1091 dictatorem

315 1124 484 1164 poscere
508 1124 623 1150 reum
643 1111 912 1151 verecundiae
932 1126 1014 1151 non
1038 1111 1134 1152 fuit:
1160 1119 1204 1152 ut
1223 1127 1365 1153 omnes
1385 1113 1441 1153 dii
1466 1112 1671 1153 homines-

317 1186 396 1224 que
428 1171 574 1219 sciant,
607 1171 658 1212 ab
689 1172 768 1212 illis
801 1173 922 1213 etiam
954 1187 1059 1226 quae
1084 1189 1167 1214 non
1197 1175 1356 1228 possint
1381 1175 1588 1229 temptari,
1620 1189 1671 1215 ne

316 1233 513 1273 rationem
538 1233 646 1273 vitae
670 1233 860 1282 reddant,
892 1249 957 1274 me
984 1234 1148 1275 obviam
1177 1236 1235 1276 ire
1267 1236 1426 1276 crimini
1457 1243 1495 1276 et
1526 1236 1671 1276 offerre

317 1309 382 1334 me
406 1294 582 1334 inimicis
606 1309 733 1344 rcum,
760 1295 959 1335 dictatura
984 1311 1049 1336 1110
1075 1296 1232 1337 abdico.
1281 1312 1355 1338 vos
1381 1312 1548 1350 quaeso,
1575 1312 1671 1338 con-

318 1355 446 1404 sules,
479 1355 514 1395 si
538 1354 654 1396 vobis
685 1355 827 1396 datum
858 1355 909 1396 ab
942 1364 1087 1397 senatu
1117 1358 1329 1413 negotium
1360 1358 1500 1407 fuerit,
1532 1359 1573 1398 in
1604 1373 1669 1398 1110

317 1417 495 1471 primum
526 1423 565 1456 et
599 1416 709 1458 hunc
738 1416 800 1458 M.
825 1417 862 1458 F
865 1417 1013 1458 oslium
1049 1420 1310 1473 quaestiones
1347 1420 1588 1468 exerceatis,
1627 1427 1671 1459 ut

317 1485 523 1532 appareat,
549 1478 782 1519 innocentia
805 1486 945 1520 nostra
968 1495 1056 1529 nOS,
1076 1495 1159 1522 non
1178 1481 1390 1522 maiestate
1414 1481 1580 1522 honoris
1609 1488 1671 1521 tu-

317 1546 378 1580 tos
404 1554 428 1579 a
453 1539 802 1581 criminationibus
826 1541 916 1581 istis
942 1543 1059 1583 esse.'
1101 1541 1263 1583 abdicat
1286 1543 1381 1583 inde
1407 1558 1450 1583 se
1470 1543 1671 1583 dictatura

318 1607 357 1640 et
381 1606 473 1654 post
498 1614 592 1640 eum
617 1600 834 1642 confestim
859 1602 1024 1643 Foslius
1050 1603 1286 1658 magisterio
1312 1604 1507 1657 equitum,
1532 1604 1672 1658 primi-

317 1676 396 1716 que
421 1662 530 1716 apud
555 1662 745 1703 consules
772 1687 824 1692 —
849 1663 898 1704 iis
925 1664 1032 1704 enim
1059 1664 1110 1705 ab
1137 1671 1280 1705 senatu
1304 1665 1496 1705 mandata
1519 1680 1583 1706 res
1610 1672 1671 1706 est

318 1749 371 1753 —
396 1724 454 1764 rei
486 1723 587 1764 facti
617 1724 816 1765 adversus
847 1724 1046 1766 nobilium
1077 1726 1311 1766 testimonia
1341 1726 1506 1781 egregie
1538 1726 1672 1767 absol-

317 1794 479 1828 vuntur.
525 1786 730 1827 Publilius
756 1787 879 1828 etiam
896 1787 1019 1829 Philo
1043 1788 1323 1842 multiplicatis
1349 1789 1520 1829 summis
1545 1788 1673 1829 hono-

316 1849 430 1890 ribus
456 1856 550 1904 post
574 1863 640 1890 res
667 1856 726 1890 tot
751 1850 863 1890 domi
893 1849 1084 1904 belloque
1113 1857 1272 1906 gestas,
1305 1857 1486 1892 ceterum
1515 1851 1672 1891 invisus

275 1933 291 1954 ·..
318 1911 540 1960 nobilitati,
567 1925 735 1952 causam
760 1912 863 1952 dixit
888 1911 1183 1965 absolutusque
1210 1919 1284 1953 est.
1333 1926 1411 1953 nee
1436 1912 1602 1961 diutius,
1629 1918 1673 1952 ut

318 1973 375 2022 fit,
396 1988 520 2026 quam
545 1973 644 2013 dum
667 1988 810 2014 recens
836 1982 934 2023 erat,
955 1974 1141 2027 quaestio
1165 1989 1238 2028 per
1263 1974 1372 2015 clara
1395 1974 1562 2014 nomina
1584 1987 1674 2014 1οο-

317 2050 409 2076 rum
433 2035 583 2090 viguitg
614 2035 709 2075 inde
733 2034 818 2076 labi
842 2035 974 2090 coepit
999 2036 1052 2076 ad
1075 2036 1219 2076 viliora
1249 2036 1399 2090 capita,
1432 2036 1562 2076 donee
1592 2035 1674 2076 coi·
1720 2084 1723 2086 ¹

319 2096 500 2138 tionibus
526 2096 869 2151 factionibusque,
891 2097 1089 2138 adversus
1114 2112 1217 2151 quas
1239 2104 1459 2151 conparata
1484 2103 1580 2145 erat,
1601 2111 1673 2150 op-

317 2173 461 2213 pressa
485 2165 559 2199 est.
644 2205 647 2207 ,

403 2219 599 2261 XXVII.
631 2220 789 2261 Earum
813 2221 925 2262 fama
948 2236 1096 2270 rerum,
1123 2221 1256 2276 magis
1282 2227 1418 2261 tamen
1438 2235 1532 2274 spes
1548 2219 1673 2260 Cam-

318 2298 449 2338 panae
475 2282 735 2332 defectionis,
767 2283 809 2324 in
834 2298 957 2337 quam
983 2284 1238 2324 coniuratum
1265 2290 1368 2331 erat,
1397 2281 1605 2323 Samnites
1630 2281 1671 2320 in

318 2345 517 2399 Apuliam
541 2360 683 2386 versos
708 2361 850 2387 rursus
877 2346 930 2386 ad
956 2345 1162 2386 Caudium
1186 2345 1407 2393 revocavit,
1433 2351 1477 2384 ut
1500 2344 1595 2384 inde
1621 2357 1672 2383 ex

318 2407 561 2461 propinquo,
590 2407 713 2460 siqui
737 2414 872 2448 motus
901 2407 1157 2448 occasionem
1183 2407 1368 2461 aperiret,
1385 2405 1572 2459 Capuam
1587 2404 1672 2445 Ro-

320 2468 450 2509 manis
482 2468 696 2522 eriperent.
747 2483 794 2509 eo
827 2468 1016 2509 consules
1049 2483 1142 2508 011111
1173 2468 1309 2508 valido
1340 2467 1521 2508 exercitu
1549 2479 1670 2506 vene-

320 2536 424 2569 runt.
468 2537 508 2570 01
531 2530 662 2583 primo
688 2530 796 2570 circa
821 2530 961 2579 saltus,
989 2544 1081 2570 cum
1106 2529 1310 2582 utrimque
1336 2529 1389 2569 ad
1411 2528 1573 2568 hostem
1597 2526 1671 2567 ini-

277 2602 295 2629 -1
321 2604 401 2641 qua
425 2591 491 2631 via
515 2598 643 2640 esset,
676 2592 854 2632 cunctati
880 2598 992 2641 sunt3
1029 2591 1176 2632 deinde
1204 2590 1410 2632 Samnites
1435 2604 1508 2644 per
1532 2594 1671 2642 aperta

322 2650 409 2690 loca
434 2651 548 2692 brevi
579 2652 750 2693 circuitu
775 2653 818 2693 in
842 2653 931 2694 loca
955 2653 1094 2708 plana,
1124 2652 1360 2707 Campanos
1386 2664 1572 2704 campos,
1598 2663 1669 2703 ag-
