1835 3226
254 354 271 383 9

255 539 265 565 l

252 1588 269 1615 (5

299 229 350 268 72
606 232 757 267 Lissfflt
784 231 836 273 11,
862 233 986 265 s—m.
1016 233 1064 272 [a.
1079 231 1251 264 11.c.⁶24›:›.
1266 230 1348 273 246]

382 337 500 378 Haec
525 342 619 389 post
644 339 809 374 exactos
836 347 955 387 reges
981 332 1094 373 domi
1119 332 1367 385 militiaeque
1388 339 1504 387 gesta
1522 335 1653 388 primo

298 414 416 441 anno.
472 398 567 438 inde
603 395 655 436 P.
688 394 881 436 Valerius
918 394 1084 443 iterum,
1123 393 1172 433 T.
1205 394 1427 435 Lueretius
1465 396 1653 436 eonsules

299 461 407 502 facti.
430 474 459 501 ν

380 521 526 563 VIIII.
563 520 654 561 Iam
673 518 888 572 Tarquinii
912 517 965 558 ad
988 518 1162 559 Lartem
1181 517 1413 568 Porsinam,
1436 517 1653 559 Clusinum

294 599 453 639 regem,
495 582 773 637 perfugerant.
833 580 891 622 ibi
927 580 1139 622 miscendo
1175 579 1392 621 eonsilium
1427 594 1654 634 precesque

295 660 403 687 nune
427 644 616 693 orabant,
642 658 694 684 ne
720 658 782 693 se,
808 642 1003 684 oriundos
1029 657 1081 683 ex
1105 642 1314 691 Etruscis,
1347 642 1536 683 eiusdem
1562 657 1655 683 san-

297 708 432 763 guinis
446 706 719 760 nominisque,
746 711 914 760 egentes
939 705 1105 746 exulare
1137 711 1356 759 pateretur,
1385 718 1495 745 nunc
1514 718 1654 746 mone-

295 771 393 812 bant
424 770 565 818 etiam,
602 783 654 809 ne
692 768 890 809 orientem
921 781 1078 808 morem
1112 767 1292 821 pellendi
1322 781 1442 821 reges
1478 766 1653 807 inultum

297 833 458 874 sineret.
519 830 618 872 satis
649 830 879 871 libertatem
914 829 1049 883 ipsam
1084 828 1236 870 habere
1273 828 1516 869 dulcedinis.
1575 827 1654 868 nisi

295 903 448 949 quanta
472 893 513 934 vi
544 893 729 933 civitates
761 907 852 933 eam
883 897 1094 945 expetant,
1132 897 1245 932 tanta
1274 905 1403 945 regna
1434 904 1554 945 reges
1585 890 1655 930 de-

294 956 476 1004 fendant,
502 954 669 1008 aequari
689 968 851 994 summa
869 953 1034 1001 infimis,
1061 952 1161 992 nihil
1176 952 1398 1001 excelsum,
1425 952 1525 992 nihil
1544 951 1655 1004 quod

295 1032 420 1072 supra
445 1022 580 1057 cetera
604 1016 780 1057 emineat
803 1016 847 1056 in
866 1014 1099 1056 civitatibus
1120 1014 1220 1063 fore,
1248 1014 1395 1055 adesse
1420 1014 1543 1054 finem
1563 1027 1656 1067 reg-

294 1079 376 1128 nis,
418 1079 477 1119 rei
512 1078 617 1118 inter
652 1078 750 1118 deos
787 1077 1055 1130 hominesque
1096 1075 1409 1130 pulcherrimae.
1463 1074 1653 1123 Porsina,

296 1155 390 1181 cum
414 1154 556 1194 regem
582 1153 673 1180 esse
698 1139 870 1187 Romae,
897 1144 983 1178 tum
1003 1138 1205 1178 Etruscae
1230 1138 1364 1192 gentis
1389 1151 1543 1191 regem,
1570 1151 1655 1177 am-

252 1217 265 1244 .·
295 1202 409 1257 plum
424 1201 573 1242 Tuscis
597 1207 724 1250 ratus,
744 1199 921 1242 Romam
939 1199 1090 1240 infesto
1111 1199 1292 1240 exercitu
1310 1199 1433 1240 venit.
1464 1213 1547 1239 non
1566 1212 1655 1238 um-

294 1279 419 1317 quam
444 1263 545 1304 alias
570 1269 664 1303 ante
689 1269 825 1303 tantus
851 1268 979 1303 terror
998 1267 1187 1302 senatum
1205 1261 1367 1310 invasit,
1395 1261 1497 1301 adeo
1517 1260 1654 1301 valida

294 1340 360 1366 res
391 1332 479 1366 tum
505 1324 679 1366 Clusina
708 1331 794 1365 erat
825 1338 1104 1378 magnumque
1135 1322 1334 1364 Porsinae
1365 1337 1527 1363 nomen.
1576 1336 1652 1363 nec

295 1388 434 1429 hostes
460 1387 583 1428 modo
609 1386 819 1436 timebant,
847 1387 919 1427 scd
945 1392 1127 1426 suosmet
1145 1385 1224 1439 ipsi
1244 1384 1367 1433 cives,
1394 1399 1444 1426 ne
1463 1384 1654 1425 Romana

295 1449 432 1503 plebs,
464 1455 577 1491 metu
600 1448 807 1503 perculsa,
839 1448 1015 1502 receptis
1041 1448 1082 1487 in
1107 1446 1250 1488 urbem
1275 1446 1443 1501 regibus
1470 1446 1534 1486 vel
1559 1460 1651 1486 cum

296 1511 490 1552 servitute
514 1525 660 1565 pacem
685 1510 899 1564 acciperet.

379 1572 516 1613 Multa
535 1572 659 1626 igitur
676 1571 955 1613 blandimenta
975 1571 1084 1625 plebi
1103 1586 1176 1626 per
1194 1571 1236 1611 id
1256 1578 1418 1625 tempus
1438 1570 1489 1611 ab
1510 1579 1661 1611 senatu

295 1634 402 1675 data.
440 1648 627 1674 annonae
646 1634 689 1673 in
713 1634 855 1687 primis
876 1633 1017 1674 habita
1037 1647 1133 1673 cura
1153 1640 1191 1673 et
1212 1634 1265 1673 ad
1284 1633 1533 1673 frumentum
1559 1646 1654 1672 cou-

294 1695 523 1750 parandum
548 1696 664 1736 missi
689 1695 757 1736 alii
781 1695 824 1735 in
843 1695 1038 1744 Volscos,
1066 1695 1134 1736 alii
1155 1695 1325 1736 Cumas.
1370 1695 1465 1735 salis
1490 1708 1654 1747 quoque

295 1757 499 1798 vendendi
524 1757 749 1806 arbitrium,
777 1757 873 1810 quia
897 1758 1069 1811 inpenso
1094 1757 1225 1811 pretio
1249 1756 1428 1805 venibat,
1454 1757 1495 1796 in
1521 1755 1655 1810 publi-

295 1834 390 1859 cum
414 1819 525 1860 omni
551 1828 715 1872 sumpto
741 1819 979 1873 ademptum
1004 1819 1193 1873 privatis,
1225 1819 1497 1873 portoriisque
1523 1825 1563 1857 et
1587 1817 1654 1857 tri-

296 1880 394 1922 buto
412 1880 533 1934 plebe
552 1880 735 1929 liberata,
761 1887 806 1920 ut
827 1880 973 1921 divites
995 1880 1239 1930 conferrent,
1266 1880 1334 1934 qui
1355 1879 1468 1920 oneri
1486 1878 1654 1919 ferendo

296 1949 451 1983 essent:
488 1956 691 1996 pauperes
724 1942 824 1983 satis
857 1942 1050 1996 stipendii
1078 1942 1276 1996 pendere,
1316 1942 1350 1981 si
1380 1941 1530 1981 liberos
1557 1940 1654 1980 edu-

297 2011 444 2045 cerent.
482 2004 619 2057 itaque
638 2004 742 2045 haec
760 2003 1018 2059 indulgentia
1036 2011 1200 2058 patrum
1214 2004 1370 2058 asperis
1390 2002 1654 2057 postmodum

295 2066 417 2107 rebus
443 2067 485 2106 in
510 2066 723 2107 obsidione
749 2080 796 2107 ac
821 2065 931 2106 fame
957 2066 1060 2106 adeo
1090 2066 1335 2107 concordem
1366 2065 1572 2105 civitatem
1598 2070 1655 2104 tc-

295 2128 393 2177 nuit,
420 2135 465 2168 ut
488 2128 648 2183 regium
673 2142 824 2169 nomen
844 2143 926 2168 non
946 2128 1096 2168 summi
1116 2128 1247 2182 magis
1268 2142 1392 2180 quam
1412 2126 1542 2166 infimi
1561 2125 1654 2165 hor-

294 2196 428 2230 rerent
440 2204 516 2230 nce
529 2190 748 2243 quisquam
762 2205 869 2230 unus
885 2189 1002 2230 malis
1018 2188 1172 2230 artibus
1186 2196 1331 2243 postca
1349 2195 1431 2228 tan]
1445 2187 1653 2242 popularis

295 2258 405 2292 esset
443 2266 568 2305 quam
594 2258 681 2292 tum
705 2250 809 2292 benc
834 2251 1074 2305 imperando
1099 2251 1315 2291 universus
1343 2256 1508 2291 senatus
1535 2248 1624 2288 fuit.

379 2314 439 2354 X.
484 2313 593 2355 Cum
618 2314 758 2355 hostes
785 2314 990 2362 adessent,
1016 2328 1091 2368 pro
1117 2328 1160 2354 se
1186 2313 1361 2366 quisque
1381 2312 1422 2352 in
1441 2311 1584 2352 urbem
1604 2326 1653 2351 ex

296 2376 404 2429 agris
436 2376 684 2431 demigrant,
721 2375 867 2417 urbem
897 2375 1031 2430 ipsam
1069 2376 1257 2429 saepiunt
1291 2374 1520 2429 praesidiis.
1576 2373 1655 2414 alia

297 2438 436 2487 muris,
463 2437 542 2479 alia
567 2438 708 2479 Tiberi
733 2437 894 2479 obiecto
921 2437 1164 2479 videbantur
1189 2444 1287 2478 tuta.
1325 2452 1429 2491 pons
1457 2435 1652 2477 sublicius

297 2499 372 2539 iter
395 2514 525 2553 paene
550 2499 738 2541 hostibus
764 2499 889 2549 dedit,
916 2499 957 2539 ni
976 2514 1083 2540 unus
1103 2499 1166 2539 vir
1183 2499 1331 2539 fuisset
1350 2498 1550 2539 Horatius
1572 2496 1653 2537 Co-

297 2559 399 2609 clcs3
435 2561 477 2600 id
501 2562 799 2602 munimentum
824 2561 894 2602 illo
919 2561 984 2602 die
1010 2560 1175 2602 fortuna
1204 2560 1318 2601 urbis
1344 2560 1556 2601 Romanae
1581 2557 1652 2597 ha-

254 2634 271 2661 3
297 2619 395 2661 buit.
445 2623 514 2674 qui
554 2623 711 2677 positus
747 2623 851 2664 forte
888 2622 929 2663 in
967 2622 1140 2663 statione
1170 2621 1324 2676 pontis,
1363 2635 1456 2661 culn
1487 2624 1648 2672 captum

298 2684 507 2735 repentino
539 2685 692 2738 impetu
723 2684 952 2726 Ianiculum
987 2691 1107 2738 atquc
1140 2684 1232 2724 inde
1265 2684 1406 2723 citatos
1439 2681 1650 2721 decurrere
