1780 3204
472 161 624 195 LIBER
649 162 699 205 x,
725 161 780 196 422.
800 161 853 195 43.
882 163 928 205 [a.
945 160 983 196 0.
999 161 1080 204 293]
1375 150 1455 192 541

109 264 296 314 fudisset,
321 263 515 319 pocillum
534 263 668 313 mulsi,
694 264 935 319 priusquam
953 270 1147 305 temetum
1167 263 1337 312 biberet,
1366 277 1457 304 sese

110 326 328 367 facturum.
383 326 426 366 id
457 332 597 367 votum
629 326 691 367 dis
723 326 835 367 cordi
859 326 937 367 fuit
962 333 1001 367 et
1031 325 1213 380 auspicia
1237 325 1279 365 in
1303 324 1457 366 bonum

109 394 328 429 verterunt.

192 448 468 489 XXXXHI.
511 448 672 489 Eadem
697 448 861 490 fortuna
885 449 936 491 ab
962 449 1088 491 altero
1113 448 1279 490 consule
1305 448 1357 490 ad
1376 447 1459 489 Co·
1487 462 1501 491 1

109 511 279 550 minium
304 517 423 565 gesta
446 525 524 551 reS.
573 511 704 565 prima
728 511 818 552 lucc
843 512 895 552 ad
920 512 1082 552 moenia
1111 510 1299 552 omnibus
1331 510 1458 565 copiis

109 571 284 613 admotis
315 586 465 613 corona
496 572 621 613 cinxit
651 572 795 614 urbem
826 573 1090 627 subsidiaque
1125 573 1260 623 firma,
1296 587 1348 613 ne
1379 587 1461 626 qua

109 633 267 687 eruptio
291 633 422 682 fieret,
460 634 587 688 portis
613 634 816 688 opposuit.
864 635 947 675 iam
978 636 1144 690 signum
1176 636 1342 676 dantem
1366 649 1459 675 eum
1485 647 1503 675 ‘2

108 695 274 736 nuntius
306 711 330 736 a
360 695 518 750 collega
548 696 731 750 trepidus
763 696 813 737 de
844 697 990 751 viginti
1023 697 1251 738 cohortium
1282 697 1461 737 adventu

109 763 149 796 et
173 755 224 798 ab
250 757 405 811 impetu
430 763 610 798 moratus
637 764 698 799 est
724 765 763 798 et
786 764 943 812 partem
963 759 1173 813 copiarum
1190 772 1382 800 revocare
1400 757 1463 797 in-

111 825 306 859 structam
330 819 610 872 intentamque
642 820 694 860 ad
725 821 1050 875 oppugnandum
1080 821 1225 876 coegit.
1273 820 1330 861 D.
1355 820 1462 860 Bru-
1488 832 1506 861 3

110 887 197 920 tum
218 879 420 921 Scaevam
445 881 628 935 legatum
654 896 747 922 cum
766 882 928 937 legione
947 883 1079 937 prima
1098 889 1137 923 et
1156 883 1299 923 decem
1319 881 1462 922 cohor-

111 941 219 982 tibus
245 942 380 983 alariis
412 943 676 996 equitatuque
707 943 764 984 ire
797 944 996 985 adversus
1029 943 1258 985 subsidium
1282 943 1463 984 hostium

109 1003 246 1043 iussit:
284 1019 543 1058 quocumque
573 1005 616 1045 in
646 1005 737 1046 loco
775 1005 923 1046 fuisset
960 1005 1125 1055 obvius,
1163 1005 1378 1046 obsisteret
1415 1018 1462 1044 ac
1488 1017 1507 1045 4

110 1071 336 1106 moraretur
360 1081 622 1120 manumque,
651 1067 685 1108 si
710 1067 815 1108 forte
840 1067 898 1107 ita
921 1081 986 1107 res
1011 1072 1219 1121 posceret,
1246 1065 1462 1113 conferret,

110 1126 232 1167 modo
257 1142 307 1168 ne
332 1128 385 1168 ad
405 1127 641 1169 Cominium
666 1143 738 1169 eae
764 1128 905 1183 copiae
931 1128 1141 1168 admoveri
1158 1133 1341 1181 possent.
1374 1126 1463 1180 ipse
1490 1140 1508 1167 5

111 1188 242 1229 scalas
268 1188 364 1229 ferri
389 1190 441 1230 ad
465 1204 603 1230 muros
630 1189 681 1230 ab
707 1190 818 1230 omni
842 1195 956 1243 parte
981 1188 1094 1229 urbis
1119 1188 1240 1229 iussit
1265 1202 1312 1228 ac
1337 1194 1464 1228 testu-

109 1251 204 1291 dine
228 1251 443 1305 adportas
475 1251 686 1292 successit.
742 1251 864 1291 simul
894 1256 932 1291 et
962 1249 1294 1304 refringebantur
1322 1255 1464 1304 portae

109 1319 148 1352 et
174 1312 234 1352 vis
259 1312 439 1365 undique
463 1313 505 1352 in
530 1326 668 1353 muros
694 1312 830 1353 fiebat.
871 1310 1080 1353 Samnites
1101 1312 1217 1361 sicut,
1245 1318 1465 1365 antequam

107 1373 150 1412 in
174 1373 301 1413 muris
329 1373 511 1414 viderent
535 1380 733 1423 armatos,
767 1373 865 1414 satis
892 1373 1017 1414 animi
1040 1372 1271 1414 habuerunt
1296 1373 1349 1414 ad
1372 1387 1466 1427 pro-

107 1433 307 1476 hibendos
333 1434 445 1476 urbis
471 1435 584 1476 aditu
606 1435 760 1483 hostes,
786 1435 855 1484 ita,
882 1441 1102 1489 postquam
1125 1435 1208 1475 iam
1232 1450 1315 1475 non
1335 1449 1386 1475 ex
1405 1435 1465 1475 in-
1492 1449 1509 1475 G

107 1496 277 1537 tervallo
313 1511 388 1538 nec
424 1497 669 1547 missilibus,
709 1497 782 1538 sed
813 1497 1042 1538 comminus
1080 1496 1300 1552 gerebatur
1329 1511 1393 1538 res
1426 1504 1464 1537 et

108 1558 179 1610 qui
203 1573 323 1612 aegre
350 1567 633 1599 successerant
659 1573 710 1599 ex
734 1559 858 1612 plano
884 1559 926 1598 in
950 1573 1102 1607 muros,
1129 1558 1218 1599 1000
1238 1572 1360 1611 quem
1379 1573 1465 1599 ma-

108 1619 171 1673 gis
203 1619 422 1660 timuerant
451 1620 577 1668 victo,
615 1619 735 1660 facile
766 1620 808 1659 in
838 1620 998 1660 hostem
1030 1620 1214 1674 inparem
1246 1634 1297 1660 ex
1333 1634 1464 1673 aequo

108 1679 360 1735 pugnabant,
386 1681 537 1722 relictis
558 1680 738 1722 turribus
758 1681 967 1735 murisque
986 1681 1028 1721 in
1048 1682 1184 1722 forum
1203 1696 1346 1723 omnes
1368 1696 1464 1722 con·
1492 1697 1506 1723 7

108 1742 217 1796 pulsi
241 1743 451 1797 paulisper
474 1743 568 1784 inde
599 1750 901 1798 temptaverunt
932 1750 1158 1784 extremam
1188 1758 1352 1799 pugnae
1383 1743 1465 1784 for-

110 1812 270 1854 tunam,
308 1805 456 1846 deindc
482 1806 651 1847 abiectis
677 1806 800 1847 armis
827 1806 879 1846 ad
903 1806 1093 1847 undecim
1118 1806 1231 1847 milia
1254 1806 1464 1847 hominum
1491 1819 1509 1847 S

110 1878 148 1907 et
173 1868 460 1923 quadringenti
484 1868 526 1908 in
544 1868 668 1909 fidem
688 1868 868 1909 consulis
888 1875 1104 1910 venerunt:
1133 1883 1253 1910 caesa.
1272 1869 1325 1910 ad
1350 1875 1466 1922 quat-

109 1937 201 1970 tuor
226 1930 337 1971 milia
362 1931 585 1986 octingenti
611 1932 831 1986 octoginta.

196 1990 267 2033 Sic
292 1993 344 2033 ad
370 1992 619 2043 Cominium,
648 1993 705 2034 sic
731 1994 783 2034 ad
808 1993 1074 2047 Aquiloniam
1099 1999 1219 2048 gesta
1242 2007 1320 2034 res.
1370 1993 1465 2033 inde
1491 2005 1508 2034 9

109 2054 243 2095 medio
274 2055 379 2095 inter
408 2055 510 2096 duas
542 2055 664 2097 urbes
697 2056 847 2110 spatio,
885 2055 956 2097 ubi
987 2055 1105 2096 tertia
1135 2061 1350 2110 expectata
1380 2062 1467 2096 erat

109 2130 267 2170 pugna,
305 2116 446 2158 hostes
483 2132 566 2158 non
600 2118 767 2158 inventi.
824 2124 982 2172 septem
1017 2117 1130 2158 milia
1164 2129 1336 2172 passum
1372 2131 1465 2157 cum

109 2177 302 2220 abessent
326 2195 350 2221 a
370 2179 574 2229 Cominio,
601 2180 781 2221 revocati
806 2180 857 2221 ab
885 2180 969 2221 suis
995 2180 1128 2221 neutri
1145 2179 1300 2234 proelio
1325 2193 1467 2220 occur-

108 2248 259 2281 rerunt.
308 2242 450 2295 primis
476 2242 605 2283 ferme
630 2242 828 2291 tenebris,
861 2256 954 2283 cum
979 2242 1021 2282 in
1046 2248 1269 2297 conspectu
1293 2242 1375 2282 iam
1400 2255 1466 2281 ca·
1493 2254 1533 2283 10
1565 2274 1576 2281 ,

111 2310 205 2351 stra,
231 2303 313 2343 iam
332 2303 599 2357 Aquiloniam
619 2304 872 2353 habuissent,
899 2304 1052 2345 clamor
1076 2318 1145 2345 eos
1170 2304 1374 2357 utrimque
1392 2318 1467 2357 par

110 2364 299 2405 accidens
326 2366 535 2415 sustinuit3
574 2367 720 2407 deinde
747 2381 768 2407 e
792 2366 960 2420 regione
992 2372 1237 2415 castrorum,
1269 2379 1375 2418 quae
1405 2365 1466 2404 in-
1494 2379 1527 2407 11

110 2440 234 2467 censa
258 2426 309 2467 ab
334 2426 534 2468 Romanis
561 2434 686 2477 erant,
713 2428 903 2469 flammae
928 2427 1009 2468 late
1033 2427 1152 2469 fusae
1178 2427 1359 2468 certioris
1384 2426 1466 2467 cla-

109 2488 172 2528 dis
198 2488 393 2529 indicium
418 2490 610 2544 progredi
634 2490 797 2544 longius
828 2489 1048 2543 prohibuit.
1098 2504 1146 2530 eo
1170 2489 1261 2544 ipso
1292 2489 1382 2530 1000
1407 2495 1465 2529 te·
1493 2502 1531 2531 12

109 2564 219 2591 mere
257 2549 334 2591 sub
372 2551 495 2592 armis
533 2551 648 2592 strati
683 2551 838 2606 passim
881 2551 1108 2605 inquietum
1144 2565 1266 2592 omne
1302 2558 1464 2605 tempus

109 2612 239 2654 noctis
272 2613 527 2667 expectando
559 2614 821 2667 timendoque
852 2613 984 2655 lucem
1017 2628 1149 2669 egere.
1199 2614 1330 2668 prima
1359 2613 1463 2663 luce,
1492 2626 1531 2655 13
