1835 3226
295 442 312 470 10

299 1869 314 1896 λΙ

282 2551 320 2579 10

340 192 421 233 348
672 197 825 231 LIBER
849 197 919 241 Vl,
941 196 995 230 41.
1023 199 1073 240 [a.
1091 209 1122 230 u.
1140 209 1168 231 c.
1183 198 1260 232 3813.
1281 199 1362 243 3s7]

340 304 527 351 honores,
548 306 768 354 quaerunt3
795 306 834 340 et
852 300 908 340 ita
928 315 1122 341 maxuma
1144 307 1239 341 sunt
1252 301 1450 356 adepturi,
1472 309 1515 343 ut
1530 304 1693 345 nihilne

339 379 412 419 pro
433 363 611 403 minimis
631 361 798 415 quidem
817 361 1014 412 debeant3
1041 368 1080 403 et
1098 362 1384 404 occasionibus
1409 364 1544 418 potius
1569 379 1693 418 quam

339 426 486 466 virtute
511 430 649 479 petere
674 423 850 464 honores
876 423 1045 464 malunt.
1096 431 1158 465 est
1183 424 1348 478 aliquis,
1375 426 1445 478 qui
1471 440 1515 466 se
1533 425 1693 480 inspici,

339 486 545 528 aestimari
563 485 765 535 fastidiat,
791 485 863 539 qui
887 493 1020 527 certos
1047 485 1125 527 sibi
1149 487 1220 527 uni
1245 486 1421 528 honores
1446 487 1553 528 inter
1576 488 1695 527 dimi-

339 555 478 590 cantes
510 549 784 603 conpetitores
817 562 996 601 aequum
1027 555 1195 589 censeat
1220 563 1329 599 esse,
1363 549 1433 602 qui
1459 564 1502 590 se
1528 549 1695 590 arbitrio

338 618 474 652 vestro
500 611 670 660 eximat,
703 610 773 664 qui
798 617 935 651 vestra
959 611 1193 651 necessaria
1219 611 1417 666 suffragia
1446 626 1520 666 pro
1551 611 1696 652 volun-

340 673 452 714 tariis
484 679 524 714 ct
549 687 668 714 serva
692 687 766 727 pro
791 672 930 714 liberis
956 672 1082 714 faciat
1106 698 1160 702 —
1186 673 1328 714 omitto
1352 673 1563 714 Licinium
1591 672 1697 714 Sex-

339 735 542 789 tiumque,
580 749 754 788 quorum
787 749 915 775 annos
947 735 989 775 in
1019 741 1217 789 perpetua
1247 742 1449 790 potestate
1486 741 1694 790 tamquam

338 813 484 854 regum
515 797 556 838 in
584 797 789 852 Capitolio
820 797 1043 838 numeratis
1069 823 1142 846 —,
1174 798 1266 850 quis
1298 804 1360 838 cst
1384 797 1506 839 hodie
1531 798 1574 838 in
1598 799 1696 839 eivi-

341 868 421 902 tate
447 867 530 901 tam
556 860 741 910 humilis,
774 860 840 901 cui
864 874 947 900 non
971 860 1039 900 via
1063 860 1115 900 ad
1147 859 1405 901 consulatum
1436 860 1595 901 facilior
1624 876 1697 915 per

339 924 458 964 istius
484 923 588 978 legis
615 923 875 964 occasionem
901 937 1024 976 quam
1050 922 1168 963 nobis
1195 937 1241 963 ac
1267 922 1404 964 liberis
1429 924 1580 965 nostris
1601 924 1697 965 fiat?

342 987 376 1028 si
407 986 574 1040 quidem
604 1001 678 1027 nos
704 1001 756 1026 ne
782 1000 875 1026 cum
900 985 1110 1026 volueritis
1137 985 1303 1038 quidem
1329 1000 1466 1027 creare
1491 986 1695 1027 interdum

340 1048 542 1103 poteritis,
569 1048 670 1088 istos
697 1048 820 1088 etiam
847 1048 881 1088 si
906 1047 1116 1088 nolueritis
1141 1061 1311 1088 necesse
1337 1048 1401 1088 sit.

425 1110 493 1151 De
530 1110 773 1165 indignitate
811 1110 909 1150 satis
947 1110 1101 1150 dictum
1133 1115 1214 1159 cst,
1252 1110 1403 1150 etenim
1434 1110 1612 1166 dignitas
1644 1112 1696 1152 ad

341 1172 527 1213 homines
563 1172 757 1226 pertinet:
801 1171 900 1225 quid
937 1172 987 1212 de
1022 1171 1290 1226 religionibus
1327 1178 1449 1225 atque
1486 1173 1694 1227 auspiciis,

340 1249 445 1288 quae
469 1234 634 1288 propria
653 1234 822 1274 deorum
841 1233 1117 1274 inmortalium
1139 1234 1387 1287 contemptio
1408 1240 1530 1288 atque
1550 1235 1696 1275 iniuria

341 1304 420 1345 cst,
453 1295 622 1349 loquar?
657 1295 851 1350 auspiciis
883 1295 989 1336 hanc
1014 1295 1158 1336 urbem
1184 1296 1390 1336 conditam
1417 1310 1525 1345 csse,
1559 1296 1696 1351 auspi-

341 1359 414 1400 ciis
445 1358 553 1400 bello
585 1372 632 1398 ac
656 1372 776 1412 pace,
809 1357 920 1398 domi
944 1357 1192 1410 militiaeque
1219 1357 1355 1398 omnia
1379 1357 1484 1412 gcri,
1517 1358 1608 1411 quis
1635 1366 1696 1399 cst

341 1421 411 1476 qui
440 1420 624 1476 ignoret?
659 1434 785 1475 penes
818 1434 922 1474 quos
954 1419 1078 1475 igitur
1104 1426 1197 1460 sunt
1223 1419 1406 1474 auspicia
1430 1434 1542 1460 more
1570 1420 1696 1460 maio-

340 1484 457 1526 rum?
491 1497 639 1538 nempe
669 1497 795 1537 penes
826 1489 976 1537 patres.
1025 1498 1120 1523 nam
1151 1482 1336 1537 plebeius
1368 1482 1533 1536 quidem
1564 1483 1696 1538 magi-

342 1553 492 1588 stratus
523 1546 660 1586 nullus
692 1545 903 1600 auspicato
929 1551 1105 1586 creatur:
1138 1544 1256 1586 nobis
1282 1545 1385 1585 adeo
1410 1545 1574 1600 propria
1599 1554 1695 1587 sunt

342 1608 544 1662 auspicia,
575 1614 622 1648 ut
651 1622 733 1648 non
765 1607 898 1648 solum
924 1622 1028 1661 quos
1054 1607 1231 1661 populus
1258 1614 1367 1647 crcat
1391 1608 1583 1661 patricios
1609 1623 1695 1648 ma-

342 1671 539 1726 gistratus
565 1685 647 1711 non
671 1670 788 1710 aliter
811 1684 934 1723 quam
961 1669 1173 1724 auspicato
1199 1675 1319 1719 creet,
1347 1670 1420 1710 sed
1438 1684 1512 1710 nos
1532 1684 1696 1723 quoque

341 1734 420 1789 ipsi
453 1734 541 1774 sine
573 1732 770 1787 suffragio
801 1731 943 1786 populi
968 1731 1180 1786 auspicato
1205 1731 1450 1786 interregem
1475 1732 1696 1786 prodamus

342 1804 381 1837 et
405 1795 598 1850 privatim
624 1794 809 1849 auspicia
833 1793 1079 1843 habeamus,
1113 1808 1218 1846 quac
1243 1793 1310 1834 isti
1335 1808 1385 1833 ne
1410 1793 1452 1833 in
1482 1793 1699 1848 magistra-

343 1853 451 1894 tibus
488 1851 655 1906 quidem
691 1850 856 1892 habent.
905 1850 1005 1903 quid
1039 1850 1165 1905 igitur
1200 1849 1312 1890 aliud
1347 1864 1471 1903 quam
1509 1850 1611 1891 tollit
1647 1864 1699 1890 ex

342 1916 507 1957 civitate
532 1914 729 1968 auspicia,
756 1914 825 1967 qui
846 1913 1029 1968 plebeios
1050 1913 1240 1953 consules
1260 1913 1437 1953 creando
1457 1928 1481 1953 a
1499 1911 1698 1967 patribus,

343 1978 413 2032 qui
439 1977 515 2019 soli
541 1992 589 2018 ea
614 1976 765 2017 habere
784 1982 976 2031 possunt,
1003 1975 1162 2016 aufert?
1193 1975 1360 2016 eludant
1384 1989 1493 2015 nunc
1518 1974 1611 2016 licet
1635 1989 1700 2015 re-

341 2041 535 2096 ligiones:
574 2039 673 2093 quid
709 2039 817 2079 enim
855 2045 935 2088 est,
975 2038 1009 2079 si
1044 2038 1145 2093 pulli
1182 2053 1264 2079 non
1300 2044 1538 2092 pascentur,
1578 2037 1612 2078 si
1648 2051 1699 2078 ex

343 2118 470 2144 cavea
506 2102 661 2143 tardius
699 2101 888 2150 exierint,
935 2101 968 2141 si
1006 2100 1249 2142 occecinerit
1286 2100 1400 2141 avis?
1440 2115 1568 2154 parva
1605 2106 1700 2140 sunt

343 2166 463 2214 hacc,
513 2165 586 2205 sed
627 2179 754 2219 parva
795 2163 874 2204 ista
909 2178 993 2204 non
1028 2163 1328 2204 contemnendo
1364 2163 1538 2203 maiores
1575 2162 1701 2204 vestri

344 2228 566 2268 maximam
601 2226 708 2267 hanc
743 2240 830 2266 rem
867 2225 1070 2276 fecerunt3
1108 2240 1216 2266 nunc
1246 2240 1341 2275 nos,
1380 2231 1589 2279 tamquam
1619 2224 1702 2266 iam

343 2290 444 2330 nihil
468 2304 570 2345 pace
595 2289 766 2329 deorum
789 2303 893 2342 opus
915 2288 985 2337 sit,
1013 2303 1155 2329 omnes
1176 2288 1444 2329 caerimonias
1464 2287 1699 2342 polluimus.

344 2353 469 2407 vulgo
495 2367 593 2407 ergo
618 2351 851 2406 pontifices,
879 2366 1076 2406 augures,
1105 2351 1322 2391 sacrificuli
1346 2365 1466 2405 reges
1493 2356 1699 2399 creentur3

345 2415 511 2456 cuilibet
540 2414 700 2469 apicem
731 2413 900 2463 dialem,
933 2414 1157 2454 dummodo
1183 2413 1306 2454 homo
1339 2413 1408 2462 sit,
1440 2413 1700 2468 inponamus,

346 2477 555 2518 tradamus
581 2476 746 2525 ancilia,
773 2475 1016 2530 penetralia,
1044 2476 1142 2516 deos
1168 2476 1421 2528 deorumque
1448 2489 1587 2515 curam
1613 2473 1704 2528 qui-

347 2538 423 2579 bus
454 2539 573 2580 nefas
605 2545 686 2588 cst3
723 2553 805 2579 non
835 2538 950 2594 leges
977 2538 1189 2592 auspicato
1220 2537 1422 2586 scrantur,
1458 2552 1541 2578 non
1571 2536 1702 2591 magi-

347 2607 496 2641 stratus
517 2608 717 2650 creentur,
739 2615 815 2641 nec
835 2600 1072 2641 centuriatis
1093 2614 1170 2641 nec
1190 2599 1355 2641 curiatis
1376 2599 1550 2640 comitiis
1564 2604 1701 2653 patres

348 2669 534 2704 auctores
560 2663 677 2704 fiant:
711 2661 880 2705 Sextius
906 2669 945 2704 ct
969 2662 1159 2704 Licinius
1185 2668 1396 2716 tamquam
1420 2660 1623 2703 Romulus
1655 2673 1702 2700 ac
