1780 3204
425 214 580 249 Lmen
605 214 680 258 111,
706 213 805 246 1-4.
835 216 883 256 [a.
899 212 1146 256 04157-464]
1387 205 1464 245 12ῖ

112 319 263 372 Aequi,
288 317 479 372 pulsique
500 331 593 358 cum
612 317 655 357 in
671 316 774 356 fines
795 330 891 357 suos
912 330 956 356 se
974 315 1235 370 recepissent,
1261 315 1388 357 nihilo
1406 316 1469 356 in-

113 379 392 421 clinatioribus
429 379 481 419 ad
512 393 655 433 pacem
686 377 832 419 animis
861 377 980 418 ferox
1010 377 1227 418 multitudo
1258 378 1468 432 increpare

113 443 251 490 duces,
278 441 390 494 quod
413 441 456 481 in
479 440 621 489 aciem,
649 454 731 493 qua
754 439 968 494 pugnandi
992 445 1078 480 arte
1096 439 1309 480 Romanus
1335 440 1469 480 excel-

111 504 186 552 lat,
219 503 440 544 commissa
464 517 529 542 res
556 502 619 542 sit.
667 501 838 554 Aequos
864 500 1196 555 populationibus
1227 501 1468 542 incursioni·
1497 515 1532 544 13

112 565 272 618 busque
296 564 485 605 meliores
511 578 603 604 esse
629 570 668 604 ct
698 563 848 603 multas
879 563 1037 617 passim
1061 578 1207 604 manus
1234 577 1358 616 quam
1381 578 1468 604 ma-

112 642 237 681 gnam
262 626 412 667 molem
437 625 559 666 unius
585 625 787 665 exercitus
812 625 964 665 rectius
989 624 1097 666 bella
1120 639 1275 680 gerere.

196 688 277 729 ΠΙ.
330 687 492 729 Relicto
528 687 666 741 itaque
703 687 846 727 castris
888 686 1093 741 praesidio
1136 687 1293 742 egressi
1353 693 1466 728 tanto
1497 702 1507 729 1

112 764 205 790 cum
230 750 408 790 tumultu
432 749 618 790 invasere
644 749 746 789 fines
771 749 1001 797 Romanos,
1039 754 1084 788 ut
1114 749 1167 789 ad
1190 748 1334 790 urbem
1364 763 1466 803 quo-

112 826 191 864 quc
222 818 418 852 terrorem
447 810 697 865 pertulerint.
746 810 990 864 necopinata
1021 810 1143 850 etiam
1172 825 1238 851 res
1268 811 1361 865 plus
1387 819 1466 852 tre-

112 873 331 927 pidationis
352 873 461 921 fecit,
488 873 599 926 quod
617 872 718 912 nihil
736 872 885 920 minus,
912 885 1036 924 quam
1050 886 1100 912 ne
1120 872 1253 912 victus
1273 887 1320 913 ac
1339 887 1466 926 prope

112 935 152 974 111
179 935 323 975 castris
350 934 546 975 obsessus
567 933 696 974 hostis
715 948 872 974 memor
889 932 1166 987 populationis
1186 940 1307 983 esset,
1334 934 1468 975 timeri

111 1004 269 1051 poterat
299 1003 566 1052 agrestesque
589 996 728 1050 pavidi
752 995 979 1036 incidentes
1003 995 1151 1049 portis,
1187 1010 1272 1036 non
1294 995 1467 1049 popula-
1492 1009 1509 1037 3

111 1059 264 1099 tionem
294 1073 370 1099 nec
400 1058 653 1112 praedonum
685 1072 832 1111 parvas
857 1071 1024 1105 manus,
1063 1056 1155 1105 scd,
1193 1057 1330 1097 onmia
1359 1071 1466 1097 vano

110 1127 307 1175 augentes
332 1120 494 1167 timore,
533 1119 734 1159 exercitus
761 1125 801 1158 et
823 1117 1008 1172 legiones
1039 1117 1185 1158 adesse
1216 1117 1398 1158 hostium
1428 1124 1468 1158 et

110 1182 258 1222 infesto
290 1181 454 1236 agmine
483 1195 601 1220 ruere
631 1180 684 1220 ad
718 1178 863 1220 urbem
901 1178 1144 1220 clamabant.
1200 1179 1251 1220 ab
1287 1179 1337 1220 iis
1373 1194 1467 1234 pro-
1493 1195 1510 1221 4

108 1256 231 1283 xume
256 1242 395 1283 audita
419 1242 574 1282 incerta
598 1255 727 1294 eoque
752 1241 921 1281 vaniora
945 1240 1041 1281 ferri
1072 1241 1125 1281 ad
1156 1240 1270 1281 alios.
1320 1255 1465 1282 cursus

108 1305 341 1357 clamorque
377 1303 612 1344 vocantium
649 1303 702 1343 ad
743 1317 857 1343 arma
891 1302 992 1343 haut
1039 1302 1212 1343 multum
1255 1318 1279 1343 a
1313 1317 1466 1358 pavore

108 1372 250 1420 captae
275 1365 388 1407 urbis
415 1364 574 1406 abesse.

190 1428 316 1468 Forte
352 1427 403 1468 ab
434 1427 591 1481 Algido
623 1426 845 1479 Quinctius
882 1427 1027 1468 consul
1061 1427 1236 1468 redierat
1271 1427 1462 1468 Romam.
1490 1442 1508 1470 5

107 1491 149 1530 id
174 1490 355 1531 medium
378 1489 512 1530 timori
537 1489 614 1530 fuit
638 1489 898 1542 tumultuque
924 1489 1065 1531 sedato
1089 1490 1221 1531 victos
1246 1490 1380 1531 timeri
1403 1491 1465 1531 in-

108 1566 277 1606 crepans
301 1552 456 1601 hostes,
481 1551 686 1605 praesidia
709 1551 837 1605 portis
862 1551 1056 1606 inposuit.
1107 1559 1254 1593 vocato
1279 1552 1374 1592 dein
1400 1567 1464 1593 se-
1491 1566 1508 1595 0

109 1621 219 1663 natu,
246 1628 340 1654 cum
378 1628 431 1654 cx
455 1614 694 1654 auctoritate
719 1620 882 1667 patrum
925 1614 1080 1654 iustitio
1104 1614 1258 1655 indicto
1303 1614 1466 1668 profec-

110 1682 175 1715 tus
212 1675 265 1715 ad
294 1675 486 1716 tutandos
515 1675 619 1715 fines
651 1681 778 1724 esset,
818 1674 870 1727 Q.
905 1673 1081 1716 Servilio
1110 1675 1320 1730 praefecto
1351 1675 1464 1716 urbis

110 1736 262 1784 relicto,
287 1736 447 1777 hostem
471 1737 514 1776 in
538 1737 647 1791 agris
672 1752 755 1777 non
779 1737 948 1777 invenit.

195 1796 265 1838 Ab
291 1797 417 1838 altero
442 1798 610 1838 consule
634 1812 699 1838 res
725 1805 845 1852 gesta
869 1798 1035 1852 egregie
1060 1804 1140 1847 est,
1167 1799 1238 1851 qui
1263 1813 1344 1852 qua
1368 1813 1466 1839 ven·
1494 1814 1508 1841 7

111 1866 246 1899 turum
281 1858 441 1899 hostem
473 1858 645 1908 sciebat,
683 1874 852 1914 gravem
882 1860 1035 1913 praeda
1066 1874 1195 1913 eoque
1225 1861 1466 1915 inpeditiore

111 1921 275 1975 agmine
299 1921 556 1961 incedentem
581 1921 816 1975 adgressus,
842 1920 1050 1962 funestam
1074 1922 1382 1976 populationem
1405 1923 1467 1964 fe-

111 1983 176 2023 cit.
225 1982 348 2037 pauci
371 1982 552 2023 hostium
577 1997 744 2023 evasere
770 1997 821 2022 ex
844 1982 1022 2032 insidiis,
1054 1984 1209 2037 praeda
1239 1984 1372 2025 omnis
1402 1999 1467 2026 re-
1491 2000 1510 2027 s

111 2050 228 2098 cepta
253 2050 328 2084 est.
378 2044 436 2084 sic
459 2043 584 2084 finem
607 2044 774 2092 iustitio,
801 2044 912 2096 quod
937 2045 1212 2097 quadriduum
1237 2045 1333 2095 fuit,
1358 2046 1465 2086 redi-
1514 2083 1518 2086 .

110 2112 176 2146 tus
203 2104 372 2158 Quincti
397 2105 576 2146 consulis
601 2105 644 2145 in
668 2105 812 2146 urbem
837 2105 948 2146 fecit.

195 2166 360 2208 Census
384 2167 531 2208 deinde
556 2173 671 2208 actus
697 2174 737 2208 et
756 2168 962 2208 conditum
985 2167 1036 2209 ab
1058 2167 1252 2220 Quinctio
1276 2169 1463 2210 lustrum.
1492 2182 1509 2211 9

111 2242 234 2268 censa.
253 2229 404 2269 civium
424 2229 557 2283 capita
576 2235 740 2269 centum
758 2235 950 2282 quattuor
967 2229 1079 2270 milia
1099 2245 1145 2270 ac
1165 2237 1329 2271 centum
1347 2240 1465 2284 quat-

111 2289 335 2331 tuordecim
359 2290 548 2331 dicuntur
571 2297 732 2344 praeter
756 2290 876 2332 orbos
902 2290 1118 2344 orbasque.
1161 2291 1204 2332 in
1224 2291 1382 2345 Aequis
1402 2293 1463 2333 ni-
1494 2307 1532 2335 1«)

111 2350 168 2390 hil
192 2351 338 2392 deinde
363 2351 626 2392 memorabile
651 2358 806 2393 actum:
837 2353 879 2393 in
904 2353 1056 2407 oppida
1081 2367 1155 2394 sua
1186 2368 1230 2394 50
1260 2368 1462 2408 recepere,

112 2412 172 2452 uri
198 2428 272 2454 sua
296 2413 563 2468 popularique
581 2414 706 2468 passi.
745 2414 890 2455 consul
910 2429 1003 2455 cum
1023 2414 1266 2468 aliquotiens
1285 2430 1359 2470 per
1377 2430 1464 2457 om-

111 2488 204 2514 nem
236 2474 417 2515 hostium
448 2490 593 2530 agrum
623 2475 970 2530 infesto-agmine
1000 2476 1318 2531 populabundus
1348 2477 1461 2527 isset,

111 2550 203 2576 cum
228 2537 384 2591 ingenti
408 2537 528 2578 laude
553 2538 786 2591 praedaque
811 2537 990 2579 Romam
1013 2539 1144 2579 rediit.

194 2598 298 2639 1111.
349 2597 553 2640 Consules
584 2599 678 2640 inde
697 2599 752 2640 A.
772 2599 1013 2641 Postumius
1039 2600 1188 2651 Albus,
1217 2600 1290 2656 Sp.
1311 2601 1461 2643 Furius
1490 2617 1503 2645 1

113 2659 258 2701 Fusus.
307 2661 455 2702 Furios
479 2661 630 2703 Fusios
656 2663 856 2717 scripsere
881 2662 1047 2716 quidam
1056 2679 1066 2712 ;
1097 2663 1140 2703 id
1165 2663 1385 2713 admoneo,
1412 2679 1463 2705 ne

1491 824 1509 853 N)
