1780 3204
374 247 528 282 LIBER
552 246 662 291 VIII,
690 246 742 280 14.
763 246 815 280 15.
843 248 891 289 [a.
907 245 1130 290 C.338.337]
1345 237 1428 278 413

82 358 336 400 statueretur,
380 350 415 392 si
450 350 500 391 de
538 349 710 404 singulis
746 349 986 390 nominatim
1022 349 1219 391 referrent
1253 350 1427 405 populis.

79 416 251 457 relatum
281 414 406 469 igitur
436 413 486 453 de
518 412 689 466 singulis
721 412 1024 466 decretumque.
1071 412 1303 453 Lanuvinis
1329 412 1427 453 eivi-
1453 425 1471 455 ·2

79 484 142 518 tas
167 477 262 517 data
288 489 485 528 sacraque
512 489 586 514 sua
610 474 768 514 reddita
793 488 886 513 eum
912 489 979 522 eo,
1012 480 1056 514 111
1081 475 1202 515 aedes
1228 474 1428 527 lucusque

81 538 272 593 Sospitae
302 537 473 578 Iunonis
505 536 733 577 eommunis
764 536 996 576 Lanuvinis
1026 536 1302 591 municipibus
1334 551 1427 577 cum

79 600 231 655 populo
256 600 445 641 Romano
476 605 597 639 esset.
657 597 815 638 Aricini
845 597 1172 651 Nomentanique
1205 605 1243 639 et
1267 598 1426 638 Pedani
1453 613 1471 641 3

81 663 225 703 00110111
250 662 335 702 iure
361 675 442 714 (1110
467 660 679 701 Lanuvini
702 660 745 699 in
770 659 975 700 civitatem
1002 660 1169 714 accepti.
1225 660 1427 700 Tuscula-
1453 674 1472 701 4

79 724 142 764 nis
170 729 329 764 servata
355 723 496 763 civitas
523 737 646 775 quam
671 721 895 770 habebant,
929 722 1162 775 crimenque
1192 721 1425 763 rebellionis

80 800 104 825 a
129 785 293 839 publiea
317 784 460 825 fraude
485 784 528 824 in
551 798 704 837 paucos
736 789 922 823 auctores
954 798 1131 824 versum.
1186 784 1229 824 in
1252 783 1429 824 Veliter-
1454 798 1473 825 5

80 862 173 895 nos,
212 853 369 887 veteres
407 846 515 886 cives
546 846 776 893 Romanos,
815 845 924 898 quod
961 846 1108 886 totiens
1145 845 1425 895 rebellassent,

79 908 258 962 graviter
277 908 494 949 saevitum:
521 914 560 948 et
579 907 684 947 muri
705 907 851 948 deiecti
870 913 909 947 et
929 913 1092 948 senatus
1112 907 1206 948 inde
1225 907 1426 948 abductus

78 970 263 1022 iussique
288 977 398 1011 trans
425 969 609 1010 Tiberim
633 969 834 1018 habitare,
861 975 906 1009 ut
931 970 1036 1018 eius,
1063 970 1134 1023 qui
1159 970 1216 1010 cis
1243 969 1425 1010 Tiberim
1453 983 1470 1011 6

79 1031 359 1086 deprehensus
386 1038 512 1081 esset,
544 1046 674 1085 usque
701 1032 753 1071 ad
777 1031 886 1072 mille
911 1032 1046 1085 pondo
1077 1031 1287 1086 clarigatio
1319 1037 1427 1071 esset

78 1108 153 1134 nec
173 1094 286 1147 prius
306 1108 429 1146 quam
448 1108 539 1134 aere
558 1093 766 1148 persoluto
784 1093 820 1134 is
840 1093 910 1146 qui
929 1093 1106 1146 cepisset
1125 1100 1239 1133 extra
1263 1093 1428 1132 vincula

79 1162 245 1209 captum
263 1155 444 1196 haberet.
479 1156 521 1195 in
541 1170 685 1209 agrum
705 1162 938 1195 senatorum
958 1154 1091 1194 coloni
1114 1154 1248 1203 missi,
1276 1154 1425 1207 quibus
1454 1168 1470 1195 7

78 1217 294 1270 adscriptis
315 1217 492 1271 speciem
511 1217 701 1269 antiquae
714 1216 965 1268 frequentiae
978 1214 1159 1256 Velitrae
1173 1221 1426 1269 receperunt.

79 1286 117 1319 et
136 1278 311 1319 Antium
335 1293 443 1319 nova
468 1278 626 1318 colonia
650 1278 778 1318 missa
803 1292 896 1318 eum
922 1292 987 1326 eo,
1014 1284 1059 1317 111
1078 1276 1316 1318 Antiatibus
1337 1291 1428 1331 per·
1452 1290 1471 1318 S

77 1340 322 1389 mitteretur,
360 1341 394 1381 si
425 1347 463 1381 et
494 1340 573 1394 ipsi
603 1339 780 1380 adscribi
811 1339 943 1380 coloni
968 1340 1137 1389 vellent3
1174 1354 1300 1381 naves
1330 1340 1425 1380 inde

76 1402 224 1457 longae
250 1402 437 1451 abactae,
463 1402 804 1456 interdictumque
824 1402 926 1442 mari
944 1401 1105 1442 Antiati
1123 1401 1275 1456 populo
1301 1409 1362 1442 est
1387 1408 1426 1442 et

78 1464 220 1504 civitas
247 1465 354 1505 (lata.
405 1464 598 1505 Tiburtes
617 1464 957 1517 Praenestinique
983 1480 1082 1519 agro
1107 1464 1268 1504 multati
1292 1479 1424 1517 neque
1453 1478 1470 1508 9

78 1525 129 1567 ob
159 1540 301 1567 recens
335 1533 493 1567 tantum
523 1526 756 1567 rebellionis
788 1541 1003 1567 commune
1030 1542 1123 1567 eum
1148 1526 1237 1567 aliis
1262 1527 1425 1567 Latinis

78 1589 247 1638 crimen,
275 1589 348 1630 sed
368 1589 477 1642 quod
496 1589 630 1630 taedio
648 1589 809 1643 imperii
822 1589 999 1630 Romani
1019 1604 1112 1630 cum
1128 1587 1277 1637 Gallis,
1305 1596 1426 1643 gente

77 1650 260 1700 efferata,
288 1666 399 1691 arma
419 1651 626 1704 quondam
646 1651 963 1692 consociassent.
1009 1651 1151 1691 ceteris
1171 1651 1334 1690 Latinis
1353 1665 1426 1704 po-
1455 1664 1494 1691 10

75 1712 182 1766 pulis
203 1712 379 1753 conubia
397 1713 723 1766 commerciaque
744 1719 783 1753 et
803 1713 972 1753 concilia
990 1713 1096 1753 inter
1116 1727 1158 1753 50
1174 1712 1425 1752 ademerunt.

78 1773 321 1828 Campanis,
354 1775 537 1827 equitum
568 1775 731 1816 honoris
764 1789 905 1824 causa,
938 1775 1034 1827 quia
1059 1789 1152 1815 cum
1176 1774 1339 1815 Latinis
1364 1789 1428 1814 re-

75 1835 229 1876 bellare
259 1836 504 1885 noluissent,
536 1837 830 1890 Fundanisque
862 1843 901 1877 et
925 1836 1176 1885 Formianis,
1215 1837 1326 1889 quod
1354 1851 1428 1890 per

76 1898 168 1938 finis
195 1913 336 1939 eorum
360 1905 447 1939 tuta
470 1906 697 1952 pacataque
719 1913 880 1953 semper
897 1898 1045 1940 fuisset
1063 1899 1147 1947 1-111,
1175 1899 1317 1940 civitas
1338 1899 1425 1939 sine

77 1960 275 2014 suffragio
307 1961 413 2001 data.
476 1960 686 2001 Cumanos
715 1960 1074 2014 Suessulanosque
1106 1961 1291 2001 eiusdem
1323 1960 1422 2001 iuris
1452 1975 1488 2002 11

77 2022 426 2075 condicionisque,
460 2022 575 2063 euius
603 2022 809 2076 Capuam,
842 2037 933 2063 esse
957 2022 1123 2076 placuit.
1183 2036 1309 2062 naves
1334 2021 1425 2062 An·
1453 2035 1491 2064 12

76 2083 235 2123 tiatium
270 2084 419 2138 partim
453 2083 495 2123 in
530 2084 693 2124 navalia
727 2084 885 2125 Romae
923 2084 1148 2125 subductae
1183 2083 1331 2138 partim
1366 2083 1427 2123 in-

76 2160 236 2195 censae,
260 2147 484 2199 rostrisque
521 2161 660 2187 earum
697 2154 942 2202 suggestum
977 2147 1019 2187 in
1054 2147 1143 2187 foro
1175 2147 1427 2187 exstructum

76 2208 266 2249 adornari
289 2209 460 2263 placuit,
487 2216 699 2262 rostraque
723 2209 766 2250 id
791 2210 991 2264 templum
1015 2209 1277 2263 appellatum.

159 2269 262 2310 XV.
323 2270 372 2311 C.
402 2269 585 2325 Sulpicio
610 2272 780 2326 Longo,
811 2271 860 2312 P.
887 2271 1008 2312 Aelio
1033 2270 1162 2311 Paeto
1188 2269 1425 2312 consulibus
1454 2285 1468 2312 1

77 2346 170 2372 cum
190 2332 327 2372 omnia
344 2347 426 2372 non
444 2347 543 2387 opes
563 2333 696 2388 magis
710 2333 923 2374 Romanae
943 2348 1065 2386 quam
1086 2332 1295 2374 benefieiis
1308 2339 1426 2387 parta

75 2393 207 2447 gratia
237 2393 346 2434 bona
374 2408 475 2448 paee
506 2394 723 2444 obtineret,
760 2395 865 2436 inter
889 2394 1095 2436 Sidicinos
1120 2394 1425 2448 Auruncosque

76 2456 228 2496 bellum
254 2463 398 2497 ortum.
446 2456 635 2498 Aurunci
660 2458 708 2498 T.
735 2457 893 2499 Manlio
919 2458 1085 2499 consule
1110 2458 1153 2498 in
1177 2458 1425 2498 deditionem
1450 2468 1468 2498 2

76 2517 233 2572 accepti
257 2517 356 2558 nihil
380 2518 475 2558 inde
500 2525 729 2560 moverant:
767 2534 814 2560 eo
838 2520 1005 2573 petendi
1030 2519 1171 2560 auxilii
1195 2519 1246 2560 ab
1271 2519 1425 2560 Roma-

75 2578 139 2618 nis
171 2593 295 2620 causa
323 2579 468 2620 iustior
496 2579 585 2620 fuit.
637 2581 709 2620 sed
738 2581 979 2634 priusquam
1009 2581 1197 2622 consules
1235 2580 1286 2622 ab
1321 2580 1422 2621 urbe
1450 2593 1468 2622 3

75 2664 129 2669 —«
160 2640 336 2681 iusserat
360 2640 468 2681 enim
495 2647 660 2682 senatus
686 2641 852 2682 defendi
875 2644 1096 2684 Auruncos
1122 2668 1176 2672 ——
1201 2643 1424 2684 exercitum

76 2701 313 2752 educerent,
345 2702 456 2744 fama
481 2703 674 2753 adfertur,
702 2702 921 2746 Auruncos
946 2710 1060 2746 metu
1084 2705 1281 2760 oppidum
1306 2705 1423 2746 dese·
1448 2718 1468 2747 4
