1780 3204
514 193 667 228 LIBER
691 194 744 238 x,
766 194 819 228 30.
834 195 887 228 31.
916 196 964 237 [a.
981 193 1019 229 C.
1033 195 1114 238 295]
1408 186 1488 227 527

135 297 256 338 etiam
293 297 456 352 egregie
494 304 556 338 est
586 297 961 350 Perusinorumque
992 305 1032 338 et
1065 297 1330 338 Clusinorum
1368 312 1488 339 caesa
1513 311 1531 340 2

135 359 308 412 amplius
334 359 446 399 milia
465 359 539 400 tria
559 366 597 399 et
617 359 735 413 signa
754 359 944 399 militaria
962 360 1014 400 ad
1032 359 1177 414 viginti
1196 366 1326 414 capta.
1367 358 1487 401 Sam·
1513 373 1530 401 :3

134 424 278 464 nitium
304 438 452 479 agmen
478 438 570 464 cum
589 438 662 478 per
673 423 919 477 Paelignum
945 438 1089 478 agrum
1114 423 1287 478 fugeret,
1315 424 1487 464 circum-

134 493 300 525 ventum
320 485 566 540 aPaelignis
588 492 668 535 est3
695 500 745 525 ex
764 485 929 526 milibus
950 486 1130 539 quinque
1155 485 1207 526 ad
1232 485 1341 526 mille
1364 485 1484 526 caesi.

218 548 377 602 Magna
402 548 488 588 eius
515 548 606 596 (liei,
633 562 713 600 quo
733 548 776 588 in
791 546 995 588 Sentinati
1020 563 1120 603 agro
1145 547 1354 596 bellatum,
1375 547 1486 588 fama
1511 558 1531 587 4

135 616 197 649 cst
228 609 350 649 etiam
380 623 478 650 vero
510 609 656 650 stanti:
694 609 767 650 sed
804 609 1057 664 superiecere
1093 610 1260 663 quidam
1296 609 1485 664 augendo

134 670 276 719 fidem,
315 671 385 724 qui
420 671 463 711 in
498 671 677 712 hostium
713 670 894 710 exercitu
933 671 1119 725 peditum
1161 671 1273 711 milia
1310 685 1482 720 cccxxx,
1512 683 1531 711 5

135 732 315 785 equitum
338 747 409 773 sex
429 740 467 773 et
487 732 757 787 quadraginta
777 732 901 781 milia,
921 732 1031 773 mille
1056 739 1341 788 carpentorum
1360 733 1487 786 scrip-

135 809 222 834 sere
249 794 390 843 fuisse,
419 795 573 835 scilicet
598 809 690 835 cum
716 794 888 835 Umbris
909 794 1152 848 Tuscisque,
1180 809 1283 848 quos
1309 801 1349 835 et
1371 795 1484 849 ipsos
1512 805 1529 834 6

134 871 300 910 pugnae
326 856 510 897 adfuisse
520 873 529 906 3
568 864 607 897 et
631 863 676 897 ut
700 856 982 897 Romanorum
1008 871 1171 910 quoque
1197 863 1394 911 augerent
1420 871 1487 897 co-

132 918 240 971 pias,
266 919 318 958 L.
347 917 613 959 Volumnium
643 933 717 972 pro
743 918 910 959 consule
935 918 1082 958 ducem
1108 918 1345 959 consulibus
1372 932 1486 959 exer-

134 979 340 1032 citumque
373 980 460 1021 cius
491 980 721 1035 legionibus
748 980 961 1020 consulum
988 980 1180 1020 adiciunt.
1228 980 1269 1019 in
1299 979 1484 1033 pluribus
1513 991 1529 1019 7

132 1041 347 1082 annalibus
379 1042 553 1082 duorum
580 1057 627 1082 ea
658 1041 872 1082 consulum
904 1042 1066 1095 propria
1096 1041 1266 1082 victoria
1296 1048 1375 1089 est,
1401 1041 1487 1081 Vo-

132 1101 310 1143 lumnius
336 1103 376 1143 in
399 1102 568 1144 Samnio
593 1103 754 1143 interim
779 1117 843 1143 res
869 1103 985 1157 gerit,
1015 1101 1344 1155 Samnitiumque
1371 1117 1487 1142 exer-

131 1163 256 1213 citum
280 1164 322 1204 in
348 1164 561 1204 Tifernum
588 1170 768 1204 montem
794 1163 1037 1217 conpulsum
1062 1178 1145 1204 non
1169 1163 1384 1204 deterritus
1410 1163 1485 1203 ini-

130 1226 283 1278 quitate
308 1226 386 1267 loci
411 1226 544 1266 fundit
569 1226 780 1281 fugatque.

209 1287 261 1339 Q.
276 1287 430 1328 Fabius
445 1287 632 1328 Deciano
653 1287 834 1328 exerc-itu
852 1287 993 1327 relicto
1013 1287 1054 1327 in
1067 1286 1258 1327 Etruriae
1277 1287 1483 1341 praesidio
1509 1298 1529 1328 S

129 1348 214 1389 suis
244 1349 475 1403 legionibus
507 1349 693 1389 deductis
720 1349 772 1389 ad
802 1348 945 1390 urbem
977 1349 1026 1389 de
1054 1347 1185 1390 Gallis
1211 1348 1483 1402 Etruscisque

128 1423 175 1450 ac
203 1408 459 1451 Samnitibus
491 1410 769 1465 triumphavit.
819 1410 969 1451 milites
1002 1410 1321 1464 triumphantem
1353 1411 1481 1451 secuti
1509 1423 1526 1453 9

129 1477 234 1512 sunt.
274 1471 477 1513 celebrata
501 1472 720 1513 inconditis
747 1471 995 1513 carminibus
1022 1471 1265 1512 militaribus
1291 1486 1371 1512 non
1397 1487 1483 1512 ma-

127 1532 191 1587 gis
223 1533 394 1574 victoria
425 1533 477 1586 Q.
505 1534 625 1574 Fabii
661 1548 785 1586 quam
822 1548 932 1574 mors
968 1533 1179 1588 praeclara
1208 1533 1257 1574 P.
1283 1533 1390 1574 Deci
1421 1540 1483 1574 est

128 1594 383 1647 excitataque
409 1596 605 1635 memoria
630 1595 810 1649 parentis
837 1602 1013 1648 aequata
1038 1601 1185 1636 eventu
1211 1594 1376 1648 publico
1401 1596 1482 1649 pri-

127 1662 301 1708 vatoque
326 1656 383 1696 fili
407 1656 610 1697 laudibus.
655 1657 750 1697 data
768 1671 819 1696 ex
843 1657 994 1710 praeda
1020 1656 1216 1697 militibus
1242 1657 1346 1697 aeris
1372 1664 1483 1698 octo·
1511 1672 1548 1700 10

127 1717 222 1771 geni
248 1717 331 1757 bini
357 1733 538 1772 sagaque
564 1725 604 1759 et
629 1719 807 1766 tunicae,
840 1719 1022 1773 praemia
1046 1719 1115 1759 illa
1140 1725 1381 1773 tempestate
1406 1721 1482 1760 mi-

126 1779 234 1819 litiae
260 1779 579 1832 haudquaquam
605 1780 846 1834 spernenda.

209 1840 389 1881 XXXI.
422 1841 502 1882 His
528 1842 584 1882 ita
607 1841 731 1882 rebus
756 1842 884 1896 gestis
905 1856 979 1882 nce
1000 1842 1041 1882 in
1063 1840 1318 1883 Samnitibus
1345 1843 1479 1885 adhuc
1509 1858 1520 1885 1

126 1917 201 1943 nec
226 1902 267 1942 in
286 1902 454 1944 Etruria
477 1918 559 1958 pax
584 1910 686 1944 erat:
713 1919 808 1944 nam
831 1910 869 1944 et
888 1903 1100 1945 Perusinis
1127 1904 1360 1945 auctoribus
1386 1912 1479 1959 post

126 1964 347 2005 deductum
367 1964 418 2006 ab
440 1966 606 2006 consule
627 1966 850 2006 exercitum
875 1966 1118 2007 rebellatum
1137 1966 1282 2016 fuerat,
1304 1974 1341 2007 et
1359 1966 1478 2008 Sam-

129 2025 232 2066 nites
269 2026 508 2080 praedatum
545 2028 587 2067 in
623 2042 767 2082 agrum
799 2025 1024 2068 Vescinum
1056 2028 1403 2082 Formianumque
1439 2036 1478 2069 et

125 2094 240 2142 parte
266 2088 344 2128 alia
369 2089 410 2128 in
435 2088 713 2130 Aeserninum
738 2103 925 2143 quaeque
951 2089 1155 2130 Vulturno
1187 2090 1373 2133 adiacent
1402 2090 1478 2130 flu-

126 2150 224 2190 mini
249 2151 508 2192 descendere.
558 2151 755 2192 adversus
782 2167 852 2192 eos
872 2151 954 2206 Ap.
972 2151 1170 2193 Claudius
1197 2159 1358 2207 praetor
1383 2168 1475 2193 cum

126 2212 305 2253 exercitu
334 2213 522 2254 Deciano
559 2214 723 2255 missus.
782 2214 938 2256 Fabius
974 2215 1017 2254 in
1052 2215 1219 2256 Etruria
1254 2215 1476 2256 rebellante

126 2276 259 2316 ‹lenuo
290 2282 480 2328 quattuor
509 2277 621 2317 milia
651 2283 690 2317 et
719 2277 964 2332 quingentos
990 2277 1284 2317 Perusinorum
1316 2278 1474 2327 occidit,

127 2337 234 2391 cepit
259 2338 311 2378 ad
335 2338 444 2378 mille
471 2339 750 2393 septingentos
778 2340 1060 2394 quadraginta,
1082 2340 1151 2392 qui
1176 2340 1374 2394 redempti
1394 2340 1476 2381 sin·
1502 2354 1520 2382 4

125 2398 211 2453 guli
247 2399 350 2440 aeris
382 2401 572 2440 trecentis
605 2401 771 2450 decem3
808 2402 961 2455 praeda
992 2401 1071 2441 alia
1108 2401 1240 2441 omnis
1278 2401 1474 2443 militibus

125 2475 332 2501 concessa.
378 2459 626 2502 Samnitium
650 2462 846 2517 legiones,
874 2477 966 2503 cum
991 2469 1149 2517 partem
1174 2462 1256 2518 Ap.
1273 2462 1473 2504 Claudius
1500 2478 1518 2506 5

124 2528 302 2576 praetor,
329 2529 486 2577 partem
511 2524 563 2563 L.
585 2523 832 2565 Volumnius
858 2539 932 2578 pro
959 2524 1125 2566 consule
1153 2532 1406 2577 sequeretur,
1433 2526 1474 2565 in

124 2599 270 2638 agrum
297 2583 510 2625 Stellatem
541 2592 832 2626 convenerunt.
887 2585 943 2626 ibi
974 2593 1014 2626 ct
1046 2585 1294 2626 Samnitium
1330 2601 1472 2628 omncs

125 2646 341 2687 considunt
383 2653 421 2687 et
457 2646 622 2701 Appius
659 2646 989 2701 Volumniusque
1031 2655 1164 2688 castra
1207 2648 1470 2703 coniungunt.

1505 1980 1523 2009 [ὗ

1502 2167 1520 2196 02
