1835 3226
367 211 446 251 122
645 215 797 250 ΜΒΓ-Αἰ
824 214 878 258 11,
905 214 1049 247 6-2-64.
1078 216 1174 255 [mu.
1192 215 1430 261 ezei-⁶250]

320 335 339 364 ‘2
365 326 586 374 tempestas
613 332 704 358 cum
730 316 929 371 grandine
960 330 1008 356 ae
1039 317 1255 357 tonitribus
1288 317 1401 358 caelo
1432 318 1599 359 deiecta.
1649 320 1720 360 ad-

365 380 620 421 mirationem
650 378 798 418 deinde
834 377 948 418 auxit
979 377 1098 432 signo
1128 378 1311 432 receptui
1341 379 1437 419 dato
1473 380 1576 420 adeo
1612 387 1720 422 tran-

363 441 490 495 quilla
526 440 723 481 serenitas
759 439 937 488 reddita,
980 447 1026 480 ut
1060 440 1127 480 vel
1162 440 1329 480 numine
1372 440 1508 494 aliquo
1551 441 1721 483 defensa

364 509 497 544 castra
521 515 760 556 oppugnare
783 501 932 541 iterum
955 501 1100 556 religio
1124 501 1259 542 fuerit.
1309 502 1441 557 omnis
1466 502 1526 542 ira
1550 502 1646 543 belli
1670 504 1721 544 ad

320 582 338 607 ;;
363 564 671 619 populationem
696 563 785 618 agri
808 563 941 603 vertit.
981 563 1083 604 alter
1101 563 1244 604 consu]
1262 562 1468 604 Aemilius
1489 564 1532 604 in
1553 562 1721 605 Sabinis

364 626 516 666 bellum
547 625 689 680 gessit.
739 631 778 665 et
807 624 884 674 ibi,
922 626 1019 678 quia
1049 625 1179 666 hostis
1210 625 1425 667 moenibus
1463 641 1506 666 se
1543 626 1720 675 tenebat,

318 704 337 730 -i
365 687 512 728 vastati
543 687 632 741 agri
664 693 771 727 sunt.
826 686 1026 728 incendiis
1058 687 1205 727 deinde
1241 681 1324 727 iion
1359 687 1548 728 villarum
1583 688 1720 735 modo,

364 749 436 790 sed
461 749 584 789 etiam
614 748 805 796 vicorum,
833 748 982 801 quibus
1008 748 1244 801 frequenter
1267 749 1547 799 habitabatur,
1577 748 1721 790 Sabini

363 810 485 851 exciti
510 825 604 850 eum
628 809 940 864 praedatoribus
966 811 1258 859 occurrissent,
1291 811 1458 865 ancipiti
1482 811 1637 865 proelio
1662 811 1722 851 di-

317 889 336 916 5
362 873 495 928 gressi
519 879 683 927 postero
709 872 775 913 die
800 872 973 913 retulere
1006 879 1140 913 castra
1163 873 1206 913 in
1232 873 1380 913 tutiora
1404 873 1506 914 loca.
1554 873 1598 913 id
1623 872 1722 914 satis

363 935 521 976 consuli
546 935 700 984 visum,
740 949 812 975 cur
836 949 909 988 pro
934 934 1043 975 vieto
1067 934 1315 988 relinqueret
1344 935 1524 984 hostem,
1562 935 1721 989 integro

363 998 458 1037 inde
483 997 688 1038 decedens
713 996 834 1037 bello.

322 1074 331 1101 1
446 1058 619 1099 LXIII.
656 1058 770 1098 Inter
793 1058 895 1099 haee
919 1058 1027 1099 bella
1051 1066 1242 1099 manente
1268 1058 1472 1099 discordia
1497 1058 1608 1099 domi
1627 1072 1722 1099 eon-

319 1136 336 1163 2
365 1119 474 1160 sules
506 1119 626 1160 Titus
657 1119 873 1160 Numicius
905 1119 1094 1169 Priscus,
1132 1120 1186 1160 A.
1219 1119 1443 1175 Verginius
1474 1119 1586 1160 facti.
1640 1135 1721 1161 non

363 1181 468 1222 ultra
493 1180 708 1221 videbatur
732 1181 863 1222 latura
887 1181 1029 1235 plebes
1056 1181 1292 1222 dilationem
1323 1181 1507 1236 agrariae
1531 1181 1635 1235 legis
1659 1181 1721 1221 ul-

363 1245 543 1297 timaque
570 1244 631 1284 vis
658 1243 898 1298 parabatur,
937 1259 1031 1284 cum
1056 1244 1233 1285 Volscos
1266 1244 1412 1285 adesse
1443 1244 1558 1284 sumo
1585 1259 1635 1284 ex
1660 1244 1720 1284 in-

363 1305 517 1346 cendiis
542 1305 731 1345 vvillarum
757 1306 938 1359 fugaque
965 1307 1189 1360 agrestium
1215 1306 1425 1360 cognitum
1457 1313 1531 1346 est.
1581 1320 1629 1346 ea
1653 1320 1718 1346 res

363 1375 566 1407 maturam
590 1368 672 1407 iam
699 1367 940 1407 seditionem
972 1382 1019 1408 ae
1044 1381 1170 1421 prope
1203 1375 1485 1421 erumpentem
1511 1367 1716 1421 repressit.

319 1443 337 1472 :3
364 1429 553 1470 consules
591 1436 732 1470 coacto
771 1430 976 1483 extemplo
1013 1437 1175 1478 senatu,
1214 1429 1266 1470 ad
1301 1429 1453 1470 bellum
1491 1429 1638 1469 educta
1668 1443 1718 1469 ex

362 1490 463 1531 urbe
500 1491 710 1531 iuventute
747 1491 1067 1543 tranquilliorem
1105 1498 1280 1531 ceteram
1322 1491 1485 1545 plebem
1521 1490 1716 1531 fecerunt.

318 1568 335 1594 -1
363 1559 401 1592 et
426 1552 564 1592 hostes
591 1553 774 1605 quidem,
812 1553 911 1592 nihil
938 1553 1049 1593 aliud
1078 1567 1202 1605 quam
1226 1552 1405 1606 perfusis
1437 1568 1543 1593 vano
1574 1553 1718 1593 timore

319 1627 336 1652 Γ,
362 1613 575 1662 Romanis,
603 1614 725 1653 citato
751 1614 914 1668 agmine
941 1614 1105 1654 abeunt.
1142 1614 1356 1654 Numicius
1377 1613 1551 1653 Antium
1576 1614 1720 1654 adver-

364 1689 434 1715 sus
460 1674 659 1723 Volscos,
692 1674 915 1730 Verginius
943 1682 1083 1716 contra
1106 1674 1278 1727 Aequos
1309 1675 1532 1729 profectus.
1581 1675 1639 1716 ibi
1670 1689 1719 1715 ex

362 1736 521 1777 insidiis
552 1751 679 1790 prope
710 1752 862 1791 magna
893 1744 1062 1790 accepta
1093 1737 1226 1785 clade,
1264 1737 1392 1777 virtus
1429 1737 1605 1776 militum
1634 1751 1720 1776 rem

319 1813 336 1840 e
362 1797 598 1852 prolapsam
622 1798 884 1853 neglegentia
909 1798 1089 1838 consulis
1108 1798 1296 1838 restituit.
1329 1798 1474 1838 melius
1494 1798 1536 1838 in
1554 1797 1719 1838 Volscis

362 1860 608 1913 imperatum
640 1867 719 1900 est:
756 1859 841 1900 fusi
869 1860 1002 1914 primo
1031 1859 1186 1914 proelio
1211 1859 1350 1900 hostes
1382 1859 1564 1914 fugaque
1588 1860 1631 1900 in
1655 1874 1722 1901 ur·

362 1922 455 1963 bem
469 1922 656 1971 Antium,
682 1929 728 1962 ut
747 1929 834 1962 tum
853 1937 917 1963 res
938 1929 1065 1971 erant,
1092 1922 1447 1976 opulentissimam
1468 1922 1559 1963 aeti.
1597 1937 1719 1976 quani

363 1984 506 2024 consul
532 1999 772 2039 oppugnare
796 1999 880 2025 non
904 1999 1050 2034 ausus,
1090 1983 1348 2033 Caenonem,
1386 1984 1498 2024 aliud
1523 1985 1720 2038 oppidum

321 2060 335 2087 .·
362 2060 624 2099 nequaquam
660 2053 744 2086 tam
780 2046 1038 2100 opulentum,
1077 2045 1128 2086 ab
1165 2045 1405 2086 Antiatibus
1443 2046 1561 2100 cepit.
1621 2046 1719 2086 dum

362 2107 501 2160 Aequi
526 2106 752 2161 Volscique
771 2107 984 2149 Romanos
1010 2107 1213 2148 exereitus
1239 2114 1390 2156 tenent,
1419 2105 1564 2148 Sabini
1588 2121 1719 2161 usque

362 2169 413 2209 ad
438 2176 577 2223 portas
602 2169 714 2211 urbis
746 2169 991 2224 populantes
1023 2169 1241 2210 incessere.
1291 2169 1437 2209 deinde
1466 2169 1546 2223 ipsi
1576 2169 1718 2223 paucis

362 2238 455 2285 post
481 2231 626 2273 diebus
653 2231 704 2272 ab
731 2231 892 2273 duobus
918 2231 1180 2280 exercitibus,
1206 2236 1379 2284 utroque
1404 2245 1478 2285 per
1501 2231 1604 2271 iram
1624 2245 1719 2271 con-

363 2293 449 2334 sule
474 2293 662 2348 ingresso
686 2294 728 2334 in
752 2293 865 2343 finis,
891 2293 984 2348 plus
1010 2293 1188 2334 cladium
1213 2307 1338 2346 quam
1361 2292 1580 2333 intulerant
1604 2306 1720 2333 acee-

363 2362 519 2409 perunt.

324 2430 334 2457 1
447 2417 642 2457 LXIHI.
674 2417 875 2458 Extremo
889 2431 996 2458 anno
1015 2417 1129 2471 pacis
1151 2416 1306 2469 aliquid
1325 2416 1414 2465 fuit,
1442 2415 1528 2464 sed,
1548 2421 1594 2455 ut
1612 2429 1718 2456 sem-

363 2492 434 2531 per
458 2478 572 2527 alias,
599 2479 795 2520 sollicitae
819 2479 933 2533 pacis
954 2478 1174 2519 certamine
1194 2485 1355 2532 patrum
1377 2485 1416 2518 et
1434 2477 1578 2532 plebis.
1615 2476 1718 2516 irata

317 2552 335 2580 2
364 2539 478 2591 plebs
514 2540 712 2582 interesse
748 2540 1033 2582 consularibus
1071 2540 1246 2581 comitiis
1282 2540 1431 2589 noluit;
1474 2553 1547 2593 per
1579 2544 1715 2592 patres

364 2601 611 2655 clientesque
636 2610 799 2657 patrum
825 2603 1014 2644 consules
1041 2603 1166 2643 creati
1192 2602 1241 2643 T.
1269 2601 1507 2654 Quinctius,
1540 2599 1592 2651 Q.
1621 2597 1716 2639 Ser-

364 2662 496 2703 vilius.
547 2664 721 2705 similem
753 2680 906 2706 annum
936 2665 1062 2720 priori
1093 2664 1282 2706 consules
1313 2663 1483 2712 habent,
1521 2660 1715 2702 seditiosa
