1780 3204
428 229 578 263 LIBER
604 229 638 272 1,
668 229 716 262 ι).
735 230 784 262 16.
814 227 1123 272 [mewa-717]
1402 219 1453 258 19

93 349 267 388 quorum
293 333 391 373 nihil
419 333 620 374 absonum
646 331 739 372 fidei
766 331 928 372 divinae
953 330 1122 385 originis
1144 330 1452 383 divinitatisque

92 402 185 451 post
211 401 384 436 mortem
410 395 586 435 creditae
611 393 708 442 fuit,
740 408 822 433 non
848 393 1010 433 animus
1035 392 1077 432 in
1101 406 1229 447 regno
1255 392 1364 433 avito
1392 407 1454 433 re-

93 457 344 512 cuperando,
376 471 458 497 non
484 456 720 497 condendae
751 454 864 495 urbis
891 454 1125 503 consilium,
1162 469 1244 495 non
1274 453 1380 495 bello
1406 469 1452 494 ac

92 535 193 574 pace
224 519 461 560 firmandae.
517 518 568 559 ab
599 519 668 559 illo
701 518 809 558 enim
840 517 1024 571 profecto
1050 516 1206 558 viribus
1232 517 1337 558 datis
1365 524 1452 558 tan·
1481 533 1495 538 ”

93 593 179 622 tum
211 582 359 630 valuit,
392 588 435 622 ut
461 582 502 621 in
527 581 800 636 quadraginta
825 581 972 620 deinde
998 595 1128 621 annos
1154 588 1285 621 tutam
1309 594 1453 634 paceni

93 644 274 685 haberet.
330 643 581 684 multitudini
617 650 756 684 tamen
790 643 943 697 gratior
979 642 1057 683 fuit
1093 656 1217 695 quam
1253 642 1452 697 patribus,

94 707 217 761 longe
249 713 343 747 ante
368 707 469 748 alios
495 705 807 760 acceptissimus
832 705 1007 745 militum
1033 705 1199 745 animis:
1232 711 1455 746 trecentos—

92 783 171 820 que
197 776 374 809 armatos
401 768 454 809 ad
478 767 707 808 custodiam
733 766 933 820 corporis,
966 781 1070 820 quos
1097 767 1248 807 celeres
1275 766 1454 821 appella-

93 830 166 879 vit,
194 845 277 870 non
301 830 343 870 in
367 830 476 871 bello
502 829 653 877 solum,
688 829 760 869 sed
785 828 907 868 etiam
933 828 974 868 in
999 843 1100 882 pace
1125 828 1281 869 habuit.

176 891 300 933 XVI.
350 892 430 933 His
454 890 737 932 inmortalibus
769 890 889 930 editis
921 889 1114 943 operibus
1141 905 1234 931 cum
1261 891 1313 931 ad
1339 905 1453 931 exer-

93 954 219 994 citum
249 954 545 994 recensendum
576 952 807 993 contionem
837 951 879 991 in
911 966 1057 1005 campo
1089 952 1141 992 ad
1167 967 1313 1006 caprae
1337 952 1454 1006 palu-

95 1016 189 1055 dem
208 1015 395 1064 haberet,
423 1015 558 1056 subito
578 1020 718 1055 coorta
742 1019 966 1066 tempestas
992 1027 1085 1053 cum
1112 1028 1263 1067 magno
1288 1013 1452 1068 fragore

93 1077 391 1130 tonitribusque
428 1085 511 1117 tam
548 1076 676 1116 denso
712 1089 852 1130 regem
889 1075 1049 1128 operuit
1085 1075 1244 1123 nimbo,
1282 1082 1325 1115 ut
1357 1090 1453 1115 con-

93 1144 278 1191 spectum
315 1138 402 1178 eius
439 1137 619 1178 contioni
655 1136 881 1177 abstulerit.
942 1151 1018 1177 nee
1060 1136 1207 1176 deinde
1250 1137 1292 1176 in
1334 1137 1451 1176 terris

89 1199 292 1241 Romulus
329 1199 418 1239 suit.
478 1199 668 1239 Romana
716 1198 849 1252 pubes
904 1198 1046 1239 sedato
1082 1198 1247 1238 tandem
1283 1212 1448 1252 pavore,

91 1267 309 1315 postquam
329 1275 381 1301 ex
405 1266 489 1301 tam
508 1259 672 1300 turbido
697 1260 763 1300 die
789 1274 934 1300 serena
958 1266 996 1300 ct
1022 1260 1241 1313 tranquilla
1265 1260 1336 1300 lux
1361 1261 1452 1300 red-

89 1323 151 1372 iit,
188 1322 260 1363 ubi
291 1337 464 1363 vacuam
496 1322 636 1362 sedem
673 1322 830 1377 regiam
861 1322 980 1371 vidit,
1020 1322 1096 1362 etsi
1128 1323 1227 1363 satis
1260 1322 1452 1363 credebat

88 1384 290 1439 patribus,
329 1384 399 1437 qui
434 1384 625 1438 proxumi
657 1390 870 1433 steterant,
909 1384 1127 1425 sublimem
1160 1391 1322 1439 raptum
1359 1399 1452 1438 pro—

91 1446 211 1495 cella,
237 1452 375 1487 tamen
393 1446 505 1486 velut
526 1446 711 1487 orbitatis
732 1453 844 1487 metu
863 1446 945 1487 icta
969 1457 1173 1486 maestum
1199 1446 1451 1499 aliquamdiu

91 1507 297 1548 silentium
334 1507 521 1549 obtinuit.
570 1508 737 1557 deinde,
775 1524 799 1549 a
829 1508 972 1562 paucis
1009 1508 1124 1549 initio
1160 1508 1289 1557 facto,
1328 1509 1450 1549 deum

90 1569 166 1610 deo
196 1576 356 1618 natum,
394 1584 533 1624 regem
564 1577 859 1624 parentemque
896 1570 1010 1611 urbis
1042 1570 1256 1611 Romanae
1294 1570 1452 1611 salvere

90 1631 270 1672 universi
294 1631 518 1672 Romulum
543 1631 704 1681 iubent,
729 1647 874 1686 pacem
900 1632 1092 1686 precibus
1119 1639 1366 1686 exposcunt,
1393 1632 1452 1672 uti

90 1693 231 1734 volens
257 1693 457 1747 propitius
485 1709 601 1734 suam
628 1709 790 1749 semper
816 1695 989 1749 sospitet
1012 1695 1266 1749 progeniem.
1321 1694 1451 1734 fuisse

91 1755 212 1795 credo
238 1761 325 1795 tum
350 1769 514 1808 quoque
540 1756 718 1809 aliquos,
751 1757 821 1809 qui
847 1757 1099 1811 discerptum
1124 1770 1265 1811 regem
1289 1762 1452 1810 patrum

92 1815 280 1856 manibus
306 1817 418 1856 taciti
442 1825 678 1872 arguerent:
705 1818 888 1858 manavit
913 1818 1022 1858 enim
1047 1818 1149 1858 haec
1175 1832 1352 1871 quoque,
1381 1818 1453 1859 sed

92 1877 266 1918 obscura
284 1877 413 1927 fama3
439 1879 552 1919 illam
577 1879 747 1920 alteram
773 1880 989 1920 admiratio
1016 1880 1092 1920 viri
1118 1886 1157 1920 et
1183 1895 1312 1934 pavor
1336 1894 1453 1934 prae-

94 1954 187 1980 sens
213 1939 456 1980 nobilitavit.

175 2001 233 2042 Et
251 2002 421 2043 consilio
441 2003 563 2043 etiam
583 2003 704 2044 unius
724 2003 902 2045 hominis
922 2004 1062 2044 addita
1080 2004 1139 2044 rei
1160 2004 1308 2044 dicitur
1333 2004 1448 2045 fides.

91 2078 268 2117 namque
292 2063 494 2105 Proculus
520 2065 672 2114 Iulius,
711 2066 884 2107 sollicita
915 2066 1078 2107 civitate
1110 2066 1313 2107 desiderio
1343 2066 1452 2121 regis

92 2133 131 2167 et
154 2126 317 2167 infensa
346 2126 550 2180 patribUS,
583 2128 739 2182 gravis,
772 2135 817 2168 ut
841 2129 1030 2177 traditur,
1063 2129 1251 2182 quamvis
1277 2143 1452 2184 magnae

90 2189 148 2228 rei
173 2195 313 2229 auctor
337 2189 378 2228 in
404 2189 636 2230 contionem
660 2190 806 2244 prodit.
852 2191 1073 2232 ‘Romulus
1083 2191 1106 2240 ,’
1130 2191 1265 2244 inquit
1291 2190 1450 2244 ‘Quiri-

92 2257 171 2298 tes,
196 2264 345 2304 parens
371 2250 483 2292 urbis
509 2251 650 2299 huius,
676 2252 808 2306 prima
827 2252 1025 2294 hodierna
1042 2253 1133 2293 luce
1154 2253 1266 2294 caelo
1285 2259 1452 2308 repente

95 2311 288 2366 delapsus
326 2327 369 2353 se
405 2313 505 2353 mihi
540 2313 709 2354 obvium
745 2314 869 2355 dedit.
925 2329 1019 2355 cum
1055 2315 1249 2369 perfusus
1286 2315 1452 2356 horrore

91 2373 407 2414 venerabundus
439 2375 709 2428 adstitissem,
741 2384 885 2430 petens
911 2376 1122 2431 precibus,
1154 2384 1200 2417 ut
1225 2385 1367 2418 contra
1390 2377 1452 2418 in-

91 2435 194 2475 tueri
218 2434 281 2476 fas
308 2443 435 2477 esset:
469 2436 587 2485 “abi,
618 2437 789 2478 nuntia’'
813 2438 946 2491 inquit
972 2438 1224 2488 “Romanis,
1252 2439 1450 2480 caelestes

90 2497 146 2536 ita
169 2496 292 2545 velle,
324 2504 368 2537 ut
392 2513 484 2539 mea
507 2498 643 2540 Roma
668 2507 789 2553 caput
814 2500 924 2541 orbis
950 2508 1149 2541 terrarum
1180 2501 1248 2551 sit,
1281 2501 1451 2556 proinde

89 2572 175 2598 rem
215 2559 433 2600 militarem
475 2560 611 2601 colant
647 2561 860 2615 sciantque
897 2569 937 2602 et
972 2562 1029 2603 ita
1063 2563 1239 2617 posteris
1275 2563 1450 2611 tradant,

89 2620 222 2661 nullas
265 2636 363 2675 opes
406 2622 607 2663 humanas
651 2623 774 2664 armis
816 2624 1018 2665 Romanis
1059 2625 1250 2666 resistere
1290 2624 1451 2679 posse.'’

1483 543 1491 559 Ι

1479 658 1497 683 ὅ

1478 1212 1496 1240 [ὑ

1479 2454 1494 2483 &l

90 2681 207 2722 haee'
232 2683 361 2736 inquit
389 2683 569 2725 ‘locutus
596 2684 782 2726 sublimis
808 2685 932 2726 abiit.’
981 2686 1129 2727 mirum
1160 2693 1359 2739 quantum
1391 2686 1449 2726 illi
1475 2702 1493 2729 s

1188 2753 1220 2773 )*
