1780 3204
442 259 594 295 LIBER
621 260 652 301 1,
679 262 709 293 9.
736 263 785 304 [a.
803 259 1049 306 C.753—717]
1372 253 1424 293 13

77 380 188 405 mum
239 378 392 417 conpar
428 364 649 405 conubium
684 363 784 404 fore.
834 377 956 418 aegre
992 364 1034 404 id
1070 363 1257 405 Romana
1292 362 1424 418 pub'es
1453 379 1471 409 6

77 441 201 481 passa
225 437 265 466 et
289 425 399 465 haud
424 424 547 465 dubie
573 425 626 466 ad
649 425 733 465 vim
759 432 943 478 spectare
967 439 1032 466 res
1059 425 1204 479 coepit.

162 488 243 529 Cui
267 494 428 540 tempus
453 486 671 540 locumque
697 493 838 540 aptum
863 493 908 527 ut
926 487 1041 527 daret
1058 487 1275 534 Romulus,
1297 487 1429 542 aegri-

78 550 259 590 tudinem
274 548 398 589 animi
411 548 674 588 dissimulans
702 548 821 589 ludos
837 563 887 589 ex
900 549 1100 589 industria
1114 555 1229 602 parat
1236 548 1428 602 Neptuno

78 611 272 665 Equestri
293 610 515 659 sollemnis,
532 610 758 651 Consualia
777 617 907 651 vocat.
934 611 1059 651 indici
1079 611 1226 651 deinde
1244 610 1426 651 finitimis

80 671 360 728 spectaculum
384 671 516 721 iubet,
548 680 783 725 quantoque
808 680 1007 726 apparatu
1038 680 1126 712 tum
1151 671 1335 713 sciebant
1359 679 1429 712 aut

76 741 261 789 poterant
281 732 579 782 concelebrant,
599 740 643 773 ut
661 748 747 773 rem
767 733 918 774 claram
939 740 1300 787 exspectatamque
1319 733 1428 774 face-

76 803 176 837 rent.
215 795 332 835 multi
356 795 547 835 mortales
568 809 807 843 convenere,
828 795 964 835 studio
989 795 1112 836 etiam
1131 795 1333 836 videndae
1357 810 1429 836 no-

77 873 150 898 vae
175 857 306 906 urbis,
333 856 510 896 maxime
534 856 710 909 proximi
735 856 904 908 quique,
932 856 1226 905 Caeninenses,
1254 856 1428 898 Crustu-

77 920 186 968 mini,
207 918 494 965 Antemnates,
515 917 638 957 etiam
659 915 908 957 Sabinorum
933 918 1066 958 omnis
1091 918 1308 958 multitudo
1335 933 1427 958 cum

76 981 212 1021 liberis
239 994 287 1020 ac
312 978 554 1033 coniugibus
576 978 698 1018 venit.
735 977 896 1018 invitati
920 977 1174 1032 hospitaliter
1192 993 1265 1033 per
1283 980 1427 1020 domos

77 1057 170 1082 cum
202 1042 325 1082 situm
357 1040 599 1092 moeniaque
625 1045 665 1079 ct
689 1038 947 1092 frequentem
978 1040 1095 1080 tectis
1127 1040 1270 1080 urbem
1301 1041 1428 1081 vidis-

77 1109 184 1151 sent,
216 1102 431 1149 mirantur,
469 1107 553 1140 tam
584 1099 699 1140 brevi
728 1114 815 1140 rem
845 1099 1078 1140 Romanam
1117 1101 1308 1141 crevisse.
1358 1101 1428 1141 ubi

77 1163 298 1218 spectaculi
328 1170 490 1216 tempus
517 1161 628 1201 venit
653 1161 896 1214 deditaeque
921 1176 970 1202 eo
994 1168 1153 1203 mentes
1180 1176 1272 1202 cum
1299 1162 1427 1202 oculis

75 1231 205 1272 erant,
239 1230 325 1263 tum
358 1238 409 1263 ex
434 1222 662 1276 composito
689 1229 776 1262 orta
800 1222 862 1263 vis
890 1223 1090 1277 signoque
1116 1223 1211 1264 dato
1236 1224 1426 1264 iuventus

74 1286 263 1326 Romana
282 1285 334 1325 ad
351 1284 569 1338 rapiendas
589 1284 770 1339 virgines
790 1284 992 1325 discurrit.
1024 1300 1176 1340 magna
1194 1300 1289 1339 pars
1308 1285 1425 1334 forte,

73 1348 114 1387 in
139 1361 261 1400 quem
287 1361 473 1399 quaeque
492 1346 702 1395 inciderat,
728 1353 881 1400 raptae.
918 1348 1121 1400 quasdam
1141 1348 1274 1388 forma
1293 1347 1427 1388 excel-

71 1409 200 1450 lentes
219 1407 465 1463 primoribus
484 1415 648 1462 patrum
666 1408 889 1449 destinatas
910 1423 962 1449 ex
979 1409 1100 1463 plebe
1119 1409 1318 1458 homines,
1340 1410 1428 1462 qui-

72 1471 148 1512 bus
174 1471 316 1511 datum
340 1470 553 1525 negotium
578 1476 675 1518 crat,
696 1470 841 1511 domos
862 1470 1115 1512 deferebant.
1153 1486 1278 1512 unam
1302 1471 1424 1526 longe

72 1540 165 1574 ante
195 1532 295 1573 alias
328 1532 464 1587 specie
496 1546 543 1572 ac
573 1532 874 1586 pulchritudine
904 1533 1111 1588 insignem
1142 1548 1166 1574 a
1195 1532 1319 1588 globo
1345 1532 1427 1573 Ta-

71 1594 184 1635 lassii
214 1594 427 1635 cuiusdam
462 1600 622 1648 raptam
657 1593 811 1643 ferunt,
848 1594 1070 1648 multisque
1108 1593 1425 1642 sciscitantibus,

72 1657 233 1697 cuinam
259 1671 349 1696 eam
375 1656 539 1704 ferrent,
565 1656 807 1705 identidem,
833 1670 884 1697 ne
910 1657 1001 1710 quis
1026 1656 1209 1705 violaret,
1237 1656 1426 1697 Talassio

72 1718 170 1758 ferri
211 1718 474 1758 clamitatum.
534 1717 629 1757 inde
674 1718 899 1772 nuptialem
934 1718 1042 1759 hanc
1077 1733 1222 1760 vocem
1258 1719 1424 1758 factam.

74 1779 235 1820 turbato
259 1794 332 1833 per
356 1786 511 1819 metum
535 1779 692 1820 ludicro
718 1780 864 1820 maesti
888 1787 1077 1834 parentes
1103 1780 1309 1834 virginum
1333 1794 1426 1833 pro—

74 1840 255 1895 fugiunt,
286 1841 522 1880 incusantes
548 1840 687 1881 violati
712 1840 879 1894 hospitii
909 1841 1056 1882 foedus
1083 1841 1287 1893 deumque
1311 1841 1426 1881 invo-

74 1908 232 1950 cantes,
259 1902 374 1942 cuius
400 1901 453 1941 ad
479 1901 676 1942 sollemne
706 1902 908 1954 ludosque
938 1916 1011 1956 per
1040 1902 1105 1943 fas
1136 1917 1183 1943 ac
1208 1902 1331 1942 fidem
1356 1902 1427 1943 de-

74 1963 181 2017 cepti
205 1963 427 2004 venissent.
476 1977 552 2003 nec
576 1963 703 2016 raptis
729 1970 800 2004 aut
830 1977 925 2017 spes
952 1963 1002 2004 de
1028 1978 1072 2004 se
1097 1963 1240 2004 melior
1270 1970 1339 2004 aut
1363 1964 1424 2004 in-

74 2025 257 2080 dignatio
283 2031 344 2065 est
368 2024 512 2065 minor.

160 2085 245 2128 Sed
269 2086 358 2140 ipse
382 2085 586 2127 Romulus
617 2086 858 2128 circumibat
882 2087 1157 2140 docebatque,
1194 2094 1357 2141 patrum
1382 2088 1424 2128 id

74 2147 265 2202 superbia
293 2147 467 2196 factum,
499 2148 570 2201 qui
600 2148 822 2189 conubium
846 2148 1029 2189 finitimis
1060 2155 1301 2204 negassent,
1332 2149 1423 2190 illas

72 2218 208 2250 tamen
227 2209 269 2249 in
287 2209 559 2258 matrimonio,
574 2209 615 2249 in
636 2210 829 2251 societate
848 2210 1104 2251 fortunarum
1124 2211 1306 2251 omnium
1327 2211 1424 2251 civi-

75 2271 250 2324 tatisque
281 2278 338 2319 et,
376 2285 458 2324 quo
489 2271 589 2311 nihil
621 2272 754 2313 carius
779 2271 959 2313 humano
984 2273 1125 2327 generi
1150 2273 1219 2321 sit,
1250 2272 1423 2313 liberum

71 2333 177 2382 forc3
203 2333 405 2373 mollirent
430 2333 553 2374 modo
578 2334 658 2374 iras
684 2340 724 2374 et
748 2333 897 2386 quibus
924 2334 1007 2375 fors
1034 2349 1205 2389 corpora
1229 2335 1421 2383 dedisset,

73 2394 216 2434 darent
235 2394 412 2443 animos3
440 2409 561 2448 saepe
582 2409 632 2435 ex
651 2395 799 2436 iniuria
817 2395 1081 2449 postmodum
1099 2397 1274 2450 gratiam
1293 2403 1422 2437 ortam

74 2469 203 2508 eoque
222 2455 459 2496 melioribus
479 2471 626 2497 usuras
647 2457 757 2506 viris,
778 2457 887 2510 quod
913 2458 1130 2498 adnisurus
1154 2472 1229 2512 pro
1249 2472 1292 2498 se
1311 2458 1424 2511 quis-

70 2531 150 2569 que
171 2517 234 2565 sit,
255 2524 312 2565 ut,
333 2532 427 2557 cum
454 2532 569 2558 suam
596 2518 729 2558 vicem
752 2518 919 2559 functus
946 2518 1082 2560 officio
1109 2519 1171 2568 sit,
1192 2520 1421 2574 parentium

71 2578 192 2618 etiam
223 2578 459 2632 patriaeque
492 2579 654 2633 expleat
678 2579 940 2620 desiderium.
990 2580 1240 2621 accedebant
1264 2581 1422 2622 blandi-

71 2639 149 2679 tiae
175 2639 372 2688 virorum,
405 2639 560 2680 factum
585 2641 851 2695 purgantium
876 2641 1097 2696 cupiditate
1122 2649 1243 2695 atque
1269 2657 1418 2690 amore,

75 2714 178 2753 quae
205 2701 381 2742 maxime
401 2701 453 2742 ad
478 2701 675 2743 muliebre
695 2702 905 2757 ingenium
931 2702 1120 2745 efficaces
1146 2718 1287 2758 preces
1314 2711 1419 2745 sunt.

1455 626 1470 654 *1

1458 1118 1494 1143 lt)

1457 1302 1491 1328 11

1457 1486 1491 1514 Γ)

1455 1794 1492 1821 123

1452 1979 1491 2006 ll

1452 2278 1507 2315 15‘

1449 2594 1488 2624 16
