1780 3204
453 234 606 268 LIBER
629 233 718 278 111,
744 233 797 267 35.
817 234 871 269 36.
899 236 949 278 [a.
967 232 1006 268 0.
1018 234 1100 277 343]
1370 224 1452 265 387

104 338 350 380 servandum
375 345 448 379 est.
485 337 556 379 ubi
582 338 824 379 sententiam
843 352 976 378 meam
997 336 1113 378 vobis
1132 351 1341 392 peregero,
1368 344 1454 378 tum

103 400 252 454 quibus
285 401 427 441 eadem
457 399 676 455 placebunt
706 400 748 440 in
778 401 965 441 dextram
990 406 1148 454 partem
1173 400 1283 440 taciti
1309 400 1455 440 transi-

103 463 217 505 bitis:
245 478 349 517 quae
369 479 462 518 pars
483 463 611 503 maior
630 463 721 512 erit,
749 477 795 504 eo
816 462 989 504 stabitur
1007 462 1190 503 consilio.
1222 476 1330 503 nunc
1349 476 1454 515 quae

105 533 240 566 mente
265 526 417 580 agitem
436 525 585 566 audite.
623 540 704 565 non
724 525 824 579 fuga
843 525 1000 566 delatos
1025 539 1101 565 nec
1125 525 1270 565 inertia
1293 524 1455 566 relictos

105 587 171 628 hic
197 602 270 628 vos
296 587 562 628 circumvenit
586 587 735 628 hostis:
767 587 915 627 virtute
941 586 1106 641 cepistis
1126 586 1280 636 10011111,
1306 587 1455 627 virtute

105 649 200 690 hinc
224 656 383 704 oportet
408 649 602 690 evadatis.
662 649 864 690 veniendo
888 649 968 689 huc
994 649 1217 690 exereitum
1243 649 1455 704 egregium

105 711 258 765 populo
284 711 472 752 Romano
504 711 717 752 servastis:
755 710 1007 765 erumpendo
1038 710 1133 751 hinc
1157 717 1317 751 vosmet
1342 711 1454 765 ipsos

107 780 279 813 servate.
339 773 453 828 digni
483 773 599 822 estis,
637 773 706 826 qui
736 773 857 827 pauci
887 772 1073 827 pluribus
1110 787 1232 826 opem
1268 773 1454 822 tuleritis,

105 835 183 890 ipsi
214 835 364 876 nullius
395 835 546 876 auxilio
577 835 783 889 egueritis.
844 850 938 875 eum
969 850 1016 876 eo
1041 835 1159 876 hoste
1183 849 1248 876 res
1274 841 1354 884 est,
1386 835 1455 888 qui

105 898 294 939 hesterno
325 898 390 938 die
421 898 581 939 delendi
614 898 745 938 01111115
777 898 978 939 exercitus
1010 897 1175 938 fortuna
1211 913 1284 952 per
1320 912 1456 939 50001·-

105 960 214 1000 diam
239 975 339 1000 usus
364 975 446 1000 non
472 960 541 1009 sit,
568 959 675 1000 hunc
701 966 784 1000 tam
809 967 1059 1014 oportunum
1085 959 1230 1000 collem
1255 960 1456 1000 inminen-

105 1029 187 1062 tem
212 1022 335 1076 capiti
360 1036 433 1063 suo
457 1037 539 1062 non
564 1028 658 1062 ante
683 1022 827 1062 viderit
847 1036 970 1075 quam
991 1028 1155 1075 captum
1174 1037 1197 1061 a
1216 1021 1353 1070 nobis,
1379 1036 1455 1061 nos

106 1090 189 1124 tam
214 1098 367 1138 paucos
393 1090 452 1124 tot
475 1083 554 1138 ipsi
579 1083 743 1124 milibus
770 1083 982 1124 hominum
1007 1097 1082 1123 nec
1106 1097 1284 1123 ascensu
1314 1097 1456 1123 arcue-

104 1145 194 1193 rint,
222 1160 295 1186 nec
315 1152 498 1185 tenentes
519 1145 667 1193 locum,
689 1159 782 1185 cum
802 1145 882 1185 diei
902 1151 1059 1184 tantum
1080 1150 1325 1198 superesset,
1346 1144 1454 1184 vallo

104 1206 455 1246 circumdederint.
493 1220 615 1258 quem
635 1206 838 1246 videntem
865 1220 913 1246 ac
938 1205 1177 1260 vigilantem
1203 1205 1262 1246 510
1287 1205 1456 1246 eluseri-

103 1267 172 1314 tis,
201 1267 377 1320 sopitum
397 1274 555 1320 oportet
574 1266 744 1316 fallatis,
769 1267 895 1307 immo
915 1281 1084 1307 necesse
1104 1274 1179 1307 est.
1216 1267 1259 1307 in
1278 1281 1326 1307 00
1346 1267 1454 1307 0111111

101 1328 191 1368 1000
226 1342 291 1368 res
329 1334 423 1368 sunt
456 1335 636 1376 nostrae,
680 1334 724 1368 ut
759 1327 876 1369 vobis
914 1343 990 1383 ego
1028 1329 1160 1384 magis
1197 1329 1455 1370 necessitatis

102 1395 260 1430 vestrae
295 1389 419 1429 index
455 1404 578 1443 quam
621 1389 780 1430 consilii
821 1398 963 1431 auctor
1006 1391 1095 1432 sim.
1156 1405 1289 1444 neque
1333 1391 1453 1437 enim,

101 1451 298 1492 maneatis
323 1466 375 1491 an
400 1450 555 1492 abeatis
582 1451 695 1501 hinc,
734 1452 949 1493 deliberari
980 1459 1133 1507 potest,
1172 1467 1265 1493 011111
1296 1461 1456 1507 praeter

101 1528 212 1554 arma
248 1520 286 1553 et
323 1513 481 1554 animos
519 1529 726 1555 armorum
761 1529 964 1556 memores
1002 1515 1101 1555 nihil
1139 1514 1257 1556 vobis
1290 1516 1451 1555 fortuna

101 1574 245 1628 reliqui
281 1574 440 1624 fecerit,
480 1575 671 1629 fameque
709 1582 748 1617 et
785 1577 852 1617 siti
888 1576 1146 1617 moriendum
1183 1577 1252 1625 sit,
1292 1577 1326 1617 si
1361 1577 1454 1631 plus

100 1650 225 1689 quam
255 1637 363 1678 viros
395 1652 442 1678 ac
473 1638 683 1678 Romanos
721 1639 838 1679 decet
874 1638 1028 1678 ferrum
1065 1639 1294 1679 timeamus.
1356 1653 1454 1693 ergo

102 1714 182 1739 una
205 1706 268 1740 est
293 1699 403 1740 salus
428 1714 641 1754 erumpere
666 1701 761 1741 hinc
785 1707 908 1754 atque
934 1700 1057 1741 abire.
1118 1701 1160 1740 id
1184 1708 1253 1741 aut
1279 1701 1455 1741 interdiu

100 1768 169 1801 aut
195 1767 312 1801 nocte
338 1761 537 1802 faciamus
564 1769 735 1816 oportet.
795 1777 891 1803 ecce
916 1769 1055 1802 autem
1079 1762 1191 1802 aliud
1216 1762 1351 1803 minus
1378 1763 1452 1802 du-

101 1822 227 1862 bium.
265 1822 416 1876 quippe
442 1823 476 1863 si
500 1823 571 1862 lux
597 1830 867 1877 exspectetur,
894 1838 999 1876 quac
1026 1838 1119 1878 spes
1139 1831 1218 1873 051,
1246 1839 1328 1864 11011
1347 1824 1454 1864 vallo

101 1890 298 1937 perpetuo
328 1884 523 1936 fossaque
553 1899 628 1925 nos
660 1892 897 1939 saepturum
928 1885 1106 1934 hostem,
1139 1886 1209 1938 qui
1234 1901 1341 1926 nunc
1368 1901 1455 1927 cor-

101 1944 269 1998 poribus
290 1945 374 1986 suis
396 1945 589 1987 subiectis
609 1947 789 2000 undique
810 1947 998 1996 cinxerit,
1027 1954 1069 1987 111
1089 1948 1255 1995 videtis,
1283 1948 1454 1988 collem?

101 2006 214 2059 atqui
247 2006 282 2046 si
311 2021 394 2047 nox
424 2015 625 2061 oportuna
651 2015 711 2048 est
737 2009 957 2062 eruptioni,
991 2009 1095 2049 sicut
1121 2017 1202 2058 est,
1235 2009 1336 2050 hacc
1360 2025 1454 2064 pro-

100 2068 209 2108 fecto
234 2069 365 2110 noctis
397 2069 609 2123 aptissima
640 2070 740 2111 liora
770 2077 843 2111 est.
905 2071 1023 2125 signo
1055 2071 1258 2112 secundae
1290 2072 1453 2127 vigiliae

101 2131 368 2180 convenistis,
406 2132 515 2184 quod
546 2138 707 2186 tempus
740 2132 930 2173 mortales
964 2147 1107 2173 somno
1138 2133 1337 2173 altissimo
1363 2145 1455 2187 pre·-

101 2192 187 2232 mit.
246 2207 320 2246 per
349 2208 520 2247 corpora
551 2194 685 2248 sopita
708 2195 866 2235 vadetis
892 2195 957 2235 vel
983 2195 1142 2236 silentio
1167 2196 1352 2236 incautos
1378 2195 1455 2236 fal-

102 2253 232 2294 lentes
264 2254 329 2294 1·οΙ
360 2255 629 2297 sentientibus
661 2256 837 2297 clamore
869 2256 1004 2297 subito
1034 2272 1227 2311 pavorem
1253 2257 1452 2298 iniecturi.

101 2330 167 2355 1110
192 2316 314 2357 111οᾶ0
340 2317 573 2370 sequimini,
601 2333 723 2372 quem
743 2319 871 2359 secuti
891 2319 1007 2360 estis:
1034 2334 1111 2374 ego
1131 2320 1322 2369 eandem,
1348 2334 1453 2372 quac

102 2377 218 2417 duxit
237 2377 336 2427 huc,
364 2393 512 2432 sequar
535 2379 754 2421 fortunam.
791 2380 941 2433 quibus
966 2381 1067 2421 haec
1094 2381 1287 2422 salutaria
1312 2381 1453 2422 viden-

101 2446 177 2488 tur,
205 2440 431 2494 agitedum,
458 2441 498 2482 in
524 2441 709 2482 dextram
735 2450 891 2496 partem
916 2442 1090 2497 pedibus
1117 2443 1311 2484 transit&

184 2501 408 2542 XXXVI.
454 2501 612 2544 Omnes
639 2504 885 2545 transierunt
909 2505 1208 2558 vadentemque
1233 2520 1306 2560 per
1329 2506 1452 2546 inter-

100 2562 227 2604 missa
258 2565 453 2605 custodiis
478 2565 569 2606 loca
592 2565 771 2606 Decium
798 2567 927 2607 secuti
959 2574 1065 2608 sunt.
1125 2567 1207 2608 iam
1237 2575 1452 2609 evaserant

100 2625 238 2666 media
268 2633 418 2675 castra,
457 2642 552 2668 cum
583 2628 909 2682 superscandens
942 2629 1114 2684 vigilum
1146 2636 1272 2670 strata
1307 2645 1451 2671 somno

99 2700 269 2741 corpora
293 2689 410 2729 miles
437 2689 595 2731 offenso
622 2697 737 2731 scuto
762 2690 949 2745 praebuit
976 2692 1172 2741 sonitum3
1199 2706 1279 2745 quo
1300 2693 1451 2734 excita-

1155 2757 1223 2791 25*

1482 848 1500 876 5

1482 1032 1499 1061 6

1483 1279 1498 1306 7

1481 1403 1499 1430 S

1481 1651 1498 1679 9

1482 1776 1519 1804 10

1484 2087 1517 2115 11
