1780 3204
434 233 586 268 LIBER
610 233 740 278 VIIII,
766 233 822 266 36.
841 232 895 266 37.
924 235 972 276 [a.
989 231 1028 267 C.
1042 232 1182 276 310109]
1399 222 1478 263 481

130 346 313 394 paratam
338 337 509 392 imperio
534 336 726 378 futuram.
770 337 870 377 haec
890 351 982 377 eum
1002 335 1129 376 relata
1147 335 1304 376 consuli
1329 340 1478 384 essent,
1507 348 1525 377 9

129 401 417 456 inpedimentis
443 400 575 454 prima
599 399 739 454 vigilia
762 399 1020 454 praemissis,
1046 397 1277 453 legionibus
1303 403 1397 452 post
1420 397 1482 438 in-

129 463 363 519 pedimenta
387 462 444 503 irc
474 461 618 511 iussis,
649 462 738 516 ipse
770 461 951 503 substitit
982 475 1076 501 cum
1107 459 1291 513 equitatu
1321 466 1361 500 et
1389 459 1481 500 luce
1511 474 1550 502 1o

130 531 218 566 orta
252 531 418 580 postero
454 524 519 565 die
556 523 809 577 obequitavit
852 522 1095 565 stationibus
1138 522 1338 572 hostium,
1376 536 1482 575 quae

131 594 245 628 extra
270 586 419 628 saltum
450 586 673 640 dispositae
704 592 836 635 erant3
874 591 914 626 et
939 600 1033 626 cum
1059 585 1157 625 satis
1183 585 1253 625 diu
1284 584 1483 625 tenuisset

130 649 308 698 hostem,
345 648 388 689 in
424 654 557 689 castra
589 662 679 688 sese
709 647 863 701 recepit
897 653 1096 702 portaque
1127 646 1254 687 altera
1290 661 1482 701 egressus

131 717 223 751 ante
258 717 421 751 noctem
457 724 606 765 agmen
636 709 886 762 adsequitur.
940 715 1105 763 postero
1136 708 1201 749 die
1231 708 1322 749 luce
1352 708 1485 763 prima
1511 722 1548 750 11

130 772 228 827 iuga
249 772 418 813 Ciminii
442 772 592 812 montis
619 770 795 811 tenebat.
844 770 939 811 inde
966 769 1265 825 contemplatus
1291 769 1485 824 opulenta

130 833 321 874 Etruriae
351 849 450 874 arva
479 833 629 873 milites
661 833 820 873 emittit.
869 832 1027 887 ingenti
1055 832 1137 873 iarn
1162 831 1308 873 abacta
1331 832 1484 886 praeda-
1511 840 1550 869 12

130 895 417 936 tumultuariae
449 895 674 950 agrestium
705 894 979 935 Etruseorum
1016 893 1222 943 cohortes,
1259 900 1426 948 repente
1462 908 1487 934 a

130 958 382 1013 principibus
419 957 597 1012 regionis
630 958 716 998 eius
755 957 999 1006 concitatae,
1031 956 1230 997 Romanis
1268 962 1485 997 occurrunt

131 1021 232 1061 adeo
257 1021 549 1075 inconpositae,
576 1026 620 1060 ut
639 1019 820 1060 vindices
844 1019 1090 1073 praedarum
1114 1033 1241 1073 prope
1265 1018 1345 1073 ipsi
1368 1033 1486 1073 prae-

131 1082 206 1122 dae
238 1082 400 1123 fuerint.
456 1082 588 1123 caesis
619 1081 857 1136 fugatisque
888 1081 957 1129 iis,
989 1080 1069 1121 late
1100 1080 1348 1134 depopulato
1385 1095 1485 1134 agro
1513 1092 1553 1122 13

130 1144 261 1184 victor
295 1143 509 1184 Romanus
552 1142 854 1197 opulentusque
896 1156 1033 1181 rerum
1070 1141 1253 1182 omnium
1291 1141 1409 1195 eopia
1443 1141 1487 1180 in

130 1215 264 1246 castra
287 1205 418 1246 rediit.
462 1219 510 1244 eo
528 1203 633 1244 forte
658 1203 837 1256 quinque
862 1202 988 1257 legati
1013 1216 1106 1242 cum
1126 1202 1286 1243 duobus
1313 1202 1484 1243 tribunis
1514 1217 1554 1246 14

128 1267 260 1321 plebis
286 1272 482 1307 venerant
507 1265 793 1305 denuntiatum
807 1263 939 1305 Fabio
960 1271 1128 1305 senatus
1153 1263 1303 1313 verbis,
1329 1279 1380 1304 ne
1407 1264 1487 1305 sal-

129 1336 216 1369 tum
243 1328 466 1369 Ciminium
493 1327 695 1368 transiret.
745 1326 900 1376 laetati,
928 1327 1058 1367 serius
1085 1341 1129 1368 se
1154 1341 1278 1380 quam
1303 1333 1348 1367 ut
1372 1327 1487 1382 inpe—

129 1391 214 1430 dire
240 1389 394 1431 bellum
424 1395 595 1444 possent
619 1388 801 1439 venisse,
833 1388 966 1429 nuntii
996 1388 1191 1430 victoriae
1216 1388 1393 1430 Romam
1423 1403 1487 1430 rc-

129 1457 354 1493 vertuntur.

212 1513 459 1557 XXXVII.
486 1513 581 1554 Hac
601 1513 860 1567 expeditione
882 1513 1062 1554 consulis
1081 1519 1237 1554 motum
1258 1513 1379 1554 latius
1400 1519 1486 1554 erat
1513 1526 1529 1555 1

129 1591 253 1630 quam
284 1575 547 1630 profligatum
578 1574 756 1615 bellum:
793 1575 1067 1616 vastationem
1097 1589 1274 1628 namque
1307 1574 1382 1615 sub
1416 1573 1488 1615 Ci-

128 1638 244 1678 minii
268 1637 418 1678 montis
449 1635 657 1677 radicibus
688 1637 826 1677 iacens
858 1652 929 1677 ora
960 1643 1143 1677 senserat
1174 1636 1486 1689 conciveratque

129 1699 411 1753 indignatione
447 1713 530 1738 non
559 1697 753 1738 Etruriae
789 1698 912 1739 modo
949 1698 1143 1752 populos,
1182 1698 1255 1738 sed
1285 1697 1486 1738 Umbriae

129 1761 314 1801 finitima.
363 1760 501 1812 itaque
526 1766 704 1812 quantus
730 1775 812 1799 non
836 1774 1033 1813 umquam
1060 1766 1180 1800 antea
1205 1759 1408 1800 exercitus
1434 1760 1486 1800 ad
1513 1772 1531 1801 2

134 1821 319 1863 Sutrium
338 1821 467 1870 venit3
494 1836 627 1874 neque
647 1836 668 1861 e
689 1821 802 1862 silvis
829 1821 1114 1862 tantummodo
1132 1828 1321 1875 promota
1340 1828 1485 1870 castra,

133 1884 206 1924 sed
237 1883 360 1924 etiam
390 1882 584 1923 aviditate
621 1882 843 1922 dimicandi
874 1897 998 1935 quam
1033 1883 1211 1937 primum
1246 1882 1288 1922 in
1319 1897 1486 1937 campos

132 1945 268 1986 delata
292 1945 414 1985 acies.
446 1944 594 1984 deinde
618 1944 817 1984 instructa
841 1944 973 1998 primo
1000 1959 1074 1985 suo
1100 1951 1207 1986 stare
1231 1944 1322 1985 loco
1346 1944 1487 1985 relicto
1514 1957 1532 1986 3

133 2007 313 2047 hostium
343 2006 396 2046 ad
430 2005 716 2046 instruendum
753 2012 894 2046 eontra
931 2006 1082 2060 spatio3
1119 2006 1231 2055 dein,
1268 2012 1488 2060 postquam

133 2069 359 2109 detractare
395 2067 556 2108 hostem
595 2081 759 2108 sensere
790 2082 991 2122 pugnam,
1031 2068 1083 2108 ad
1112 2068 1265 2109 vallum
1297 2067 1486 2108 subeunt.

133 2131 204 2172 ubi
228 2136 447 2184 postquam
475 2129 670 2170 stationes
695 2144 859 2183 quoque
884 2137 1068 2184 receptas
1099 2130 1205 2171 intra
1234 2122 1489 2170 munimenta
1514 2144 1533 2173 4

135 2207 317 2240 sensere,
355 2191 508 2231 clamor
542 2197 708 2245 repente
745 2191 852 2232 circa
882 2192 1008 2233 duces
1040 2198 1171 2241 ortus,
1204 2198 1248 2232 ut
1278 2206 1326 2232 eo
1358 2191 1436 2232 sibi
1466 2206 1488 2232 e

134 2254 278 2294 castris
304 2252 456 2294 cibaria
482 2253 568 2293 eius
594 2253 674 2293 diei
699 2253 849 2294 deferri
873 2253 1077 2295 iuberent:
1104 2268 1320 2295 mansuros
1341 2268 1385 2294 se
1411 2253 1487 2294 sub
1514 2268 1533 2297 5

135 2315 258 2356 armis
290 2321 329 2355 ct
359 2322 428 2355 aut
464 2321 583 2355 nocte
614 2321 684 2355 aut
720 2321 828 2356 certe
863 2315 954 2356 luce
984 2316 1117 2370 prima
1147 2323 1279 2357 eastra
1308 2314 1488 2356 hostium

134 2377 363 2417 invasuros.
406 2376 533 2416 nihilo
558 2377 732 2429 quietior
750 2377 963 2418 Romanus
990 2378 1193 2418 exereitus
1218 2377 1389 2431 imperio
1415 2377 1489 2417 du-
1514 2392 1533 2422 6

137 2439 194 2480 cis
226 2439 466 2479 continetur.
522 2439 681 2479 decima
711 2446 797 2479 erat
832 2439 917 2480 fere
954 2440 1035 2479 diei
1069 2440 1189 2488 hora,
1222 2454 1316 2480 cum
1351 2438 1489 2479 eibum

137 2516 281 2555 capere
318 2501 462 2541 consul
496 2501 645 2541 milites
682 2501 814 2550 iubet,
846 2502 1060 2556 praecipit,
1092 2509 1137 2542 ut
1166 2502 1208 2542 in
1239 2501 1362 2542 armis
1395 2501 1486 2549 sint,

137 2577 395 2616 quacumque
420 2564 501 2605 diei
524 2564 708 2605 noctisve
733 2563 834 2604 hora
853 2564 1016 2619 signum
1036 2564 1204 2605 dederit.
1247 2564 1389 2618 paucis
1414 2563 1489 2603 mi-
1516 2578 1531 2606 7

137 2626 227 2666 lites
253 2625 497 2678 adloquitur,
521 2624 768 2667 Samnitium
794 2625 902 2666 bella
927 2626 1095 2675 extollit,
1123 2626 1255 2667 elevat
1272 2625 1487 2673 Etruscos,

138 2701 213 2728 nec
238 2687 400 2728 hostem
424 2687 533 2729 hosti
557 2702 633 2728 nec
657 2687 960 2728 multitudinem
985 2687 1235 2729 multitudini
1265 2702 1489 2742 conparan-

210 2765 271 2792 Lzri
291 2766 344 2792 vol.
362 2765 381 2792 1.
1220 2752 1259 2786 31
