1780 3204
473 251 626 285 Lissfflz
652 251 726 294 111,
752 251 805 284 41.
825 250 878 284 42.
906 253 953 293 [a.
970 249 1103 293 0449]
1384 240 1463 280 163

111 357 246 398 curiae
282 355 440 404 limine,
478 354 530 394 L.
565 353 782 395 Cornelius
813 353 1038 408 conplexus
1068 352 1255 408 Appium
1285 367 1368 393 non
1398 352 1465 393 cui

111 416 329 459 simulabat
354 415 603 457 consulendo
629 415 790 456 diremit
809 423 1026 456 certamen.
1064 414 1254 467 factaque
1273 428 1347 468 per
1361 412 1465 455 Cor-

110 479 262 519 nelium
275 478 442 518 Valerio
461 477 623 518 dicendi
642 477 774 532 gratia
792 491 896 530 quae
915 476 1056 526 vellet,
1083 491 1176 517 cum
1194 475 1361 517 libertas
1379 490 1463 516 non

108 541 213 581 ultra
249 554 393 581 vocem
429 539 692 587 excessisset,
736 539 956 580 decemviri
990 538 1246 593 propositum
1282 543 1460 578 tenuere.

109 602 342 643 consulares
368 615 531 654 quoque
557 615 605 641 ac
632 601 812 641 seniores
838 600 889 641 ab
923 600 1088 641 residuo
1120 598 1359 640 tribuniciae
1389 614 1462 653 po-

109 664 265 705 testatis
297 663 408 712 odio,
447 663 562 703 cuius
595 663 843 703 desiderium
872 662 982 717 plebi
1012 662 1141 703 multo
1173 662 1306 702 acrius
1338 675 1463 714 quam

108 725 332 766 consularis
352 725 510 779 imperii
531 724 724 765 rebantur
742 739 846 773 esse,
871 739 998 778 prope
1017 724 1224 765 malebant
1241 723 1460 778 postmodo

107 787 218 841 ipsos
244 787 499 827 decemviros
527 786 734 827 voluntate
759 786 870 826 abire
895 785 1139 840 magistratu
1162 800 1286 839 quam
1306 785 1461 826 invidia

107 864 246 890 corum
272 863 492 902 exsurgere
516 864 656 889 rursus
683 847 858 902 plebem.
909 849 943 888 si
966 848 1111 889 leniter
1135 849 1258 889 ducta
1281 862 1346 888 res
1373 847 1460 888 sine

107 911 292 965 populari
317 910 486 963 strepitu
511 910 563 950 ad
588 909 777 950 consules
797 909 988 958 redisset,
1015 918 1086 951 aut
1106 909 1222 951 bellis
1242 909 1460 963 interposi-

106 973 156 1013 tis
183 980 251 1013 aut
276 972 553 1013 moderatione
579 971 794 1012 consulum
813 971 853 1011 in
873 971 1054 1025 imperiis
1076 971 1315 1012 exercendis
1334 985 1459 1025 posse

105 1035 146 1074 in
171 1034 417 1075 oblivionem
442 1033 698 1074 tribunorum
722 1032 886 1087 plebem
911 1033 1073 1073 adduci.

191 1094 363 1137 Silentio
388 1103 550 1149 patrum
576 1094 748 1134 edicitur
777 1094 962 1134 dilectus.
1012 1094 1210 1142 iuniores,
1243 1108 1337 1133 cum
1370 1093 1457 1132 sinc

102 1157 389 1211 provocatione
413 1156 629 1209 imperium
655 1161 781 1203 esset,
814 1155 866 1194 ad
896 1155 1062 1195 nomina
1092 1155 1352 1208 respondent.
1402 1154 1459 1194 le-

102 1217 293 1272 gionibus
319 1217 479 1270 scriptis
506 1217 611 1256 inter
635 1230 678 1256 se
699 1216 919 1256 decemviri
938 1216 1249 1270 comparabant,
1276 1230 1379 1268 quos
1399 1216 1457 1255 ire

102 1279 153 1319 ad
178 1278 347 1326 bellum,
374 1292 476 1330 quos
502 1292 694 1332 praeesse
720 1277 966 1318 exercitibus
993 1284 1211 1332 oporteret.
1249 1277 1455 1332 principes

100 1340 204 1380 inter
238 1340 491 1380 decemviros
529 1347 643 1380 erant
681 1339 732 1392 Q.
769 1339 928 1380 Fabius
966 1346 1005 1380 et
1040 1339 1206 1394 Appius
1240 1339 1455 1380 Claudius.

100 1401 251 1442 bellum
282 1401 393 1442 domi
423 1401 555 1442 maius
587 1416 710 1455 quam
735 1400 835 1442 foris
861 1401 1096 1455 apparebat.
1145 1401 1276 1456 Appii
1300 1401 1457 1442 violen-

100 1463 198 1503 tiam
233 1464 429 1517 aptiorem
458 1463 535 1503 rati
566 1463 618 1503 ad
655 1463 968 1517 conprimendos
1005 1463 1186 1504 urbanos
1218 1470 1374 1512 motus,
1413 1463 1457 1503 in

98 1524 229 1565 Fabio
259 1524 394 1565 minus
425 1525 468 1564 in
498 1524 606 1565 bono
637 1532 830 1566 constans
867 1540 991 1578 quam
1033 1541 1185 1566 navum
1224 1526 1266 1566 in
1302 1525 1458 1566 malitia

99 1587 309 1641 ingenium
345 1601 448 1627 esse.
496 1587 605 1628 hunc
641 1588 750 1628 enim
779 1587 932 1636 virum,
971 1588 1185 1643 egregium
1217 1588 1314 1628 olim
1345 1589 1457 1628 domi

99 1649 366 1701 militiaeque,
398 1649 696 1690 decemviratus
724 1649 988 1704 collegaeque
1014 1650 1071 1690 ita
1102 1656 1378 1698 mutaverant,
1412 1657 1457 1689 ut

99 1710 213 1763 Appi
238 1724 361 1762 quam
387 1710 451 1751 sui
476 1711 618 1751 similis
644 1711 783 1751 mallet
808 1726 911 1752 esse.
961 1712 1056 1751 huic
1086 1711 1241 1752 bellum
1265 1711 1307 1751 in
1335 1709 1456 1751 Sabi-

101 1771 163 1810 nis
183 1771 255 1810 Μ’.
270 1770 471 1811 Rabuleio
491 1777 530 1811 et
550 1771 602 1823 Q.
618 1771 793 1812 Poetilio
819 1773 968 1813 additis
990 1773 1173 1827 conlegis
1199 1773 1453 1812 mandatum.

101 1831 162 1872 M.
190 1830 407 1872 Cornelius
436 1832 479 1871 in
501 1832 704 1887 Algidum
734 1834 886 1874 missus
918 1848 1011 1874 cum
1042 1834 1095 1874 L.
1121 1833 1308 1874 Minucio
1340 1840 1379 1874 et
1405 1833 1454 1874 T.

102 1893 286 1934 Antonio
316 1899 356 1933 et
387 1893 575 1934 Caesone
603 1894 762 1935 Duillio
795 1901 834 1935 et
865 1895 926 1935 M.
956 1894 1115 1950 Sergio.
1168 1894 1240 1949 Sp.
1269 1894 1456 1950 Oppium

101 1954 184 2009 Ap.
202 1954 376 1996 Claudio
401 1955 626 1996 adiutorem
651 1956 703 1996 ad
727 1956 870 1996 urbem
896 1957 1091 1998 tuendam
1115 1971 1247 2010 aequo
1273 1957 1454 1998 omnium

103 2016 426 2057 decennirorum
451 2017 620 2071 imperio
646 2018 882 2058 decernunt.

186 2078 437 2118 XXXXII.
480 2078 617 2119 Nihilo
642 2079 809 2119 militiae
834 2094 957 2132 quam
983 2080 1094 2120 domi
1118 2080 1264 2121 melius
1289 2095 1354 2121 res
1380 2095 1456 2135 pu-

103 2139 208 2181 blica
232 2140 513 2180 administrata
538 2147 611 2181 est.
660 2141 729 2181 illa
759 2142 880 2182 niodo
905 2142 948 2181 in
972 2141 1146 2183 (lucibus
1173 2142 1311 2196 culpa,
1344 2144 1455 2195 quod

103 2208 145 2241 ut
171 2202 263 2242 odio
289 2209 426 2243 essent
451 2202 608 2243 civibus
640 2202 839 2252 fecerant3
877 2203 956 2244 alia
987 2204 1119 2244 omnis
1150 2218 1277 2258 penes
1303 2204 1452 2245 milites

102 2263 225 2303 noxia
249 2269 351 2312 erat,
378 2263 465 2316 qui,
496 2278 547 2304 ne
572 2264 671 2317 quid
695 2265 819 2305 ductu
845 2271 966 2318 atque
991 2265 1175 2319 auspicio
1203 2266 1456 2307 decemviro-

103 2339 193 2364 rum
215 2339 409 2378 prospere
432 2339 610 2378 usquam
634 2333 860 2380 gereretur,
886 2327 995 2367 vinci
1021 2341 1064 2367 se
1088 2341 1161 2381 per
1186 2342 1306 2368 suum
1332 2334 1453 2381 atquc

103 2385 263 2426 illorum
293 2387 471 2427 dedecus
502 2387 771 2441 patiebantur.
820 2388 904 2428 fusi
934 2395 973 2428 et
1003 2388 1054 2429 ab
1082 2387 1249 2430 Sabinis
1275 2390 1327 2430 ad
1351 2389 1456 2430 Ere-

102 2455 189 2488 tum
214 2454 251 2488 et
277 2448 319 2488 in
336 2447 492 2503 Algido
517 2449 568 2490 ab
588 2448 746 2502 Aequis
773 2450 975 2490 exercitus
1002 2457 1126 2491 erant.
1165 2450 1217 2491 ab
1235 2450 1363 2492 Ereto
1382 2466 1456 2505 per

103 2509 308 2549 silentium
328 2510 457 2550 noctis
475 2511 641 2565 profugi
661 2511 829 2565 propius
855 2511 999 2552 urbem
1023 2512 1130 2552 inter
1146 2511 1327 2553 Fidenas
1349 2512 1454 2553 Cru-

102 2571 419 2624 stumeriamque
438 2571 528 2612 loco
554 2573 661 2613 edito
687 2580 820 2614 castra
845 2574 1180 2614 communierant.
1227 2575 1453 2628 persecutis

101 2632 287 2674 hostibus
302 2648 505 2686 nusquam
520 2649 562 2675 se
583 2649 713 2687 aequo
733 2635 952 2675 certamine
973 2636 1286 2685 committentes,
1306 2642 1453 2677 natura

1485 1836 1524 1865 10

1481 2156 1499 2184 Ν.)

1480 2404 1498 2433 02

1478 2589 1499 2618 4

100 2693 177 2734 loci
208 2709 256 2735 ac
286 2695 411 2743 vallo,
450 2711 528 2735 non
561 2696 709 2737 virtute
747 2703 816 2736 aut
852 2697 975 2737 armis
1013 2697 1262 2738 tutabantur.
1318 2698 1449 2739 maius
1477 2713 1495 2741 5

1160 2763 1225 2796 11*
