1780 3204
449 258 602 293 LIBER
627 259 661 303 1,
681 260 734 292 31.
753 259 807 292 32.
836 262 883 302 [a.
899 259 1148 303 effla-616]
1426 250 1480 290 35

125 367 206 406 iam
232 365 432 413 homines,
453 378 546 405 eum
573 371 723 404 statum
749 378 895 411 reruni,
917 363 987 416 qui
1013 362 1090 404 sub
1109 361 1245 403 Numa
1269 377 1366 417 rege
1392 362 1481 403 fue-

126 434 199 476 rat,
220 426 487 479 requirentes,
509 441 634 466 unam
659 440 778 480 opem
804 425 939 480 aegris
965 424 1202 479 corporibus
1227 423 1424 474 relictam,
1447 425 1481 465 si

125 505 206 544 pax
236 489 438 542 veniaque
469 487 521 529 ab
552 488 629 528 diis
660 488 877 542 impetrata
901 494 1029 535 esset,
1062 485 1295 527 credebant.
1344 486 1480 541 ipsum

126 566 265 606 regem
291 551 455 591 tradunt
481 550 714 591 volventem
759 549 1061 591 commentarios
1085 548 1266 598 Numae,
1300 562 1394 589 cum
1424 548 1482 590 ibi

124 613 329 666 quaedam
343 612 502 654 occulta
516 611 729 653 sollemnia
743 610 978 665 (sacrificia)
992 611 1083 652 Iow'
1097 610 1231 651 Elicio
1245 609 1353 651 facta
1367 610 1481 652 inve-

125 675 267 723 nisset,
294 681 504 728 operatum
524 674 574 714 iis
596 673 722 714 sacris
738 688 781 714 se
795 672 1017 721 abdidisse,
1045 672 1119 713 sed
1138 687 1221 713 non
1239 672 1315 713 rite
1334 672 1481 713 initum

124 744 194 777 aut
218 744 406 777 curatum
429 736 472 776 id
497 750 660 776 sacrum
686 749 777 776 esse
801 749 877 775 nee
903 734 1037 775 solum
1062 734 1217 774 nullam
1239 733 1278 775 ei
1297 733 1478 775 oblatam

123 798 361 839 caelestium
382 797 580 852 speciem,
608 797 681 838 sed
699 796 759 837 ira
777 796 889 836 Iovis
911 795 1115 837 sollicitati
1133 811 1262 850 prava
1285 795 1481 851 religione

124 859 295 900 fulmine
331 859 457 900 ictum
494 873 588 899 cum
625 857 748 898 domo
790 857 1080 912 conflagrasse.
1143 857 1291 898 Tullus
1329 872 1482 913 magna

123 922 254 976 gloria
278 921 375 963 belli
398 920 585 976 regnavit
610 934 739 960 annos
765 919 870 960 duos
896 926 935 959 et
960 919 1138 973 triginta.

207 983 412 1024 XXXII.
444 982 612 1023 Mortuo
627 981 762 1030 Tullo,
776 980 861 1029 res,
883 988 927 1021 ut
950 980 1183 1021 institutum
1208 981 1290 1021 iam
1314 981 1409 1021 inde
1429 980 1480 1022 ab

123 1045 238 1086 initio
263 1052 361 1094 erat,
388 1044 441 1085 ad
463 1051 600 1098 patres
625 1043 801 1084 redierat
824 1042 948 1095 hique
974 1042 1219 1097 interregem
1244 1043 1481 1083 nominave-

124 1115 224 1148 rant.
273 1121 355 1159 quo
380 1105 545 1146 comitia
569 1104 745 1145 habente
765 1103 931 1144 Ancum
951 1102 1159 1144 Marcium
1183 1117 1325 1158 regem
1350 1118 1482 1157 popu-

122 1169 186 1209 lus
213 1168 362 1208 creavit
372 1184 382 1216 ;
413 1174 549 1221 patres
575 1166 691 1207 fuere
716 1173 918 1206 auctores.

205 1230 365 1270 Numae
389 1229 571 1283 Pompili
594 1228 704 1284 regis
730 1243 858 1283 nepos
883 1228 966 1269 filia
992 1235 1105 1269 ortus
1125 1227 1272 1269 Ancus
1293 1227 1479 1269 Marcius

119 1298 216 1332 erat.
266 1291 337 1345 qui
368 1298 412 1332 ut
441 1305 616 1346 regnare
649 1291 802 1345 coepit,
836 1298 875 1331 et
906 1291 1040 1331 avitae
1070 1291 1226 1346 gloriae
1257 1305 1416 1332 memor
1439 1299 1477 1332 et

120 1353 216 1406 quia
245 1353 479 1407 proximum
508 1367 702 1407 regnum,
735 1359 871 1394 cetera
901 1353 1134 1408 egregium,
1167 1351 1219 1394 ab
1250 1367 1334 1393 una
1363 1360 1478 1407 parte

119 1415 217 1456 haut
255 1415 353 1456 satis
378 1429 622 1469 prosperum
647 1415 782 1456 fuerat
805 1422 875 1456 aut
894 1415 1094 1470 neglectis
1119 1414 1389 1470 religionibus
1411 1425 1480 1455 aut

118 1491 242 1532 prave
267 1476 401 1525 cultis,
416 1476 622 1532 longeque
647 1477 981 1530 antiquissimum
1005 1484 1137 1527 ratus,
1172 1492 1288 1518 sacra
1312 1476 1479 1531 publica

120 1546 162 1580 ut
180 1554 203 1580 a
215 1538 352 1579 Numa
368 1539 554 1580 instituta
573 1546 687 1580 erant
705 1539 854 1588 facere,
877 1540 1013 1581 omnia
1033 1554 1082 1581 ea
1101 1554 1153 1581 ex
1172 1539 1477 1580 commentariis

119 1601 226 1656 regis
244 1600 479 1655 pontificem
497 1601 539 1641 in
553 1601 691 1643 album
711 1601 838 1643 relata
857 1616 1085 1656 proponere
1105 1602 1148 1642 in
1165 1601 1331 1656 publico
1351 1600 1476 1642 iubet.

201 1662 304 1703 Inde
330 1669 370 1703 et
394 1662 552 1703 civibus
578 1663 649 1704 otii
674 1663 832 1717 cupidis
853 1671 891 1704 et
910 1663 1093 1704 finitimis
1114 1662 1350 1704 civitatibus
1369 1662 1479 1703 faeta

119 1738 232 1778 spes,
263 1724 306 1763 in
336 1724 403 1764 avi
432 1739 567 1765 mores
598 1732 721 1778 atque
751 1725 937 1765 instituta
967 1739 1109 1779 regem
1134 1723 1353 1765 abiturum.
1402 1724 1479 1778 igi-

120 1795 184 1826 tur
207 1785 360 1834 Latini,
387 1800 481 1826 eum
505 1785 655 1839 quibus
682 1786 805 1827 Tullo
829 1794 1028 1841 regnante
1059 1786 1186 1826 ictum
1205 1785 1352 1826 foedus
1379 1793 1476 1833 erat,

121 1847 370 1888 sustulerant
387 1848 565 1897 animos,
592 1855 648 1897 et,
675 1863 768 1889 cum
786 1848 1064 1889 incursionem
1088 1848 1129 1888 in
1155 1863 1301 1902 agrum
1319 1847 1475 1888 Roma-

120 1923 218 1949 num
242 1908 456 1958 fecissent,
482 1909 761 1963 repetentibus
786 1925 851 1950 res
876 1909 1076 1950 Romanis
1105 1908 1281 1963 superbe
1305 1923 1476 1963 respon-

122 1985 213 2010 sum
243 1970 437 2019 reddunt,
470 1971 655 2011 desidem
678 1971 914 2012 Romanum
944 1986 1086 2026 regem
1116 1971 1222 2011 inter
1254 1971 1407 2012 sacella
1437 1979 1477 2011 et

122 2047 212 2072 aras
238 2039 424 2072 acturum
450 2047 541 2073 esse
565 2047 739 2087 regnum
764 2033 853 2074 rati.

205 2093 396 2134 Medium
422 2100 507 2135 erat
530 2094 573 2135 in
597 2094 719 2135 Anco
743 2095 968 2150 ingenium,
995 2103 1035 2136 et
1058 2094 1220 2136 Numae
1246 2102 1285 2135 et
1309 2094 1477 2136 Romuli

120 2169 294 2204 men10r3
321 2164 359 2196 et
378 2164 665 2209 praeterquam
685 2157 796 2209 quod
815 2157 1026 2219 aviregno
1046 2157 1180 2212 magis
1200 2157 1476 2198 necessariam
1530 2185 1533 2188 >

121 2216 251 2258 fuisse
285 2231 431 2271 pacem
468 2217 660 2258 credebat
695 2233 788 2259 cum
820 2219 860 2258 in
891 2234 999 2260 novo
1030 2226 1117 2259 tuin
1148 2218 1279 2259 feroci
1308 2218 1474 2273 populo,

120 2278 243 2318 etiam
267 2279 378 2331 quod
408 2279 466 2319 illi
498 2280 737 2334 contigisset
763 2281 910 2330 otium,
945 2281 1031 2322 sine
1057 2281 1204 2322 iniuria
1229 2281 1271 2321 id
1297 2295 1340 2322 se
1364 2281 1477 2321 haud

120 2339 239 2380 facile
264 2339 517 2381 habiturum:
554 2342 745 2396 temptari
774 2343 1013 2396 patientiam
1044 2351 1084 2384 et
1114 2349 1354 2397 temptatam
1379 2357 1476 2384 con-

119 2401 244 2441 temni
276 2409 542 2455 temporaque
574 2417 664 2444 esse
691 2403 813 2445 Tullo
843 2404 931 2459 regi
963 2405 1120 2458 aptiora
1150 2419 1275 2458 quam
1299 2404 1473 2446 Numae.

1506 1302 1523 1331 10

118 2470 163 2502 ut
187 2474 335 2511 tamen,
357 2464 550 2516 quoniam
568 2464 607 2505 N
610 2480 705 2505 uma
728 2465 770 2505 iu
794 2480 896 2520 pace
921 2466 1141 2521 religiones
1166 2466 1424 2515 instituisset,
1451 2482 1475 2507 a
1501 2481 1519 2509 5

119 2538 161 2564 se
187 2523 358 2565 bellicae
383 2525 653 2567 caerimoniae
678 2527 946 2580 proderentur
965 2542 1042 2569 nee
1060 2535 1300 2583 gererentur
1325 2528 1472 2577 solum,

118 2585 190 2625 sed
221 2586 344 2627 etiam
374 2587 650 2628 indicerentur
678 2587 787 2630 bella
816 2589 954 2642 aliquo
985 2590 1084 2638 ritu,
1121 2590 1185 2630 ius
1217 2589 1268 2631 ab
1306 2590 1475 2644 antiqua

115 2653 238 2700 gente
264 2648 528 2701 Aequiculis,
560 2649 670 2703 quod
700 2665 810 2691 nune
841 2650 1002 2692 fetiales
1035 2650 1205 2701 habent,
1243 2652 1471 2706 descripsit,

116 2723 198 2761 quo
226 2724 290 2750 res
316 2718 566 2764 repetuntur.

1203 2779 1249 2813 3*
