1835 3226
256 1529 295 1557 10

256 1777 291 1805 11

278 2213 295 2241 {0

282 2703 300 2731 ὁ

317 224 401 266 434
605 230 759 264 LIBER
782 229 894 273 vm,
919 228 974 262 34.
995 228 1049 262 35.
1077 231 1174 272 [ειη.
1191 228 1373 274 0.429s30]

318 336 484 376 fecisse:
522 347 630 373 nunc
660 338 797 387 patres
824 345 962 372 comes
989 337 1028 372 et
1055 345 1174 372 senes
1199 330 1342 372 faciles
1369 332 1419 372 de
1445 332 1576 373 alieno
1602 334 1677 373 im-

318 397 429 451 perio
467 401 621 449 spreto,
661 401 872 446 tamquam
908 394 969 433 rei
1004 407 1176 447 parvae,
1214 393 1455 448 disciplinae
1492 394 1677 435 militaris

319 472 486 499 eversae
516 456 719 497 iuventuti
749 456 924 511 gratiam
954 455 1103 496 facere.
1154 470 1198 497 se
1229 462 1367 496 tamen
1401 463 1678 510 perstaturum

316 521 359 561 in
383 520 546 573 incepto
571 533 648 559 nec
667 518 716 567 ei,
738 517 809 571 qui
834 517 1033 559 adversus
1060 517 1215 558 dictum
1242 532 1362 567 suum
1389 518 1562 559 turbatis
1587 519 1680 559 reli-

317 580 510 638 gionibus
536 595 584 622 ac
609 579 745 621 dubiis
773 580 967 634 auspiciis
993 586 1234 636 pugnasset,
1263 581 1483 634 quicquam
1502 596 1554 622 cx
1571 581 1680 622 iusta.

317 659 450 700 poena
473 644 755 685 remissurum.
793 643 987 684 maiestas
1007 643 1167 698 imperii
1185 650 1436 698 perpetuane
1457 650 1577 693 esset,
1597 659 1680 685 non

317 721 409 748 esse
427 706 470 747 in
489 721 564 747 sua
582 712 804 761 potestate:
824 706 877 746 L.
891 705 1106 760 Papirium
1125 705 1227 746 nihil
1247 705 1334 747 eius
1354 706 1678 756 (leminuturum3

319 776 478 824 optare,
504 784 556 810 ne
581 774 765 823 potestas
791 767 1027 817 tribunicia,
1054 768 1250 810 inviolata
1273 768 1382 824 ipsa,
1409 768 1534 809 violet
1557 769 1681 810 inter-

318 831 504 873 cessione
531 846 607 872 sua
630 830 866 871 Romanum
896 830 1116 885 imperium
1146 845 1226 871 neu
1257 830 1435 885 populus
1466 831 1508 871 in
1540 846 1583 872 se
1608 845 1681 885 po-

321 894 527 935 tissimum
559 893 801 934 dictatorem
827 899 868 933 et
891 892 955 933 ius
982 893 1207 933 dictaturae
1234 893 1460 948 extinguat.
1510 893 1620 946 quod
1646 893 1681 933 si

316 956 510 1014 fecisset,
530 971 615 996 non
638 955 691 996 L.
719 954 952 1009 Papirium,
980 954 1054 995 sed
1079 954 1284 1004 tribunOS,
1312 955 1385 996 sed
1409 970 1582 1009 pravum
1607 969 1681 1009 po-

317 1018 404 1073 puli
422 1018 620 1059 iudicium
639 1017 890 1070 nequiquam
910 1023 1098 1071 posteros
1119 1024 1395 1066 accusaturos,
1411 1032 1504 1058 cum
1524 1016 1682 1072 polluta

320 1080 447 1120 semel
472 1080 637 1120 militari
662 1079 879 1133 disciplina
909 1094 991 1120 non
1022 1079 1140 1120 miles
1173 1079 1441 1127 centurionis,
1473 1094 1556 1120 non
1588 1093 1682 1119 cen-

318 1142 423 1182 turio
455 1141 624 1190 tribuni,
663 1156 745 1182 non
777 1140 964 1182 tribunus
995 1141 1139 1196 legati,
1177 1157 1259 1182 non
1288 1142 1450 1198 legatus
1483 1141 1678 1190 consulis,

319 1219 401 1244 non
426 1204 624 1258 magister
649 1203 833 1256 equitum
858 1203 1067 1244 dictatoris
1093 1213 1234 1258 pareat
1259 1204 1443 1258 imperio,
1464 1218 1585 1244 nemo
1608 1203 1682 1244 ho-

318 1266 496 1315 minum,
533 1280 655 1306 nemo
693 1265 864 1305 deorum
902 1266 1195 1306 verecundiam
1229 1265 1397 1314 habeat,
1429 1280 1512 1305 non
1549 1265 1681 1306 edicta

319 1328 630 1382 imperatorum,
663 1341 746 1367 non
782 1326 967 1380 auspicia
1003 1326 1289 1376 observentur,
1324 1327 1410 1367 sine
1448 1333 1680 1367 commeatu

319 1390 416 1444 vagi
447 1389 596 1430 milites
629 1389 670 1429 in
696 1395 861 1443 pacato,
895 1389 937 1428 in
967 1388 1128 1429 hostico
1154 1395 1305 1437 errent,
1337 1389 1583 1429 inmemores
1616 1404 1680 1429 sa-

321 1451 517 1492 cramenti
542 1451 705 1491 licentia
732 1450 818 1491 sola
844 1465 887 1491 se
907 1450 978 1491 ubi
996 1450 1122 1490 velint
1147 1457 1423 1499 exauctorent,
1446 1450 1681 1504 infrequen-

322 1515 379 1554 tia
409 1514 652 1554 descrantur
688 1512 807 1567 signa
837 1526 970 1565 neque
1003 1513 1270 1553 conveniatur
1300 1513 1352 1553 ad
1389 1513 1567 1553 edictum
1603 1527 1681 1553 nce

321 1576 588 1624 discernatur,
609 1574 787 1614 interdiu
807 1580 938 1622 nocte,
959 1588 1090 1627 aequo
1109 1574 1249 1627 iniquo
1268 1574 1372 1623 loco,
1386 1574 1503 1615 iussu
1522 1574 1681 1615 iniussu

320 1637 576 1692 imperatoris
607 1643 812 1691 pugnent,
845 1642 885 1677 et
914 1651 996 1676 non
1028 1636 1164 1691 signa,
1196 1652 1279 1677 non
1310 1637 1471 1677 ordines
1504 1646 1678 1685 servent,

319 1699 519 1741 latrocinii
550 1699 673 1739 modo
706 1713 828 1738 caeca
859 1704 899 1738 et
930 1697 1097 1738 fortuita
1127 1712 1200 1752 pro
1233 1698 1420 1738 sollemni
1451 1705 1491 1738 et
1522 1705 1680 1739 sacrata

321 1762 466 1802 militia
491 1761 629 1802 sit—z
655 1760 803 1800 horum
830 1759 1045 1800 criminum
1071 1774 1145 1800 vos
1171 1774 1262 1800 reos
1287 1760 1328 1800 in
1355 1760 1492 1800 onmia
1517 1760 1681 1801 saecula

322 1824 484 1872 offerte,
517 1822 669 1864 tribuni
699 1821 829 1878 plebi,
861 1828 1000 1863 vestra
1031 1820 1209 1862 obnoxia
1246 1822 1379 1876 capita
1415 1836 1489 1876 pro
1518 1821 1683 1862 licentia

325 1886 376 1939 Q.
402 1885 509 1927 Fabi
534 1885 696 1926 obicite.

399 1946 600 1988 XXXV.
630 1945 855 2001 Stupentes
883 1946 1067 1987 tribunos
1089 1953 1128 1987 et
1148 1962 1265 1987 suam
1290 1946 1372 1987 iam
1391 1946 1524 1987 vicem
1548 1946 1682 2001 magis

321 2011 466 2052 anxios
493 2024 618 2063 quam
643 2010 745 2059 eius,
774 2009 840 2050 cui
865 2009 1065 2050 auxilium
1091 2008 1142 2050 ab
1169 2023 1213 2050 se
1238 2008 1465 2063 petebatur,
1493 2007 1683 2049 liberavit

323 2087 444 2115 onere
465 2087 693 2114 consensus
720 2071 861 2126 populi
875 2071 1053 2112 Romani
1073 2071 1125 2112 ad
1143 2086 1287 2126 preces
1308 2079 1346 2111 et
1367 2070 1683 2111 obtestationem

321 2150 480 2184 versus,
507 2141 552 2175 ut
578 2134 858 2189 sibiqpoenam
882 2134 1070 2189 magistri
1096 2134 1281 2187 equitum
1306 2133 1480 2173 dictator
1503 2133 1683 2173 remitte-

322 2204 394 2239 ret.
444 2197 597 2238 tribuni
622 2210 804 2250 quoque,
836 2195 1074 2236 inclinatam
1106 2210 1192 2236 rem
1218 2195 1260 2235 in
1289 2209 1432 2249 preces
1459 2193 1681 2243 subsecuti,

322 2274 436 2301 orare
463 2260 703 2299 dictatorem
729 2258 942 2306 insistunt,
975 2264 1020 2298 ut
1044 2258 1207 2298 veniam
1233 2257 1358 2298 errori
1387 2256 1587 2306 humano,
1614 2270 1684 2296 ve-

322 2322 432 2362 niam
464 2321 769 2362 adulescentiae
797 2319 849 2372 Q
876 2319 998 2360 Fabii
1029 2320 1161 2360 daret:
1202 2319 1301 2360 satis
1333 2333 1426 2359 eum
1458 2333 1684 2373 poenarum

324 2384 499 2424 dedisse.
549 2383 631 2423 iam
656 2383 745 2437 ipse
771 2381 1034 2430 adulescens,
1066 2382 1148 2422 iam
1179 2388 1295 2436 pater
1319 2381 1380 2421 M.
1406 2380 1562 2422 Fabius
1589 2395 1685 2421 con-

323 2446 514 2487 tentionis
547 2445 662 2486 obliti
698 2443 967 2499 procumbere
999 2444 1052 2484 ad
1087 2458 1223 2499 genua
1260 2450 1300 2484 et
1334 2443 1436 2483 iram
1473 2442 1683 2497 deprecari

325 2507 546 2548 dictatoris.
584 2514 671 2547 tum
692 2507 866 2547 dictator
886 2505 1047 2546 silentio
1072 2505 1201 2546 facto:
1230 2504 1352 2546 ‘bene
1377 2504 1527 2554 habet,'
1552 2504 1683 2557 inquit

326 2567 547 2620 ‘Quiritcsz
574 2569 671 2609 vicit
697 2568 916 2622 disciplina
941 2567 1140 2616 militaris,
1167 2567 1264 2607 vicit
1289 2567 1449 2621 imperii
1475 2566 1680 2613 maiestas,

327 2644 430 2682 quae
455 2631 498 2671 in
523 2631 758 2672 discrimine
784 2630 950 2671 fuerunt
975 2645 1027 2670 an
1051 2629 1135 2670 ulla
1160 2638 1253 2684 post
1278 2629 1384 2669 hanc
1404 2629 1513 2669 diem
1533 2633 1680 2668 essent.

326 2705 407 2730 non
432 2706 564 2733 noxae
590 2693 782 2733 eximitur
807 2691 865 2744 Q.
892 2691 1062 2741 Fabius,
1089 2691 1159 2745 qui
1185 2697 1326 2732 contra
1351 2691 1530 2732 edictum
1554 2689 1682 2741 impc-
