1780 3204
382 251 535 285 LIBER
559 250 688 294 vnn,
714 250 768 283 22.
788 249 841 283 23.
871 252 918 293 [a.
934 248 972 283 e.
987 248 1181 292 317-315]
1378 238 1460 279 465

112 370 254 397 versus
286 354 510 396 idbellum
535 354 636 394 tanti
666 353 833 402 ducere,
865 352 976 406 quod
1004 351 1149 393 urbem
1179 350 1458 407 oppugnabat,

113 417 292 458 securior
316 416 366 458 ab
390 415 643 458 Samnitibus
670 430 803 470 agere,
832 414 1073 456 stationibus
1099 414 1221 455 modo
1247 413 1458 468 oppositiS,

111 494 161 519 ne
187 493 267 532 qua
292 479 334 518 in
359 487 491 519 castra
516 478 578 518 vis
604 477 730 518 fieret.
769 491 816 518 eo
841 476 1020 517 ferocius
1046 476 1281 529 adequitare
1298 474 1461 516 Samni-

112 548 172 580 tes
199 540 305 580 vallo
336 554 468 592 neque
495 539 622 579 otium
651 539 748 593 pati.
799 544 837 578 et
868 552 961 578 cum
992 538 1073 577 iam
1103 552 1231 591 prope
1261 537 1302 577 in
1331 536 1460 590 portis

113 610 338 642 castrorum
369 609 477 642 esset
508 601 656 649 hostis,
689 600 789 640 nihil
820 599 1007 641 consulto
1038 599 1234 640 dictatore
1265 598 1463 653 magister

113 664 294 717 equitum
322 663 373 716 Q.
389 662 538 703 Aulius
561 662 809 703 Cerretanus
835 677 985 717 magno
1011 661 1188 710 tumultu
1213 676 1306 701 cum
1332 659 1462 700 omni-

112 725 189 766 bus
221 725 364 766 turmis
396 725 578 778 equitum
609 732 774 765 evectus
812 724 1035 764 summovit
1069 723 1242 764 hostem.
1297 729 1385 762 tum
1420 721 1461 761 in

113 787 278 827 minime
303 786 499 840 pertinaci
523 800 673 841 genere
697 800 861 841 pugnae
882 785 940 826 sie
959 785 1124 826 fortuna
1147 784 1328 825 exercuit
1347 797 1460 838 opes,

113 855 155 888 ut
180 848 352 903 insignis
383 848 587 900 utrimque
618 847 755 888 clades
782 854 821 888 et
846 847 953 888 clara
984 847 1167 901 Ipsorum
1191 847 1343 887 ducum
1369 845 1463 886 ede-

112 916 173 949 ret
196 910 352 950 funera.
395 910 506 964 prior
521 909 767 951 Samnitium
792 910 1012 963 imperator
1036 923 1158 964 aegre
1181 909 1354 963 patiens,
1381 921 1461 960 quo

113 980 195 1011 tam
215 971 404 1012 ferociter
422 971 712 1024 adequitasset,
732 971 826 1011 inde
853 985 896 1011 se
915 971 1032 1011 fundi
1057 971 1286 1025 fugarique,
1308 969 1461 1010 orando

112 1032 392 1088 hortandoque
418 1035 575 1088 equites
600 1034 800 1088 proelium
824 1034 1004 1083 iteravit3
1041 1034 1082 1074 in
1108 1048 1230 1086 quem
1255 1032 1461 1087 insignem

112 1095 216 1136 inter
247 1111 344 1137 suos
382 1097 554 1137 cientem
590 1111 773 1150 pugnam
808 1095 1005 1149 magister
1035 1095 1218 1147 equitum
1248 1094 1460 1135 Romanus

111 1157 261 1198 infesta
285 1158 454 1212 cuspide
479 1158 535 1198 ita
559 1157 743 1211 permisit
763 1171 927 1209 equum,
955 1162 998 1196 ut
1016 1170 1097 1196 uno
1121 1156 1205 1196 ictu
1231 1155 1461 1195 exanimem

111 1233 216 1271 equo
240 1220 537 1273 praecipitaret.
586 1233 680 1267 nec,
707 1225 751 1258 ut
781 1218 843 1266 fit,
876 1218 928 1258 ad
959 1217 1074 1257 ducis
1101 1231 1242 1257 casum
1273 1215 1464 1270 perculsa

111 1281 243 1334 magis
269 1295 392 1333 quam
416 1280 580 1320 inritata
604 1286 667 1320 est
690 1279 920 1319 multitudo.
963 1278 1095 1319 omnis
1121 1278 1191 1331 qui
1217 1278 1325 1318 circa
1348 1284 1463 1318 erant

110 1341 151 1380 in
164 1341 347 1390 Aulium,
369 1348 521 1382 temere
545 1341 753 1382 invectum
777 1355 851 1395 per
868 1340 1050 1381 hostium
1075 1346 1244 1388 turmas,
1266 1339 1347 1380 tela
1367 1354 1463 1380 con-

109 1403 307 1443 iecerunt:
338 1403 453 1444 fratri
476 1403 743 1458 praecipuum
769 1403 894 1444 decus
919 1402 993 1443 ulti
1015 1401 1262 1444 Samnitium
1287 1402 1463 1456 impera-

109 1465 207 1506 toris
233 1465 443 1506 dederunt.
486 1466 521 1506 is
547 1465 744 1506 victorem
770 1465 997 1506 detractum
1017 1479 1069 1506 ex
1087 1479 1192 1518 equo
1218 1465 1462 1519 magistrum

110 1527 292 1580 equitum
316 1527 462 1582 plenus
483 1528 678 1568 maeroris
699 1534 821 1580 atque
839 1528 923 1568 irae
943 1527 1171 1576 trucidavit,
1191 1540 1268 1567 nee
1286 1526 1462 1566 multum

110 1589 224 1638 afuit,
244 1590 343 1642 quin
363 1604 531 1644 corpore
557 1589 691 1639 etiam,
718 1590 815 1642 quia
838 1589 943 1630 inter
967 1589 1126 1630 hostilis
1153 1588 1354 1629 ceciderat
1379 1594 1463 1627 tur-

110 1665 210 1700 mas,
229 1649 435 1692 Samnites
461 1651 698 1705 potirentur.
738 1651 812 1691 sed
837 1651 1042 1704 extemplo
1062 1650 1112 1691 ad
1138 1650 1265 1704 pedes
1291 1649 1462 1690 descen-

110 1727 201 1753 sum
227 1712 278 1752 ab
302 1712 501 1753 Romanis
528 1719 601 1761 est,
629 1713 840 1765 coactique
865 1712 974 1752 idem
996 1711 1203 1753 Samnites
1229 1710 1378 1751 faeere.
1422 1719 1462 1752 et

109 1773 320 1827 repentina
351 1774 459 1815 acies
497 1774 604 1814 circa
640 1789 810 1828 corpora
846 1774 998 1814 ducum
1034 1774 1225 1827 pedestre
1259 1773 1461 1827 proelium

109 1836 215 1884 iniit,
243 1850 322 1889 quo
348 1836 458 1877 haud
483 1836 606 1877 dubie
633 1843 797 1891 superat
822 1836 1056 1877 Romanus:
1093 1842 1461 1890 recuperatumque

110 1897 211 1937 Auli
236 1912 384 1952 corpus
416 1898 546 1938 mixta
577 1913 671 1938 cum
702 1898 842 1939 dolore
872 1898 1027 1939 laetitia
1056 1898 1230 1939 victores
1261 1898 1302 1938 in
1328 1904 1462 1939 castra

109 1959 301 2000 referunt.
342 1958 549 2000 Samnites
575 1960 678 2000 duce
704 1960 855 2001 amisso
881 1967 921 2000 et
944 1974 1018 2014 per
1042 1966 1230 2013 equestre
1255 1966 1461 2001 certamen

110 2021 317 2074 temptatis
348 2020 503 2062 viribus
535 2021 690 2062 omissa
722 2020 923 2070 Saticula,
956 2036 1080 2074 quam
1110 2021 1360 2074 nequiquam
1391 2021 1461 2062 de-

110 2082 223 2122 fendi
247 2082 457 2131 rebantur,
485 2083 536 2123 ad
560 2082 754 2123 Plisticae
779 2082 1036 2123 obsidionem
1059 2082 1248 2131 redeunt,
1274 2083 1461 2136 intraque

111 2158 264 2197 paucos
290 2144 378 2185 dies
395 2142 578 2185 Saticula
591 2144 804 2185 Romanus
824 2158 898 2198 per
917 2144 1177 2193 deditionem,
1199 2143 1369 2184 Plistica
1387 2158 1461 2198 per

112 2205 195 2245 vim
224 2204 388 2246 Samnis
414 2206 579 2260 potitur.

194 2266 372 2307 XXIII.
415 2267 579 2308 Mutata
614 2268 708 2308 inde
745 2266 841 2308 belli
878 2267 986 2308 sedis
1017 2274 1103 2316 est3
1147 2267 1198 2307 ad
1231 2265 1378 2308 Soram
1409 2281 1460 2307 ex

114 2327 284 2369 Samnio
308 2327 543 2382 Apuliaque
571 2329 779 2370 traductae
803 2329 999 2384 legiones.
1045 2327 1149 2370 Sora
1174 2329 1226 2369 ad
1253 2327 1458 2370 Samnites

111 2390 318 2431 defecerat
346 2391 571 2432 interfectis
597 2391 751 2432 colonis
776 2391 1071 2432 Romanorum.
1121 2405 1202 2444 quo
1228 2405 1321 2431 cum
1350 2391 1462 2445 prior

112 2452 324 2493 Romanus
345 2453 547 2494 exercitus
572 2454 625 2494 ad
648 2453 926 2494 ulciscendam
951 2453 1102 2494 civium
1124 2467 1268 2493 necem
1293 2466 1462 2506 recupe-

111 2514 361 2568 randamque
382 2515 583 2556 coloniam
602 2515 762 2570 magnis
782 2514 994 2556 itineribus
1013 2514 1305 2569 praevenisset,
1328 2514 1461 2568 sparsi

111 2589 183 2629 per
207 2575 296 2616 vias
330 2577 606 2630 speculatores
638 2576 753 2630 sequi
782 2576 966 2631 legiones
994 2575 1242 2617 Samnitium
1271 2590 1347 2616 nee
1376 2575 1459 2616 iam

109 2637 251 2691 procul
271 2637 416 2679 abesse
435 2638 503 2678 alii
523 2652 645 2693 super
663 2638 764 2679 alios
784 2638 1028 2687 nuntiarent,
1049 2637 1212 2678 obviam
1231 2637 1333 2678 itum
1351 2636 1459 2677 hosti

110 2705 233 2754 atque
265 2701 317 2742 ad
348 2701 552 2742 Lautulas
584 2701 750 2756 ancipiti
786 2700 941 2756 proelio
973 2700 1210 2740 dimicatum
1247 2705 1321 2739 est.
1376 2713 1459 2739 non

180 2777 243 2804 Livi
264 2778 316 2804 roz.
334 2777 352 2804 ι.
1191 2764 1235 2798 30

1489 1045 1504 1073 *1

1487 1288 1506 1317 S

1488 1412 1505 1442 9

1490 1660 1529 1689 10

1489 1975 1525 2003 11

1485 2339 1504 2367 10

1486 2523 1502 2534 n

1486 2537 1504 2551 ι)

1484 2646 1502 2674 4
