1780 3204
458 270 611 304 LIBER
631 270 702 314 111,
729 269 783 304 35.
803 271 857 305 30.
886 273 933 314 [a.
950 269 987 305 e.
1001 270 1078 304 451.
1099 271 1182 314 450]
1418 262 1497 302 157

138 376 329 432 gistratui
354 381 456 416 erat:
483 374 687 415 criminari
712 374 942 428 optimates,
970 374 1163 416 extollere
1189 374 1499 415 candidatorum

138 439 395 480 levissimum
427 451 632 490 quemque
663 437 1038 491 humillimumque,
1076 437 1165 492 ipse
1196 437 1357 477 medius
1394 436 1500 477 inter

139 501 395 549 tribunicios,
427 500 617 541 Duellios
642 499 883 552 Iciliosque,
910 500 952 540 in
977 500 1066 540 foro
1092 499 1278 548 volitare,
1310 513 1384 553 per
1408 499 1498 540 illos

140 579 183 605 se
208 563 321 618 plebi
345 562 573 610 venditare,
612 561 743 602 donee
768 561 951 616 collegae
977 576 1158 614 quoque,
1195 561 1266 614 qui
1297 561 1416 602 unice
1441 561 1500 601 illi

139 625 265 666 dediti
289 624 452 665 fuerant
476 624 528 664 ad
552 624 594 664 id
619 630 794 677 tempus,
822 623 1032 664 coniecere
1057 623 1100 663 in
1124 637 1219 663 eum
1245 622 1398 671 oculos,
1424 623 1500 663 mi-

140 694 292 736 rantes,
319 686 419 740 quid
444 685 522 726 sibi
547 685 682 726 vellet.
731 699 940 739 apparere,
966 685 1069 725 nihil
1094 685 1243 726 sinceri
1268 700 1359 726 esse
1368 701 1379 735 3
1405 700 1499 739 pro-

138 749 246 790 fecto
277 749 390 789 haud
419 748 641 803 gratuitam
677 747 719 787 in
750 754 864 787 tanta
901 747 1093 802 superbia
1124 747 1359 788 comitatem
1390 747 1477 788 fore
1488 763 1498 796 ;

138 811 310 851 nimium
335 811 379 850 in
404 810 588 851 ordinem
620 824 664 850 se
694 810 832 863 ipsum
864 823 1011 864 cogere
1044 816 1083 850 et
1108 809 1267 865 volgari
1297 824 1391 850 cum
1415 809 1498 864 pri-

138 873 261 922 vatis,
298 888 381 914 non
411 878 495 913 tam
526 871 783 926 properantis
815 870 927 912 abire
958 871 1203 926 magistratu
1233 886 1358 925 quam
1388 871 1498 912 viam

139 936 192 976 ad
217 935 539 976 continuandum
564 934 851 989 magistratum
876 934 1110 986 quaerentis
1136 948 1240 974 esse.
1284 933 1497 988 propalam

139 997 303 1039 obviam
327 997 384 1038 ire
411 996 623 1050 cupiditati
646 1011 793 1050 parum
818 996 920 1044 ausi,
947 995 1214 1049 obsequendo
1239 996 1396 1037 mollire
1421 996 1498 1036 im-

137 1065 278 1114 petum
303 1059 610 1114 adgrediuntur.
643 1058 899 1099 comitiorum
924 1058 983 1098 illi
1008 1058 1305 1107 habendorum,
1332 1058 1497 1110 quando

136 1121 329 1161 minimus
360 1127 459 1160 natu
490 1120 559 1168 sit,
597 1135 748 1160 munus
779 1134 983 1160 consensu
1014 1119 1246 1173 iniungunt.
1297 1134 1362 1159 ars
1394 1118 1495 1159 haec

137 1189 240 1231 erat,
272 1197 323 1222 ne
350 1188 480 1222 semet
502 1181 591 1235 ipse
618 1195 754 1221 creare
784 1187 944 1235 posset,
977 1181 1089 1234 quod
1119 1186 1281 1235 praeter
1311 1180 1496 1221 tribunos

135 1244 256 1299 plebi,
283 1250 323 1284 et
346 1243 389 1284 id
412 1243 549 1297 ipsum
573 1243 755 1297 pessimo
781 1242 983 1297 exemplo,
1010 1257 1132 1283 nemo
1152 1257 1349 1296 umquam
1374 1242 1497 1283 fecis-

136 1313 209 1348 set.
245 1306 313 1347 ille
333 1306 552 1355 enimvero,
579 1306 691 1359 quod
709 1305 815 1347 bene
834 1313 978 1355 vertat,
1005 1305 1242 1347 habiturum
1264 1321 1307 1347 se
1333 1306 1497 1347 comitia

132 1369 364 1424 professus,
397 1368 737 1423 impedimentum
763 1383 837 1423 pro
862 1369 1079 1410 occasione
1105 1369 1275 1423 arripuit
1305 1368 1495 1410 deiectis-

133 1445 212 1484 que
236 1430 391 1472 honore
415 1444 489 1485 per
513 1430 731 1472 coitionem
756 1430 919 1471 duobus
947 1430 1166 1483 Quinctiis,
1195 1429 1430 1485 Capitolino
1457 1437 1495 1471 et

135 1492 393 1542 Cincinnato,
420 1499 460 1533 et
482 1499 629 1547 patruo
656 1508 730 1534 suo
757 1492 806 1534 C.
830 1492 1020 1543 Claudio,
1048 1493 1383 1534 constantissimo
1408 1494 1496 1534 viro

134 1555 176 1595 in
201 1555 459 1609 optimatium
485 1570 624 1604 causa,
651 1562 691 1596 et
716 1555 805 1596 aliis
832 1555 1016 1596 eiusdem
1044 1555 1200 1611 fastigii
1226 1555 1399 1605 civibus,
1425 1570 1497 1596 ne-

133 1632 339 1671 quaquam
373 1614 589 1671 splendore
621 1617 728 1658 vitae
759 1632 880 1672 pares
918 1617 1174 1658 decemviros
1211 1624 1339 1666 creat,
1379 1632 1422 1658 se
1453 1617 1496 1657 in

132 1679 295 1733 primis,
334 1679 445 1732 quod
480 1678 592 1719 haud
629 1693 748 1719 secus
779 1679 937 1720 factum
967 1679 1186 1733 inprobant
1217 1679 1334 1727 boni,
1373 1693 1498 1732 quam

133 1755 254 1780 nemo
278 1740 414 1780 faeere
439 1754 637 1780 ausurum
663 1741 903 1781 crediderat.
953 1741 1078 1782 creati
1103 1755 1198 1781 eum
1230 1755 1278 1781 eo
1303 1739 1365 1780 M.
1394 1739 1497 1781 Cor-

133 1801 265 1841 nelius
290 1800 607 1855 Maluginensis,
632 1801 694 1842 M.
724 1801 909 1856 Sergius,
936 1803 990 1843 L.
1011 1802 1236 1851 Minucius,
1265 1801 1317 1854 Q.
1337 1800 1494 1842 Fabius

134 1861 380 1910 Vibulanus,
408 1862 461 1914 Q.
486 1862 698 1912 Poetilius,
726 1863 776 1904 T.
802 1864 1012 1905 Antonius
1038 1864 1253 1913 Merenda,
1279 1863 1336 1904 K.
1363 1863 1496 1903 Duel-

135 1924 227 1973 lius,
257 1922 329 1977 Sp.
359 1922 523 1978 Oppius
551 1923 768 1973 Cornicen,
794 1924 867 1966 Μ’.
894 1925 1136 1966 Rabuleius.

218 1985 443 2026 XXXVI.
491 1986 566 2026 Ille
591 1986 684 2027 finis
709 1986 850 2041 Appio
881 1987 1037 2028 alienae
1067 2002 1269 2042 personae
1301 1987 1494 2028 ferendae

136 2048 231 2097 fuit3
263 2063 338 2089 suo
368 2048 450 2088 iam
480 2048 574 2089 inde
605 2049 743 2089 vivere
773 2049 940 2104 ingenio
971 2050 1105 2104 coepit
1128 2064 1341 2103 novosque
1373 2049 1496 2091 colle-

134 2127 209 2166 gas
245 2111 328 2151 iam
362 2111 602 2165 priusquam
638 2112 786 2152 inirent
822 2112 1110 2167 magistratum
1145 2113 1188 2153 in
1224 2127 1321 2154 suos
1358 2127 1493 2153 mores

134 2173 325 2214 formare.
375 2173 523 2213 cotidie
549 2173 713 2215 coibant
737 2174 904 2215 remotis
931 2174 1112 2216 arbitris:
1149 2175 1243 2215 inde
1274 2174 1494 2229 inpotenti-

134 2234 211 2275 bus
231 2235 418 2275 instructi
438 2235 631 2284 consiliis,
658 2250 763 2289 quae
784 2243 940 2277 secreto
960 2236 1011 2277 ab
1032 2236 1120 2277 aliis
1141 2235 1384 2290 coquebant,
1410 2236 1494 2276 iam

134 2296 245 2336 haud
269 2296 567 2338 dissimulando
593 2297 846 2352 superbiam,
871 2298 953 2339 rari
971 2298 1125 2348 aditus,
1153 2297 1492 2351 conloquentibus

133 2357 335 2407 difficiles,
363 2359 415 2398 ad
438 2358 531 2399 idus
556 2358 694 2401 Maias
719 2374 806 2400 rem
830 2360 1072 2414 perduxere.
1120 2360 1215 2400 idus
1241 2366 1327 2400 tum
1352 2358 1492 2399 Maiae

134 2419 351 2460 sollemnes
376 2420 566 2461 ineundis
592 2421 901 2476 magistratibus
927 2428 1054 2462 erant.
1103 2422 1219 2463 initio
1249 2422 1376 2477 igitur
1404 2436 1492 2461 ma-

132 2481 328 2535 gistratus
353 2481 531 2535 primum
556 2482 722 2524 honoris
748 2483 856 2523 diem
883 2483 1190 2524 denuntiatione
1214 2483 1392 2538 ingentis
1413 2491 1492 2523 ter-

131 2542 234 2584 roris
270 2543 476 2598 insignem
513 2544 661 2585 fecere.
722 2560 819 2585 nam
855 2559 950 2585 cum
984 2545 1042 2586 ita
1077 2545 1233 2600 priores
1270 2544 1491 2588 decemviri

132 2612 383 2655 servassent,
415 2612 460 2646 ut
485 2621 591 2647 unus
617 2607 752 2648 fasces
778 2606 948 2648 haberet
973 2614 1012 2648 et
1035 2607 1115 2648 hoe
1138 2607 1300 2662 insigne
1330 2606 1490 2662 regium

131 2667 172 2706 in
202 2667 344 2708 orbem
376 2683 493 2709 suam
530 2669 728 2722 cuiusque
766 2669 897 2710 vicem
932 2683 1006 2723 per
1043 2683 1185 2710 omnes
1221 2669 1315 2718 iret,
1354 2668 1489 2710 subito

1525 699 1542 728 6

1524 1629 1562 1658 10

1527 1754 1559 1782 ll

1524 2002 1537 2030 l

1519 2187 1537 2215 (0

131 2743 272 2770 omnes
305 2744 398 2770 cum
430 2730 631 2772 duodenis
667 2730 851 2771 fascibus
888 2730 1086 2785 prodiere.
1143 2737 1307 2772 centum
1342 2730 1488 2786 viginti
1513 2725 1550 2774 4'
