1780 3204
444 262 593 298 LIBER
616 262 709 307 1111,
735 261 788 296 55.
807 261 862 297 56.
889 263 937 306 [a.
953 261 992 296 e.
1006 260 1084 296 409.
1097 260 1180 305 408]
1407 252 1490 293 245

139 378 181 411 ut
212 375 378 411 senatus
411 366 643 409 consultum
680 366 750 406 fiat
786 365 836 406 de
873 365 1046 407 tribunis
1083 364 1257 405 militum
1289 365 1488 415 creandis,

137 438 247 473 certo
272 437 408 471 tamen
433 435 571 484 paeto,
597 443 648 469 ne
674 428 791 469 cuius
817 428 919 469 ratio
944 427 1181 476 haberetur,
1215 427 1284 481 qui
1310 441 1358 468 eo
1383 441 1490 468 anno
1517 442 1534 469 υ·

137 493 330 534 tribunus
357 492 488 547 plebis
516 498 642 540 esset,
676 505 778 531 neve
804 490 896 543 quis
921 490 1155 531 reficeretur
1179 490 1220 530 in
1246 504 1397 530 annum
1423 489 1492 530 tri-

138 555 272 596 bunus
297 554 448 609 plebis,
485 553 586 594 haut
616 552 738 593 dubie
765 552 903 593 Icilios
935 553 1155 593 denotante
1188 558 1350 601 senatu,
1388 566 1490 605 quos
1519 566 1533 593 ῖ

139 617 369 657 mercedem
396 615 579 657 seditiosi
605 615 834 656 tribunatus
866 621 1004 669 petere
1031 614 1291 656 consulatum
1321 613 1492 654 insimu-

138 678 289 719 labant.
339 684 426 718 tum
452 678 624 719 dilectus
649 677 792 718 haberi
822 676 1058 730 bellumque
1089 676 1273 718 omnium
1304 675 1491 716 ordinum

140 755 344 781 consensu
368 740 556 794 apparari
588 744 791 793 coeptum.
841 738 1030 780 consules
1063 737 1184 779 ambo
1213 736 1388 792 profecti
1413 737 1493 778 sint
1519 753 1537 776 s

140 803 193 843 ad
217 817 352 843 arcem
379 801 681 843 Carventanam
707 816 759 842 an
784 801 886 841 alter
910 801 962 841 ad
987 800 1152 842 comitia
1181 800 1371 841 habenda
1397 798 1494 840 sub-

141 866 302 914 stiterit,
339 865 539 906 incertum
570 865 721 905 diversi
747 871 934 905 auctores
968 864 1142 905 faciunt:
1180 863 1249 904 illa
1279 878 1352 917 pro
1384 868 1494 904 certo

140 927 346 976 habenda,
379 928 421 967 in
446 926 594 980 quibus
619 941 702 967 non
727 926 991 975 dissentiunt,
1024 926 1075 967 ab
1101 941 1193 966 arce
1220 924 1493 973 Carventana,

141 1004 234 1030 cum
259 990 329 1030 diu
353 989 600 1042 nequiquam
627 994 864 1043 oppugnata
889 995 1015 1036 esset,
1041 1002 1269 1036 recessum,
1296 986 1496 1042 Verrugi-

140 1066 234 1092 nem
258 1051 299 1092 in
323 1050 487 1092 Volscis
514 1051 657 1091 eodem
683 1050 863 1090 exercitu
889 1056 1096 1103 receptam
1126 1049 1495 1103 populationesque

141 1120 180 1154 et
204 1113 377 1167 praedas
403 1120 442 1153 et
466 1113 509 1152 in
528 1112 688 1165 Aequis
714 1118 753 1152 et
777 1112 818 1151 in
838 1110 992 1152 Volsco
1017 1125 1116 1165 agro
1141 1110 1328 1164 ingentes
1348 1109 1493 1150 factas.

224 1174 341 1216 LVI.
389 1174 548 1215 Romae
575 1174 679 1214 sicut
704 1172 836 1227 plebis
861 1172 1030 1212 victoria
1056 1172 1134 1211 fuit
1158 1171 1200 1211 in
1225 1186 1292 1220 co,
1318 1177 1363 1211 ut
1388 1185 1493 1224 quac.
1525 1186 1533 1211 1

140 1237 305 1277 mallent
319 1235 481 1276 comitia
500 1235 708 1283 haberent,
735 1234 790 1274 ita
809 1239 958 1274 eventu
978 1233 1236 1274 comitiorum
1255 1239 1392 1287 patres
1413 1232 1497 1272 evi-

140 1313 249 1347 cere3
286 1312 463 1350 namque
495 1297 647 1338 tribuni
677 1296 852 1336 militum
884 1295 1089 1336 consulari
1122 1300 1325 1349 potestate
1357 1300 1497 1335 contra
1523 1310 1539 1334 2

139 1374 254 1414 spem
279 1360 461 1400 omnium
487 1366 567 1400 tres
592 1359 751 1413 patricii
777 1357 901 1398 creati
927 1363 1039 1398 sunt:
1068 1356 1117 1398 C.
1133 1357 1263 1398 Iulius
1290 1356 1419 1405 Iulus,
1445 1355 1495 1396 P.

140 1421 356 1463 Cornelius
390 1420 567 1471 Cossus,
601 1420 650 1462 C.
680 1419 880 1462 Servilius
911 1419 1060 1461 Ahala.
1111 1426 1240 1460 artem
1271 1418 1496 1459 adhibitam
1524 1434 1540 1460 3

139 1484 274 1525 ferunt
305 1499 330 1524 a
357 1483 558 1538 patriciis,
597 1483 713 1524 cuius
740 1497 809 1523 cos
835 1482 940 1524 Icilii
972 1490 1059 1523 tum
1090 1496 1254 1536 quoque
1285 1480 1497 1523 insimula-

139 1546 248 1595 bant,
275 1547 387 1599 quod
400 1545 562 1587 turbam
576 1546 840 1600 indignorum
854 1545 1165 1586 candidatorum
1178 1543 1497 1584 intermiscendo

139 1608 274 1662 dignis
295 1608 429 1648 taedio
451 1608 632 1649 sordium
656 1608 698 1648 in
717 1606 965 1661 quibusdam
984 1607 1208 1662 insignium
1227 1606 1427 1662 populum
1446 1604 1497 1646 ab

139 1669 309 1724 plebeiis
335 1670 592 1710 avertissent.

224 1730 400 1771 Volscos
426 1731 573 1771 deinde
599 1737 639 1771 ct
657 1730 841 1784 Aequos,
869 1746 943 1772 seu
963 1730 1224 1772 Carventana
1250 1745 1322 1770 arx
1341 1734 1497 1769 retenta
1526 1742 1539 1768 4

142 1793 181 1832 in
208 1806 323 1845 spem
348 1806 422 1832 seu
440 1791 672 1847 Verrugine
697 1792 896 1833 amissum
920 1792 1171 1846 praesidium
1197 1792 1250 1832 ad
1274 1791 1377 1831 iram
1403 1804 1496 1830 cum

141 1852 375 1906 inpulisset,
411 1852 524 1893 fama
553 1853 737 1893 adfertur
772 1868 934 1894 summa
969 1854 1011 1893 vi
1047 1854 1100 1894 ad
1129 1853 1285 1894 bellum
1322 1858 1495 1900 coortos,

143 1920 266 1968 eaput
288 1928 427 1954 rerum
450 1914 642 1955 Antiates
668 1929 777 1964 esse,
811 1929 951 1956 eorum
976 1915 1135 1970 legatos
1160 1915 1373 1968 utriusque
1398 1928 1499 1969 gen·
1523 1929 1541 1956 ῡ

144 1977 194 2016 tis
225 1976 399 2030 populos
426 1975 662 2017 circumisse
688 1976 938 2031 castigantes
972 1975 1353 2031 [increpantes]que
1383 1976 1499 2030 igna-

145 2038 272 2087 viam,
305 2038 416 2090 quod
441 2037 569 2078 abditi
592 2038 698 2078 intra
722 2053 860 2079 muros
886 2038 1202 2093 populabundos
1228 2039 1269 2078 in
1294 2038 1404 2093 agris
1429 2052 1500 2078 va-

145 2099 232 2154 gari
256 2099 466 2140 Romanos
493 2099 627 2153 priore
659 2114 766 2140 anno
798 2106 838 2140 et
868 2100 1045 2154 opprimi
1070 2100 1314 2155 Verruginis
1345 2099 1499 2153 prae-si-

145 2161 256 2202 dium
282 2162 394 2215 passi
419 2167 568 2202 essent.
616 2161 699 2202 iam
722 2176 805 2202 non
831 2162 1033 2203 exercitus
1058 2162 1181 2203 modo
1208 2168 1398 2210 armatos,
1426 2160 1498 2201 sed
1525 2176 1542 2203 ο·

146 2222 325 2263 colonias
358 2223 479 2264 ctiam
514 2224 555 2263 in
587 2238 683 2264 suos
714 2223 816 2264 fines
848 2223 971 2272 mitti3
1008 2238 1084 2264 nec
1113 2224 1226 2278 ipsos
1264 2224 1386 2264 modo
1417 2222 1501 2264 Ro-

147 2299 289 2325 manos
322 2300 397 2325 sua
432 2285 564 2325 divisa
598 2284 767 2333 habere,
807 2285 879 2325 scd
908 2285 1175 2326 Ferentinum
1211 2285 1331 2326 etiam
1368 2285 1419 2326 de
1456 2299 1499 2325 se

147 2352 311 2399 captum
342 2345 536 2388 Hernicis
569 2346 757 2387 donasse.
814 2347 866 2387 ad
895 2347 997 2388 haec
1027 2362 1121 2388 cum
1152 2347 1501 2388 inflammarentur
1527 2361 1542 2389 7

147 2407 283 2456 animi,
309 2414 354 2447 ut
378 2408 430 2448 ad
449 2422 634 2461 quosque
653 2414 822 2448 ventum
842 2415 939 2458 erat,
965 2424 1160 2450 numerus
1179 2409 1384 2450 iuniorum
1404 2423 1500 2450 con-

148 2470 412 2511 scribebatur.
450 2471 506 2511 ita
531 2471 713 2511 omnium
731 2470 977 2525 populorum
995 2471 1186 2512 iuventus
1205 2471 1380 2512 Antium
1405 2485 1500 2511 con-

147 2538 286 2572 tracta.
335 2532 393 2573 ibi
417 2532 560 2573 castris
584 2532 729 2586 positis
754 2532 915 2573 hostem
941 2532 1269 2587 opperiebantur.
1306 2546 1411 2585 quae
1429 2531 1500 2573 ubi
1526 2546 1544 2575 8

148 2594 324 2634 tumultu
349 2594 501 2635 maiore
526 2595 661 2643 etiam,
688 2608 812 2647 quam
836 2609 901 2635 res
926 2601 1024 2644 erat,
1050 2594 1290 2635 nuntiantur
1307 2594 1498 2643 Romam,

149 2662 314 2696 senatus
340 2655 564 2710 extemplo,
601 2657 712 2709 quod
736 2655 777 2696 in
807 2655 929 2697 rebus
955 2656 1123 2711 trepidis
1153 2656 1342 2697 ultimum
1367 2655 1500 2697 consi-

148 2717 248 2758 lium
274 2724 370 2766 erat,
397 2717 635 2759 dictatorem
663 2717 742 2759 dici
766 2717 897 2759 iussit.
947 2732 1070 2772 quam
1094 2732 1180 2759 rem
1207 2733 1327 2774 aegre
1352 2733 1497 2773 passos
1526 2732 1543 2759 υ
