1780 3204
428 268 582 304 LIBER
607 268 662 313 11,
681 268 734 303 51.
755 268 809 301 52.
838 270 887 311 [a.
900 267 939 301 0.
954 266 1164 309 ‹us-476]
1392 256 1472 296 113

115 380 225 416 esset
243 379 457 414 revocatus
466 388 477 422 3
503 372 706 456 adeoqueo
707 371 750 412 id
769 369 956 412 bellum'
947 370 1047 424 ipsis
1072 368 1216 409 institit
1241 367 1471 417 moenibus,

114 443 160 478 ut
183 436 314 490 primo
339 440 569 489 pugnatum
600 433 706 475 ad?
679 435 779 488 :pei
810 433 863 474 sit
893 447 938 474 a(
943 447 1023 485 quo
1048 431 1204 481 Marte,
1242 431 1390 472 iterum
1421 430 1473 471 ad

114 505 274 552 portam
296 496 512 537 Collinam.
550 495 608 536 ibi
626 510 876 548 quamquam
900 508 1028 548 parvo
1053 499 1261 533 momento
1287 491 1473 546 superior
1499 521 1517 535 0

115 560 304 600 Romana
328 573 392 598 res
419 558 514 607 fuit,
540 557 751 598 meliorem
770 564 908 597 tamen
928 555 1099 596 militem
1117 562 1282 609 recepto
1300 553 1473 608 pristino

117 622 254 662 animo
279 621 322 660 in
346 620 484 660 futura
508 620 662 674 proelia
686 620 728 659 id
754 625 960 660 certamen
984 617 1094 658 fecit.

1500 505 1516 520 Ο

200 682 255 723 A.
270 681 494 736 Verginius
521 688 561 722 et
587 679 659 735 Sp.
683 679 882 722 Servilius
909 678 1098 720 consules
1123 678 1238 718 fiunt.
1286 684 1381 732 post
1405 692 1472 718 ac·
1497 692 1516 720 4

115 754 276 798 ceptam
300 744 529 798 proximam
547 757 711 798 pugnae
732 742 890 783 cladem
903 741 1099 782 Veientes
1121 740 1354 782 abstinuere
1373 739 1472 780 acie.

115 806 399 861 populationes
426 811 540 846 erant
565 811 604 845 et
627 804 739 845 velut
764 804 815 845 ab
841 818 933 844 arce
951 802 1127 844 Ianiculi
1149 802 1306 857 passim
1331 801 1373 842 in
1391 801 1476 842 Ro-

116 883 285 909 manum
309 883 454 923 agrum
479 868 656 921 impetus
682 866 847 907 dabant.
890 881 973 906 non
998 879 1174 918 usquam
1199 878 1349 918 pecora
1373 869 1473 911 tuta,

118 946 200 971 non
236 937 419 985 agrestes
457 936 583 970 erant.
633 930 742 983 capti
772 929 919 969 deinde
951 928 1096 969 eadem
1126 933 1211 968 arte
1244 933 1356 976 sunt,
1393 940 1475 979 qua

115 999 307 1046 ceperant
324 991 490 1033 Fabios.
524 991 653 1032 secuti
678 991 815 1031 dedita
840 1005 964 1044 opera
987 989 1144 1044 passim
1168 989 1221 1030 ad
1245 986 1473 1029 inlecebras

116 1054 311 1108 propulsa
344 1068 493 1108 pecora
527 1052 846 1107 praecipitavere
882 1052 925 1092 in
966 1051 1150 1092 insidias.
1210 1065 1293 1103 quo
1334 1049 1472 1103 plures

116 1123 247 1165 erant,
284 1116 415 1156 maior
444 1115 590 1155 caedes
621 1114 712 1154 fuit.
762 1129 813 1154 ex
838 1114 915 1154 hac
941 1113 1056 1153 clade
1081 1118 1199 1152 atrox
1222 1111 1284 1151 ira
1307 1110 1473 1150 maioris

116 1178 243 1218 cladis
269 1192 394 1218 causa
413 1184 534 1230 atque
553 1176 714 1217 initium
732 1175 823 1216 fuit.
861 1174 1029 1215 traiecto
1051 1173 1160 1214 enim
1178 1178 1299 1213 nocte
1319 1171 1473 1220 Tiberi,

114 1246 248 1279 castra
279 1237 428 1280 Servili
459 1237 638 1279 consulis
670 1237 801 1278 adorti
832 1243 926 1277 sunt
956 1249 1210 1290 oppugnare.
1265 1234 1361 1275 inde
1391 1233 1476 1274 fusi

111 1315 265 1355 magna
295 1301 419 1341 caede
450 1300 492 1340 in
515 1299 748 1340 Ianiculum
780 1313 823 1339 se
854 1313 977 1353 aegre
1001 1311 1205 1351 recepere.
1255 1295 1474 1337 confestim

113 1363 257 1404 consul
288 1369 328 1403 ct
357 1363 446 1417 ipse
478 1362 623 1403 transit
647 1361 850 1410 Tiberim,
883 1367 1018 1401 castra
1044 1359 1120 1400 sub
1147 1358 1332 1400 Ianiculo
1364 1372 1476 1398 00111-

112 1425 255 1465 munit.
292 1431 456 1479 postero
476 1424 542 1464 dic
559 1424 651 1464 luce
676 1430 765 1465 orta
789 1422 974 1464 nonnihil
1000 1429 1039 1462 et
1063 1421 1257 1462 hesterna
1280 1420 1475 1461 felicitate

111 1500 274 1541 pugnae
300 1486 434 1534 ferox,
461 1485 594 1541 magis
621 1492 777 1534 tamen,
804 1484 950 1538 quod
941 1484 1079 1538 mopia
1109 1482 1305 1524 fiumenti
1330 1496 1475 1535 quam-

113 1548 175 1589 xis
207 1549 249 1588 in
275 1548 536 1603 praecipitia,
573 1548 672 1588 dum
703 1547 898 1588 celeriora
923 1553 1079 1595 essent,
1114 1545 1265 1601 agebat
1290 1543 1473 1591 consilia,

113 1617 265 1651 temere
297 1611 375 1651 (1(11
380 1625 471 1650 erso
502 1610 687 1650 Ianiculo
719 1609 771 1650 ad
802 1615 937 1650 castra
967 1608 1148 1649 hostium
1179 1607 1310 1648 aciem
1347 1605 1476 1646 erexit

113 1671 358 1725 foediusque
383 1672 477 1712 inde
501 1671 647 1726 pulsus
692 1686 816 1724 quam
835 1671 965 1725 pridie
985 1670 1217 1724 pepulerat,
1243 1669 1476 1709 interventu

115 1733 297 1787 collegae
326 1733 416 1787 ipse
447 1733 733 1786 exercitusque
766 1740 828 1773 est
859 1739 1059 1773 servatus.
1106 1731 1212 1771 inter
1236 1730 1339 1770 duas
1365 1729 1474 1770 acics

114 1793 298 1842 Etrusci,
331 1809 425 1834 cum
455 1794 631 1835 invicem
661 1795 725 1835 his
757 1800 879 1847 atque
909 1794 988 1834 illis
1020 1800 1136 1847 terga
1167 1793 1328 1840 darent,
1369 1791 1476 1831 occi-

116 1856 235 1896 dione
256 1855 392 1896 occisi.
420 1856 476 1896 ita
494 1870 739 1910 oppressum
759 1855 986 1896 temeritate
1006 1854 1117 1895 felici
1129 1853 1284 1894 Veiens
1306 1852 1472 1893 bellum.

197 1916 298 1957 LII.
337 1916 443 1957 Urbi
463 1931 677 1971 cumpace
700 1917 832 1957 laxior
856 1916 980 1957 etiam
1005 1930 1167 1956 annona
1190 1914 1312 1955 rediit
1336 1920 1376 1954 et
1401 1914 1473 1955 ad-

114 1985 232 2019 vecto
253 1993 304 2018 ex
325 1978 554 2033 Campania
578 1979 785 2019 frumento
811 1985 867 2027 et,
893 1984 1115 2032 postquam
1139 1977 1261 2017 timor
1286 1975 1365 2017 sibi
1389 1976 1475 2016 0111-

116 2055 195 2093 que
226 2040 387 2081 futurae
417 2040 579 2094 inopiae
604 2039 721 2089 abiit,
754 2054 821 2089 eo,
853 2039 965 2093 quod
989 2038 1175 2080 abditum
1199 2038 1351 2087 fuerat,
1382 2052 1476 2092 pro-

115 2102 210 2142 lato.
260 2117 311 2142 ex
342 2102 459 2156 copia
490 2101 637 2142 deinde
673 2101 837 2154 otioque
872 2100 1060 2142 lascivire
1096 2115 1237 2141 rursus
1275 2099 1401 2155 animi
1437 2106 1476 2141 et

114 2164 286 2218 pristina
321 2164 446 2213 mala,
489 2170 710 2218 postquam
745 2163 845 2204 foris
883 2163 1068 2213 deerant,
1112 2162 1224 2203 domi
1265 2176 1473 2216 quaerere.

116 2225 267 2266 tribuni
297 2225 459 2279 plebem
485 2225 640 2280 agitare
667 2240 742 2266 suo
767 2240 944 2275 veneno,
979 2224 1140 2280 agraria
1163 2223 1274 2279 lege,
1307 2224 1350 2264 in
1373 2224 1475 2265 resi-

118 2287 259 2327 stentis
285 2287 453 2327 incitare
474 2294 625 2341 patres,
651 2302 728 2328 nee
751 2287 794 2328 in
817 2287 1031 2329 universos
1057 2287 1199 2336 modo,
1227 2287 1301 2327 sed
1325 2286 1367 2326 in
1392 2286 1476 2327 sin-

116 2347 249 2401 gulos.
289 2347 468 2400 Quintus
485 2348 708 2390 Considius
724 2355 763 2390 et
776 2349 825 2390 T.
842 2347 1067 2398 Genucius,
1089 2355 1276 2389 auctores
1290 2348 1473 2403 agrariae

115 2409 236 2463 legis,
276 2409 325 2449 T.
355 2408 551 2451 Menenio
588 2410 697 2451 diem
733 2411 885 2451 dicunt.
939 2411 1118 2451 invidiae
1154 2416 1240 2450 erat
1275 2409 1473 2450 amissum

118 2470 336 2511 Cremerae
360 2472 629 2525 praesidium,
661 2486 753 2513 curn
779 2472 890 2513 haud
914 2472 1057 2527 procul
1082 2472 1177 2512 inde
1203 2471 1351 2512 stativa
1380 2486 1476 2512 con-

116 2532 180 2572 sul
210 2531 441 2573 habuisset:
485 2548 533 2574 ea
571 2533 787 2588 oppressit.
838 2548 931 2574 cum
962 2540 1002 2574 et
1030 2540 1167 2588 patres
1200 2533 1300 2573 haut
1335 2532 1472 2573 minus

116 2609 237 2647 quam
263 2610 337 2648 pro
359 2594 579 2637 Coriolano
604 2596 737 2637 adnisi
762 2605 901 2637 essent
919 2603 959 2637 ct
976 2595 1104 2650 patris
1123 2594 1338 2650 Agrippae
1357 2595 1474 2636 favor

114 2655 314 2696 hautdum
339 2657 603 2707 exolevisset,
635 2658 678 2697 in
702 2657 832 2698 multa
855 2663 1135 2712 temperarunt
1167 2656 1338 2698 tribuni:
1376 2671 1471 2698 011111

116 2717 259 2771 capitis
302 2718 597 2771 anquisissent,
647 2719 728 2760 duo
770 2719 882 2760 milia
924 2719 1028 2761 aeris
1072 2719 1265 2760 damnato
1300 2718 1472 2760 multam

183 2795 247 2821 Levi
269 2796 321 2821 101.
339 2794 360 2820 Ι.
1221 2786 1243 2819 ὅ

1502 2092 1519 2136 ¹0·

1498 2542 1516 2570 4
