1835 3226
301 538 338 567 10

319 1102 336 1131 (ὑ

322 2351 337 2379 *l

322 2660 339 2687 b

364 167 447 207 370
648 173 800 206 LIBER
827 172 916 215 VII,
944 172 996 206 19.
1017 172 1071 207 20.
1099 174 1148 217 [a.
1162 184 1196 207 u.
1211 184 1241 208 c.
1254 174 1330 207 401.
1350 174 1432 219 402]

363 294 507 335 agrum
534 278 641 318 circa
665 275 876 317 Romanas
902 274 1053 316 salinas
1078 275 1337 330 praedaeque
1361 283 1520 331 partem
1545 279 1586 319 in
1613 278 1719 320 Cae-

362 343 484 381 ritum
509 339 611 380 fines
638 344 824 379 avectam
849 344 888 378 et
912 337 1023 378 haud
1048 337 1171 379 dubie
1196 338 1449 380 iuventutem
1469 340 1556 381 eius
1578 341 1719 395 populi

362 404 467 444 inter
478 400 741 455 praedatores
756 399 898 440 fuisse.
936 400 1072 453 itaque
1086 399 1300 440 Valerium
1314 401 1538 452 consulem,
1553 401 1718 444 Volscis

362 463 597 518 oppositum
623 469 838 515 castraque
864 462 916 502 ad
941 461 1064 502 finem
1086 461 1366 503 Tusculanum
1393 462 1631 513 habentem,
1657 479 1720 505 re-

363 532 555 567 vocatum
585 524 681 565 inde
713 530 880 565 senatus
913 523 1153 564 dictatorem
1178 523 1313 565 dicere
1338 524 1471 565 iussit.
1521 525 1570 566 T.
1596 524 1719 566 Man-

362 587 470 631 lium>
516 587 570 627 L.
602 586 732 626 filium
789 585 903 626 dixit.
958 585 993 626 is
1025 600 1118 626 cum
1150 586 1229 627 sibi
1259 587 1504 642 magistrum
1536 587 1719 641 equitum

362 649 417 691 A.
451 648 691 691 Cornelium
723 647 904 690 Cossum
936 648 1126 698 dixisset,
1164 649 1369 690 consulari
1406 649 1587 691 exercitu
1623 664 1720 691 con-

363 718 499 753 tentus
537 725 589 752 ex
625 711 865 752 auctoritate
900 718 1063 764 patrum
1094 725 1141 752 ac
1170 711 1313 766 populi
1342 712 1459 753 iussu
1485 711 1718 753 Caeritibus

362 774 518 816 bellum
542 773 702 814 indixit.

446 837 555 879 XX.
607 837 716 878 Tum
742 836 918 892 primum
947 836 1151 886 Caerites,
1184 844 1394 891 tamquam
1418 838 1461 879 in
1484 837 1621 880 verbis
1646 838 1720 880 ho-

363 901 486 943 stium
516 900 579 941 vis
610 900 741 941 maior
771 899 823 940 ad
854 898 1009 940 bellum
1041 899 1356 954 significandum
1393 915 1518 954 quam
1553 901 1596 941 in
1633 901 1719 941 suis

363 964 502 1013 factis,
530 963 601 1017 qui
623 977 698 1017 per
720 961 1030 1017 populationem
1048 961 1260 1003 Romanos
1285 962 1569 1013 laeessierant,
1597 971 1718 1012 esset,

363 1041 484 1067 verus
511 1025 607 1066 belli
632 1032 761 1066 terror
785 1024 935 1066 invasit
944 1041 955 1074 3
982 1031 1021 1065 et
1045 1039 1173 1078 quam
1198 1039 1280 1065 non
1307 1040 1474 1066 suarum
1499 1025 1647 1066 virium
1672 1040 1721 1066 ea

363 1088 571 1129 dimicatio
603 1094 730 1136 esset,
768 1086 990 1128 cernebant
1020 1086 1337 1141 paenitebatque
1366 1087 1644 1142 populationis
1681 1095 1721 1129 et

363 1150 686 1204 Tarquinienses
755 1148 1055 1192 execrabantur
1102 1149 1345 1190 defectionis
1389 1157 1575 1192 auctores
1585 1167 1596 1200 3
1644 1165 1719 1191 nec

365 1228 478 1253 arma
509 1218 579 1252 aut
604 1211 757 1252 bellum
783 1211 1002 1264 quisquam
1029 1226 1244 1265 apparare,
1279 1212 1352 1253 sed
1375 1227 1450 1266 pro
1476 1227 1520 1254 se
1545 1213 1719 1266 quisque

363 1275 521 1331 legatos
548 1274 654 1314 mitti
677 1272 846 1314 iubebat
871 1273 923 1313 ad
946 1274 1166 1327 petendam
1192 1274 1338 1314 erroris
1363 1274 1539 1315 veniam.
1593 1274 1717 1329 legati

365 1344 553 1378 senatum
579 1351 672 1377 cum
698 1336 899 1385 adissent,
926 1335 977 1376 ab
999 1342 1145 1376 senatu
1163 1336 1304 1376 reiecti
1323 1336 1376 1376 ad
1393 1336 1593 1391 populum
1619 1337 1718 1378 deos

363 1406 630 1455 rogaverunt,
662 1413 836 1452 quorum
868 1412 984 1439 sacra
1015 1397 1121 1439 bello
1149 1396 1309 1439 Gallico
1335 1406 1501 1453 accepta
1526 1400 1601 1440 rite
1626 1415 1720 1454 pro-

364 1469 595 1511 curassent,
628 1468 673 1502 ut
703 1460 915 1502 Romanos
947 1460 1137 1502 florentes
1170 1475 1216 1502 ea
1249 1461 1312 1502 sui
1342 1462 1623 1503 misericordia
1653 1477 1720 1503 ca-

363 1531 495 1579 peret,
533 1537 638 1577 quae
676 1537 719 1563 se
756 1522 878 1563 rebus
917 1522 1090 1564 adfectis
1128 1523 1336 1576 quondam
1370 1524 1512 1578 populi
1541 1524 1719 1566 Romani

365 1587 541 1641 cepisset
551 1602 560 1635 3
593 1585 862 1638 conversique
888 1585 940 1625 ad
965 1585 1135 1626 delubra
1160 1585 1314 1627 Vestae
1340 1586 1564 1641 hospitium
1589 1587 1721 1628 flami-

363 1665 463 1690 num
486 1648 801 1701 Vestaliumque
833 1646 884 1687 ab
919 1661 962 1688 se
994 1654 1105 1688 caste
1137 1662 1183 1687 ac
1209 1647 1399 1703 religiose
1425 1649 1581 1690 cultum
1605 1650 1720 1690 invo-

364 1711 530 1753 cabant:
569 1725 669 1751 eane
700 1709 867 1750 meritos
905 1709 1087 1750 crederet
1124 1709 1343 1763 quisquam
1379 1711 1517 1752 hostes
1553 1718 1719 1766 repente

365 1775 452 1816 sine
478 1789 603 1815 causa
627 1772 779 1821 factos,
806 1778 893 1821 aut,
922 1771 956 1812 si
975 1771 1073 1825 quid
1091 1771 1293 1813 hostiliter
1311 1772 1524 1823 fecissent,
1551 1773 1720 1815 consilio

364 1837 406 1878 id
431 1836 564 1891 magis
591 1850 716 1889 quam
741 1833 879 1875 furore
903 1834 1042 1888 lapsos
1069 1833 1237 1884 fecisse,
1263 1841 1309 1874 ut
1335 1850 1410 1876 sua
1433 1842 1574 1876 vetera
1596 1835 1720 1876 bene-

364 1899 474 1949 ficia,
506 1899 639 1939 locata
664 1897 906 1952 praesertim
931 1897 1042 1951 apud
1072 1903 1155 1937 tam
1186 1904 1344 1952 gratos,
1381 1898 1500 1939 novis
1533 1913 1722 1939 conrum-

366 1970 509 2016 perent
534 1960 746 2002 maleficiis
772 1960 1068 2013 florentemque
1094 1959 1292 2014 populum
1312 1959 1547 2001 Romanum
1567 1975 1613 2002 ae
1632 1960 1723 2001 feli-

365 2024 578 2065 cissimum
620 2022 727 2064 bello
771 2021 850 2062 sibi
892 2022 1155 2062 desumerent
1190 2021 1371 2071 hostem,
1415 2022 1531 2063 cuius
1570 2023 1722 2063 adflicti

365 2086 586 2128 amicitiam
618 2084 844 2139 petissent?
881 2098 931 2125 ne
963 2084 1217 2139 appellarent
1248 2084 1482 2133 consilium,
1521 2098 1626 2138 quae
1658 2085 1721 2125 vis

365 2163 413 2190 ae
438 2148 663 2189 necessitas
690 2146 937 2202 appellanda
961 2153 1082 2187 esset.
1121 2147 1369 2188 transeuntis
1389 2146 1552 2201 agmine
1571 2146 1722 2188 infesto

363 2226 437 2267 per
461 2226 606 2266 agrum
639 2225 761 2251 suum
786 2209 1128 2262 Tarquinienses,
1167 2225 1261 2250 cum
1290 2216 1452 2264 praeter
1483 2209 1592 2250 viam
1621 2209 1723 2250 nihil

364 2273 582 2328 petissent,
620 2272 796 2313 traxisse
826 2272 1028 2325 quosdam
1061 2272 1286 2327 agrestium
1315 2271 1594 2326 populationis
1620 2271 1721 2320 eius,

365 2350 470 2390 quae
503 2335 582 2376 sibi
613 2334 772 2376 crimini
802 2334 938 2383 detur,
977 2334 1160 2375 comites.
1216 2349 1286 2375 eos
1319 2349 1394 2374 seu
1424 2334 1518 2374 dedi
1549 2333 1721 2388 placeat,

365 2399 513 2439 dedere
540 2413 583 2439 se
608 2405 773 2453 paratos
800 2411 912 2445 esse,
939 2411 1012 2438 seu
1039 2396 1239 2451 supplicio
1265 2396 1403 2445 adfici,
1431 2396 1598 2437 daturos
1624 2410 1723 2450 poe-

366 2477 452 2502 nas.
510 2460 659 2510 Caere,
694 2460 917 2502 sacrarium
947 2459 1090 2514 populi
1114 2459 1312 2509 Romani,
1344 2459 1627 2500 deversorium
1658 2473 1723 2499 sa-

365 2524 577 2564 cerdotum
597 2538 644 2564 ac
663 2522 1260 2578 receptaculumRomanorum
1281 2537 1502 2571 sacrorum,
1524 2522 1722 2562 intactum

365 2586 687 2640 inviolatumque
719 2585 887 2627 crimine
919 2584 1016 2626 belli
1046 2584 1224 2639 hospitio
1254 2584 1487 2626 Vestalium
1519 2583 1722 2637 cultisque

366 2647 441 2688 diis
463 2647 617 2690 darent.
656 2648 782 2689 movit
801 2646 1002 2702 populum
1020 2662 1102 2688 non
1122 2654 1205 2688 tam
1227 2661 1352 2688 causa
1375 2660 1571 2702 praesens
1598 2660 1721 2699 quam
