1780 3204
1463 210 1484 219 a..

524 217 675 251 LIBER
695 217 746 262 11,
773 218 872 251 :3-5.
900 220 948 260 [a.
963 216 1000 251 C.
1014 218 1096 260 509]
1433 210 1479 250 ssae

134 323 249 362 terim
274 322 399 375 legati
425 320 504 361 alia
528 320 677 368 moliri,
716 328 853 374 aperte
880 320 988 362 bona
1011 327 1260 375 repetentes,
1295 322 1400 362 clam
1425 336 1487 362 re-

134 383 355 437 cuperandi
379 382 495 437 regni
520 381 691 423 consilia
717 388 891 430 struere3
917 388 957 422 et
982 388 1193 435 tamquam
1218 383 1271 423 ad
1295 383 1349 433 id,
1376 384 1487 436 quod

134 445 201 500 agi
226 444 450 493 videbatur,
479 443 725 493 ambientes,
750 443 951 484 nobilium
976 444 1302 485 adulescentium
1327 445 1486 486 animos

133 512 423 561 pertemptant:
462 521 485 546 a
509 505 658 559 quibus
684 505 843 559 placide
874 505 1002 546 oratio
1033 512 1201 560 accepta
1232 512 1312 556 est,
1349 506 1399 547 iis
1424 506 1488 546 lit-

134 577 240 609 teras
267 568 318 608 ab
344 568 580 621 Tarquiniis
606 568 781 608 reddunt
813 574 851 608 et
882 568 932 608 de
957 568 1206 622 accipiendis
1233 568 1339 609 clam
1369 575 1488 609 noete

133 631 173 669 in
200 630 343 671 urbem
367 629 533 685 regibus
560 629 838 670 conlocuntur.

216 692 320 732 1111.
364 692 541 732 Vitelliis
571 690 834 745 Aquiliisque
864 691 1059 733 fratribus
1096 692 1227 746 primo
1265 693 1487 734 commissa

132 768 195 794 res
222 760 295 794 est.
343 753 604 794 Vitelliorum
631 768 743 794 soror
773 753 931 794 consuli
955 760 1084 808 nupta
1109 754 1239 795 Bruto
1271 761 1357 795 erat
1387 755 1488 795 iam-

133 830 212 869 que
249 830 300 856 ex
336 830 383 856 eo
419 815 677 856 matrimonio
714 815 997 856 adulescentes
1035 822 1150 856 erant
1185 816 1321 865 liberi,
1366 816 1486 856 Titus

134 877 418 931 Tiberiusque.
469 892 538 918 eos
570 891 733 930 quoque
763 877 805 917 in
837 877 1073 917 societatem
1105 878 1263 918 consilii
1295 877 1487 919 avunculi

134 940 367 980 adsumunt.
415 945 625 993 praeterea
650 938 804 991 aliquot
828 938 987 978 nobiles
1018 939 1303 980 adulescentes
1335 939 1488 980 conscii

133 1001 351 1054 adsumpti,
378 1015 552 1053 quorum
575 1005 779 1040 vetustate
804 1000 1001 1040 memoria
1027 999 1137 1041 abiit.

216 1062 386 1103 Interim
411 1077 505 1102 eum
529 1062 570 1102 in
596 1067 741 1102 senatu
766 1061 933 1102 vicisset
959 1063 1178 1111 sententia,
1217 1077 1322 1115 quae
1347 1077 1488 1103 cense-

132 1124 201 1164 bat
224 1124 432 1164 reddenda
456 1123 580 1172 bona,
608 1137 780 1176 eamque
806 1123 939 1177 ipsam
964 1137 1132 1164 causam
1157 1138 1296 1164 morae
1321 1124 1363 1163 in
1388 1123 1488 1165 urbe

131 1185 327 1226 haberent
351 1185 493 1240 legati,
531 1185 641 1238 quod
667 1185 845 1239 spatium
876 1185 928 1225 ad
960 1185 1148 1226 vehicula
1179 1186 1442 1240 conparanda
1466 1202 1489 1226 a

130 1246 366 1287 consulibus
405 1246 697 1300 sumpsissent,
745 1245 895 1299 quibus
933 1262 1079 1302 regum
1116 1253 1372 1301 asportarent
1407 1262 1486 1296 res,

130 1323 248 1348 omne
284 1308 326 1348 id
362 1315 524 1362 tempus
561 1323 654 1348 011111
691 1308 913 1349 coniuratis
952 1308 1221 1350 consultando
1266 1308 1488 1350 absumunt

130 1371 401 1423 evincuntque
426 1370 629 1419 instando,
657 1377 701 1410 ut
726 1370 882 1411 litterae
904 1370 981 1411 sibi
1002 1371 1054 1411 ad
1074 1371 1322 1425 Tarquinios
1343 1371 1488 1412 daren-

130 1441 211 1472 tur:
248 1447 344 1472 nam
375 1432 490 1474 aliter
520 1432 590 1485 qui
621 1432 846 1473 credituros
879 1447 967 1481 eos,
1006 1448 1087 1473 non
1119 1448 1226 1474 vana
1257 1432 1308 1475 ab
1339 1433 1486 1488 legatis

131 1508 253 1548 super
276 1493 400 1535 rebus
426 1494 548 1535 tantis
574 1494 751 1535 adferri?

212 1555 349 1596 Datae
373 1556 548 1605 litterae,
580 1565 625 1596 ut
650 1557 800 1611 pignus
826 1556 922 1597 fidei
947 1565 1102 1607 essent,
1136 1557 1402 1598 manifestum
1427 1558 1488 1598 fa-

131 1617 245 1658 cinus
272 1617 468 1658 fecerunt.
517 1633 612 1658 nam
643 1632 737 1658 eum
768 1618 897 1672 pridie
929 1633 1054 1671 quam
1078 1619 1204 1673 legati
1235 1619 1288 1659 ad
1313 1619 1489 1672 Tarqui-

131 1679 219 1719 nios
245 1679 608 1733 proficiscerentur,
636 1686 675 1719 et
700 1687 890 1720 cenatum
908 1680 1012 1721 forte
1033 1681 1143 1734 apud
1162 1680 1352 1722 Vitellios
1379 1688 1488 1721 esset

133 1741 410 1793 coniuratique
436 1741 510 1789 ibi,
538 1742 704 1782 remotis
731 1741 911 1789 arbitris,
938 1741 1066 1782 multa
1091 1742 1196 1782 inter
1221 1757 1264 1782 se
1290 1742 1341 1782 de
1366 1757 1486 1790 novo,

133 1807 175 1840 ut
199 1801 256 1850 fit,
283 1802 452 1842 consilio
478 1803 677 1856 egissent,
717 1818 946 1843 sermonem
972 1818 1112 1843 eorum
1143 1817 1195 1843 ex
1226 1803 1355 1843 servis
1382 1818 1488 1844 unus

134 1863 311 1917 excepit,
344 1864 414 1915 qui
438 1863 521 1903 iam
545 1870 666 1904 antea
689 1864 731 1903 id
757 1871 941 1904 senserat
966 1864 1051 1918 agi,
1085 1865 1159 1904 sed
1183 1879 1274 1905 eam
1305 1865 1488 1906 occasio-

134 1939 244 1973 nem,
282 1931 327 1964 ut
351 1924 507 1964 litterae
531 1925 677 1979 legatis
709 1925 918 1974 darentur,
956 1940 1061 1978 quae
1092 1926 1372 1980 deprehensae
1401 1941 1487 1967 rem

135 2000 356 2040 coarguere
387 1992 575 2039 possent,
613 1986 891 2040 exspectabat.
947 1994 1166 2041 postquam
1198 1988 1313 2028 datas
1346 1989 1505 2037 sensit,-

133 2062 219 2087 rem
244 2048 296 2088 ad
321 2047 510 2088 consules
537 2048 692 2088 detulit.
743 2048 931 2089 consules
957 2048 1010 2089 ad
1034 2049 1399 2102 deprehendendos
1430 2051 1487 2091 le-

70 2148 76 2153 ,
132 2116 250 2163 gatos
294 2109 608 2163 coniuratosque
649 2109 821 2163 profecti
863 2110 1003 2159 domo,
1053 2111 1140 2151 sine
1183 2111 1361 2152 tumultu
1401 2127 1487 2153 rem

132 2185 295 2211 omnem
326 2185 584 2224 oppressere,
621 2170 845 2211 litterarum
876 2171 917 2211 in
942 2172 1083 2226 primis
1114 2172 1255 2213 habita
1285 2188 1400 2223 eura,
1437 2189 1488 2215 ne

132 2231 428 2272 interciderent.
464 2232 739 2286 proditoribus
760 2233 965 2287 extemplo
990 2234 1032 2273 in
1059 2234 1192 2275 vinela
1217 2235 1411 2276 coniectis
1437 2236 1487 2276 de

132 2293 276 2347 legatis
302 2293 515 2347 paululum
540 2294 825 2334 addubitatum
849 2302 923 2344 est,
950 2302 989 2336 et
1014 2310 1264 2349 quamquam
1289 2297 1367 2337 visi
1393 2304 1488 2338 sunt

133 2355 405 2404 commisisse,
444 2362 487 2395 ut
517 2356 696 2396 hostium
726 2356 817 2397 loeo
848 2364 1003 2406 essent,
1040 2358 1104 2399 ius
1136 2364 1273 2398 tamen
1303 2359 1486 2413 gentium

134 2416 272 2457 valuit.

216 2477 268 2519 V.
316 2479 383 2519 De
414 2478 532 2520 bonis
559 2479 684 2534 regis,
717 2494 822 2533 quae
852 2481 968 2521 reddi
1000 2488 1093 2522 ante
1125 2493 1387 2531 censuerant,
1420 2497 1485 2523 res

131 2540 290 2595 integra
313 2541 487 2581 refertur
511 2542 563 2582 ad
587 2548 736 2595 patres.
786 2543 841 2583 ibi
867 2544 964 2583 victi
988 2544 1048 2585 ira
1072 2551 1238 2585 vetuere
1262 2545 1390 2594 reddi,
1418 2560 1487 2586 ve-

131 2608 245 2642 tuere
270 2603 312 2642 in
342 2602 551 2656 publicum
584 2604 732 2659 redigi3
770 2605 997 2658 diripienda
1026 2606 1137 2660 plebi
1168 2612 1262 2646 sunt
1293 2607 1404 2656 data,
1443 2615 1486 2648 ut

130 2671 315 2705 contacta
346 2665 459 2718 regia
488 2666 641 2719 praeda
671 2680 787 2720 spem
817 2666 858 2706 in
888 2674 1131 2721 perpetuum
1168 2682 1261 2708 eum
1292 2669 1341 2709 iis
1371 2669 1485 2723 pacis

1214 2733 1259 2766 5*

1516 521 1531 548 “l

1514 891 1531 920 10

1514 1633 1532 1660 ἴ)

1515 1880 1532 1908 6

1516 2498 1528 2526 1

1511 2622 1528 2650 2
