1835 3226
306 180 388 221 472
564 187 716 221 LIBER
741 186 869 229 VIIII,
896 186 950 220 28.
969 185 1023 219 99.
1052 188 1101 228 [a.
1115 197 1149 220 u.
1164 197 1194 221 c.
1208 187 1404 231 441—443]

306 291 476 332 hiberna
495 296 678 343 egerunt,
694 288 824 329 donec
843 288 894 329 ab
914 289 1032 329 novis
1053 287 1291 329 consulibus
1305 289 1358 329 L.
1373 289 1539 344 Papirio
1555 290 1660 332 Cur-

307 367 396 393 sore
416 351 615 405 quintum,
639 349 688 390 C.
708 350 828 391 Iunio
848 350 1039 391 Bubulco
1063 350 1211 390 iterum
1236 350 1469 392 nominatus
1489 351 1660 393 dictator

307 413 356 454 C.
382 411 591 452 Poetelius
623 425 716 452 cum
741 410 802 452 M.
828 411 970 452 Foslio
1001 412 1198 466 magistro
1224 412 1406 465 equitum
1438 413 1659 453 exercitum

262 491 279 518 3
305 474 474 528 accepit.
523 473 558 513 is
585 487 679 514 cum
704 473 899 522 audisset,
926 488 1061 514 arcem
1080 473 1367 529 Fregellanam
1393 474 1445 515 ab
1467 473 1661 516 Samniti-

306 535 382 577 bus
415 541 595 589 captam,
628 535 781 576 omisso
811 535 999 577 Boviano
1030 536 1083 576 ad
1112 535 1502 593 Fregellas-pergit.
1551 536 1660 577 unde

306 603 502 638 nocturna
530 595 778 638 Samnitium
803 596 905 652 fuga
931 598 1018 638 sine
1049 598 1270 638 certamine
1294 598 1468 653 receptis
1494 598 1662 653 Fregel-

304 660 354 701 lis
384 659 671 714 praesidioque
702 659 838 700 valido
874 659 1070 714 inposito,
1107 660 1149 700 in
1180 658 1451 714 Campaniam
1485 660 1661 701 reditum

261 736 280 764 4
305 722 483 762 maxime
509 722 562 762 ad
585 721 733 762 Nolam
759 722 883 763 armis
908 722 1184 776 repetendam.
1229 737 1277 763 eo
1304 737 1347 764 se
1371 722 1477 764 intra
1501 722 1663 763 moenia

306 783 382 824 sub
408 783 630 824 adventum
656 783 863 824 dictatoris
889 790 929 824 et
949 783 1197 825 Samnitium
1223 784 1355 825 omnis
1380 784 1597 825 multitudo
1623 790 1663 824 et

262 859 281 888 ῠ
305 844 454 885 Nolani
485 851 668 900 agrestes
700 845 966 887 contulerant.
1022 846 1194 887 dictator
1223 845 1336 887 urbis
1374 846 1454 887 situ
1491 847 1664 887 circum-

307 913 466 961 specto,
498 921 580 960 quo
605 907 782 961 apertior
807 908 942 948 aditus
969 908 1021 948 ad
1045 908 1209 949 moenia
1233 914 1359 958 esset,
1392 908 1529 949 omnia
1553 907 1663 949 aedi-

305 969 398 1009 ficia
417 993 471 996 —
492 976 531 1009 et
555 968 791 1022 frequenter
814 969 871 1011 ibi
896 968 1158 1010 habitabatur
1176 993 1230 997 —-
1250 969 1510 1011 circumiecta
1535 969 1662 1010 muris

306 1031 497 1071 incendit.
540 1045 615 1072 nec
639 1031 696 1072 ita
720 1031 848 1072 multo
872 1038 965 1086 post
992 1031 1078 1072 sive
1103 1047 1127 1072 a
1144 1031 1330 1073 Poetelio
1355 1032 1551 1072 dictatore
1578 1031 1664 1072 sive

307 1091 358 1133 ab
392 1092 441 1133 C.
468 1092 587 1133 Iunio
619 1093 787 1134 consule
814 1117 866 1121 -—
891 1109 987 1134 nam
1018 1103 1235 1147 utrumque
1272 1094 1444 1134 traditur
1474 1119 1528 1123 -—
1558 1093 1664 1134 Nola

264 1168 281 1197 6
309 1162 370 1196 est
401 1162 531 1209 capta.
581 1156 651 1208 qui
681 1162 824 1210 captae
856 1156 981 1197 decus
1007 1156 1136 1197 Nolae
1163 1157 1215 1197 ad
1246 1156 1458 1198 consulem
1484 1156 1662 1206 trahunt,

306 1217 499 1266 adiciunt,
519 1215 689 1257 Atinam
716 1224 755 1258 et
775 1217 979 1258 Calatiam
1005 1217 1056 1259 ab
1082 1219 1226 1259 eodem
1252 1225 1406 1273 captas,
1432 1218 1662 1259 Poetelium

307 1286 443 1321 autem
462 1279 693 1334 pestilentia
706 1286 794 1320 orta
807 1280 911 1321 clavi
930 1280 1083 1334 figendi
1102 1295 1227 1321 causa
1240 1281 1478 1321 dictatorem
1494 1281 1660 1321 dictum.

264 1354 280 1382 7
311 1340 468 1383 Suessa
505 1347 545 1381 et
580 1340 731 1382 Pontia
773 1341 917 1382 eodem
954 1356 1061 1382 anno
1098 1342 1281 1383 coloniae
1318 1343 1516 1383 deductae
1554 1349 1660 1383 sunt.

309 1402 467 1444 Suessa
483 1401 774 1443 Auruncorum
800 1402 945 1452 fuerat,
965 1402 1109 1444 Volsci
1129 1403 1313 1452 Pontias,
1339 1404 1516 1445 insulam
1543 1404 1661 1444 sitam

306 1465 349 1505 in
385 1470 609 1518 conspectu
645 1464 771 1505 litoris
810 1465 892 1514 sui,
934 1465 1200 1505 incoluerant.
1262 1472 1302 1506 et
1338 1464 1661 1520 Inter[am]nam

309 1525 507 1567 Casinam
532 1532 577 1566 ut
601 1526 871 1568 deduceretur
902 1526 1062 1567 colonia
1093 1527 1223 1567 senati
1249 1528 1480 1568 consultum
1505 1527 1661 1568 factum

307 1594 382 1629 est.
437 1588 509 1628 sed
541 1587 774 1628 triumviros
806 1602 996 1628 creavere
1027 1602 1074 1628 ae
1099 1588 1246 1628 misere
1278 1588 1513 1629 colonorum
1544 1596 1662 1642 quat-

306 1656 398 1690 tuor
422 1649 534 1689 milia
557 1649 820 1702 insequentes
847 1649 1037 1690 consules
1057 1648 1118 1690 M.
1133 1649 1337 1698 Valerius,
1357 1649 1406 1690 P.
1428 1650 1598 1691 Decius.

265 1727 277 1755 1
390 1710 634 1752 XXVIIII.
661 1710 888 1765 Profligato
908 1710 993 1751 fere
1015 1709 1263 1752 Samnitium
1282 1711 1402 1760 bello,
1423 1712 1661 1765 priusquam

307 1788 355 1814 ca
386 1787 483 1814 cura
513 1772 730 1813 decederet
760 1771 945 1827 patribus
977 1772 1196 1822 Romanis,
1228 1772 1396 1814 Etrusci
1426 1772 1522 1813 belli
1552 1774 1663 1814 sama

307 1841 448 1876 exorta
473 1841 546 1876 est.
583 1849 659 1875 nec
680 1841 766 1875 erat
790 1849 839 1875 ea
864 1841 1105 1889 tempestate
1130 1850 1232 1890 gens
1259 1835 1349 1884 alia,
1377 1835 1492 1876 cuius
1518 1849 1663 1876 secun-

307 1898 406 1939 dum
433 1896 616 1939 Gallicos
643 1897 842 1939 tumultus
869 1912 983 1938 arma
1008 1897 1252 1938 terribiliora
1277 1903 1416 1938 essent
1446 1911 1539 1938 cum
1569 1912 1663 1952 pro-

307 1960 534 2015 pinquitate
566 1959 655 2015 agri
684 1966 772 2000 tum
802 1959 1062 2000 multitudine
1094 1959 1318 2000 hominum.
1367 1959 1504 2012 itaque
1536 1959 1663 2000 altero

307 2022 476 2063 consule
506 2022 548 2063 in
574 2021 746 2063 Samnio
776 2022 970 2075 reliquias
1002 2021 1098 2062 belli
1127 2021 1388 2076 persequenti
1413 2021 1461 2062 P.
1488 2021 1660 2070 Decius,

307 2085 378 2138 qui
401 2084 581 2140 graviter
606 2100 729 2139 aeger
747 2084 905 2125 Romae
930 2084 1144 2133 restiterat,
1172 2092 1337 2125 auctore
1364 2090 1509 2125 senatu
1534 2084 1662 2124 dicta-

263 2155 281 2182 4
307 2154 435 2187 torem
458 2146 506 2187 C.
524 2146 689 2187 Iunium
704 2146 939 2187 Bubulcum
965 2146 1078 2186 dixit.
1121 2146 1168 2195 is,
1195 2153 1316 2200 prout
1339 2146 1397 2186 rei
1422 2146 1662 2200 magnitudo

306 2208 553 2263 postulabat,
581 2222 722 2249 omnes
748 2208 926 2248 iuniores
953 2215 1207 2248 sacramento
1233 2208 1373 2262 adigit,
1401 2223 1513 2248 arma
1538 2222 1662 2261 quac-

307 2286 386 2324 que
412 2271 490 2311 alia
514 2285 578 2311 res
604 2270 738 2324 poscit
763 2285 924 2311 summa
948 2271 1149 2311 industria
1171 2277 1299 2324 parat.
1343 2284 1418 2310 nec
1443 2270 1565 2310 tantis
1591 2285 1663 2324 ap-

308 2332 518 2386 paratibus
544 2332 675 2373 elatus
701 2333 752 2373 de
776 2332 990 2373 inferendo
1016 2332 1123 2373 bello
1149 2333 1288 2387 agitat,
1315 2333 1525 2385 quieturus
1551 2332 1662 2373 haud

265 2403 282 2431 ζ)
308 2394 443 2443 dubie,
470 2394 549 2435 nisi
573 2395 680 2435 ultro
705 2410 818 2437 arma
832 2394 1000 2435 Etrusci
1025 2394 1232 2435 inferrent.
1277 2395 1420 2435 eadem
1446 2395 1487 2435 in
1513 2409 1663 2449 conpa-

308 2456 436 2497 rando
461 2456 771 2510 cohibendoque
797 2456 904 2497 bello
930 2456 1100 2497 consilia
1125 2463 1164 2497 et
1184 2456 1294 2510 apud
1307 2456 1507 2497 Etruscos
1533 2457 1659 2497 fuere.

309 2518 440 2558 neutri
464 2517 614 2559 finibus
640 2518 808 2573 egressi.

395 2579 451 2620 Et
482 2595 655 2621 censura
686 2581 795 2621 clara
826 2595 874 2621 eo
906 2595 1012 2621 anno
1037 2579 1152 2635 Appi
1179 2580 1343 2621 Claudii
1368 2587 1407 2621 et
1434 2579 1482 2621 C.
1508 2580 1661 2620 Plautii

270 2654 287 2682 6
313 2640 409 2688 suit,
441 2643 661 2683 memoriae
688 2650 825 2685 tamen
850 2642 1043 2685 felicioris
1070 2643 1122 2683 ad
1147 2649 1333 2697 posteros
1358 2657 1508 2683 nomen
1533 2641 1657 2695 Appi,

262 1851 280 1880 10

263 1975 280 2004 ΕΟ
