1835 3226
358 247 437 287 144
654 253 806 287 LissER
831 252 904 296 ΙΙΙ,
931 253 1051 286 1920.
1080 255 1126 296 [a.
1144 264 1176 286 u.
1195 254 1409 298 c.··.>a4.2{·5]

289 371 326 400 12
353 359 433 398 iam
457 358 634 411 primum
661 355 874 404 omnium,’
900 355 1032 408 inquit
1059 354 1275 407 ‘Quiritcs,
1301 356 1342 396 in
1363 355 1539 398 Volscos
1565 370 1605 399 et
1622 358 1708 399 Ae-

351 433 454 472 quos
490 417 590 457 mihi
628 423 750 470 atquc
781 416 963 471 collegae
993 416 1177 471 legiones
1209 417 1358 458 ducere
1388 417 1431 457 in
1462 418 1597 460 animo
1633 430 1706 462 est.

350 480 489 521 nescio
515 494 596 532 quo
620 479 707 520 fato
733 479 865 534 magis
891 479 1091 520 bellantes
1117 493 1243 532 quam
1268 479 1403 533 pacati
1421 481 1618 534 propitios
1637 482 1709 523 ha-

350 541 495 582 bemus
527 542 640 582 deos.
689 548 888 594 quantum
917 541 1145 595 periculum
1176 541 1228 582 ab
1258 541 1338 582 illis
1374 542 1536 597 populis
1574 542 1707 593 fuerit,

351 603 386 643 si
418 602 669 657 Capitolium
706 602 758 643 ab
795 602 984 644 exulibus
1022 602 1242 644 obsessum
1279 603 1470 652 scissent,
1509 604 1709 658 suspicari

350 664 400 704 dc
424 664 644 718 praeterito
670 678 794 717 quam
818 679 862 704 re
886 664 978 718 ipsa
1002 664 1178 719 experiri
1203 670 1264 705 est
1288 663 1462 705 melius?

310 741 320 767 1
433 725 542 767 XX.
591 724 784 767 Moverat
813 725 978 780 plebem
1011 727 1139 767 oratio
1176 726 1375 775 consulis,
1414 727 1537 768 erecti
1572 734 1709 782 patres

352 788 582 828 restitutam
609 787 829 829 credebant
852 802 939 828 rem
969 787 1190 841 publicam.
1239 787 1382 828 consul
1413 788 1532 837 alter,
1571 803 1709 830 comes

352 850 574 891 animosior
599 864 724 903 quam
749 856 907 898 auctor,
947 849 1181 903 suscepisse
1207 848 1409 903 collegam
1439 850 1618 904 priorem
1642 864 1709 891 ac-

350 912 482 952 tiones
508 918 592 952 tam
617 911 755 966 gravis
781 911 902 952 facile
926 925 1095 965 passus,
1133 911 1175 951 in
1204 911 1451 965 peragendis
1483 912 1707 953 consularis

307 994 324 1020 21
353 975 478 1015 officii
501 980 661 1029 partem
686 974 739 1014 ad
764 988 807 1014 se
833 973 1080 1014 vindicabat.
1089 1012 1101 1033 ἢ
1119 980 1206 1013 tum
1232 973 1383 1014 tribuni
1408 973 1619 1015 eludentes
1640 989 1709 1015 ve-

351 1039 410 1079 lut
434 1052 541 1077 vana
565 1036 674 1077 dicta
698 1035 890 1090 persequi
915 1035 1166 1089 quaerendo,
1200 1049 1378 1088 quonam
1408 1036 1531 1076 modo
1556 1036 1711 1076 exerci-

353 1110 439 1140 tum
465 1098 651 1139 educturi
677 1098 865 1138 consules
892 1104 1042 1146 essent,
1069 1112 1173 1151 quos
1199 1097 1393 1137 dilectum
1418 1097 1569 1138 habere
1588 1112 1709 1138 ne-mo

309 1178 326 1202 ν»
352 1175 550 1216 passurus
582 1160 715 1200 esset?
758 1159 894 1200 ‘nobis
926 1160 1054 1208 vero,'
1084 1159 1217 1212 inquit
1248 1158 1468 1211 Quinctius
1503 1159 1621 1200 ‘nihil
1651 1159 1710 1199 di-

352 1224 461 1264 lectu
493 1236 596 1275 opus
630 1227 710 1270 cst,
750 1235 862 1269 cum,
901 1234 982 1273 quo
1014 1228 1197 1274 tempore
1228 1220 1276 1260 P.
1304 1220 1495 1261 Valerius
1527 1221 1579 1261 ad
1608 1221 1710 1262 reci-

353 1284 551 1339 piundum
584 1282 834 1336 Capitolium
871 1296 985 1322 arma
1020 1282 1130 1335 plebi
1166 1282 1294 1330 dedit,
1334 1296 1475 1322 omnes
1506 1282 1549 1322 in
1584 1281 1709 1323 verba

352 1345 591 1393 iuraverint,
625 1350 896 1385 conventuros
924 1358 967 1384 se
991 1343 1108 1384 iussu
1133 1343 1312 1384 consulis
1338 1357 1413 1383 nec
1438 1343 1596 1383 iniussu
1621 1343 1707 1384 abi-

308 1424 325 1450 -4
354 1416 477 1448 turos.
539 1406 737 1446 edicimus
774 1406 929 1458 itaque,
974 1419 1135 1454 omncs,
1179 1405 1248 1457 qui
1283 1405 1325 1444 in
1367 1404 1492 1445 verba
1527 1405 1704 1453 iurastis,

354 1470 530 1511 crastina
560 1468 624 1508 die
656 1468 801 1508 armati
826 1468 878 1508 ad
907 1468 1042 1508 lacum
1067 1467 1275 1522 Regillum
1307 1467 1476 1508 adsitis?
1525 1466 1705 1507 cavillari

353 1539 439 1571 tum
464 1530 615 1571 tribuni
646 1536 684 1570 et
714 1529 913 1584 populum
944 1530 1154 1570 exsolvere
1184 1529 1382 1584 religione
1412 1529 1535 1570 velle:
1572 1530 1706 1583 priva-

353 1600 438 1632 tum
464 1606 514 1632 co
539 1598 720 1644 tempore
742 1590 983 1642 Quinctium
1007 1590 1149 1639 fuisse,
1177 1605 1270 1631 cum
1297 1598 1550 1632 sacramento
1575 1591 1707 1631 adacti

309 1669 326 1695 ῑ)
354 1654 445 1694 sint.
496 1652 570 1694 sed
593 1652 778 1692 nondum
804 1651 924 1700 haec,
961 1666 1067 1704 quae
1091 1666 1200 1692 nunc
1231 1658 1342 1693 tenet
1373 1652 1601 1701 sacculum,
1639 1667 1708 1692 ne-

351 1713 560 1769 glegentia
585 1713 708 1753 deum
733 1719 901 1753 venerat
925 1727 1001 1753 nec
1025 1713 1331 1767 interpretando
1353 1712 1431 1753 sibi
1450 1713 1625 1766 quisque
1644 1714 1707 1754 ius

353 1775 569 1816 iurandum
596 1781 636 1815 et
658 1774 773 1829 leges
799 1781 916 1829 aptas
947 1774 1145 1823 faciebat,
1184 1775 1257 1815 sed
1289 1789 1386 1815 suos
1411 1775 1548 1828 potius
1574 1789 1708 1816 mores

309 1854 325 1879 ι]
353 1838 405 1878 ad
430 1852 478 1878 ea
509 1836 861 1877 accommodabat.
910 1837 1035 1891 igitur
1065 1836 1234 1885 tribuni,
1271 1842 1317 1877 ut
1351 1837 1622 1891 inpediendae
1651 1836 1710 1877 rei

352 1900 463 1940 nulla
488 1913 583 1953 spes
610 1905 714 1947 erat,
752 1899 803 1939 de
828 1898 1072 1952 proferendo
1099 1899 1280 1939 exercitu
1310 1913 1450 1953 agere,
1489 1913 1537 1939 eo
1562 1899 1708 1953 magis,

351 1961 461 2015 quod
493 1967 532 2002 et
563 1975 741 2015 augures
773 1960 909 2001 iussos
942 1960 1089 2001 adesse
1115 1961 1167 2001 ad
1191 1961 1401 2015 Regillum
1431 1960 1568 2001 lacum
1598 1960 1710 2001 fama

351 2023 506 2064 exierat
534 2022 754 2075 locumque
785 2022 1042 2077 inaugurari,
1079 2022 1152 2063 ubi
1183 2023 1395 2076 auspicato
1432 2036 1525 2062 cum
1555 2021 1709 2076 populo

351 2085 419 2140 agi
438 2090 592 2138 posset,
619 2090 664 2124 ut
682 2083 883 2137 quidquid
901 2084 1060 2125 Romae
1079 2084 1120 2124 vi
1141 2083 1358 2124 tribunicia
1375 2090 1565 2138 rogatum
1585 2091 1707 2131 esset,

310 2163 323 2189 ῖ
352 2148 392 2187 id
417 2146 592 2187 comitiis
617 2145 674 2186 ibi
700 2145 978 2200 abrogaretur.
1029 2160 1173 2186 omnes
1198 2146 1241 2186 id
1264 2146 1449 2186 iussuros
1475 2145 1586 2197 quod
1612 2159 1709 2185 con-

352 2208 462 2249 sules
488 2207 656 2256 vellent,
694 2221 828 2260 neque
854 2207 962 2247 enim
987 2207 1320 2261 provocationem
1352 2221 1442 2247 esse
1467 2206 1631 2261 longius
1657 2205 1709 2246 ab

352 2269 451 2311 urbe
476 2269 586 2310 mille
605 2283 805 2322 passuum
824 2274 863 2309 et
881 2268 1080 2317 tribunos,
1108 2268 1143 2309 si
1161 2283 1209 2309 eo
1229 2268 1406 2317 veniant,
1432 2268 1474 2308 in
1493 2267 1572 2308 alia
1591 2266 1710 2308 turba

308 2349 324 2370 s
353 2330 579 2383 Quiritium
599 2329 804 2371 subiectos
823 2329 911 2370 fore
931 2329 1136 2370 consulari
1154 2330 1337 2384 imperio.
1375 2328 1581 2370 terrebant
1593 2328 1707 2377 haec,

353 2394 426 2433 sed
460 2392 528 2433 ille
564 2392 770 2432 maximus
806 2397 934 2432 terror
969 2391 1127 2432 animos
1165 2391 1365 2446 agitabat,
1402 2391 1513 2444 quod
1544 2390 1708 2444 saepius

354 2454 572 2506 Quinctius
598 2453 823 2502 dictitabat,
851 2467 894 2494 se
921 2453 1135 2494 consulum
1161 2453 1325 2494 comitia
1348 2467 1430 2493 non
1454 2451 1706 2493 habiturum:

354 2530 434 2556 non
457 2516 515 2556 ita
538 2515 745 2556 civitatem
770 2529 937 2570 aegram
963 2529 1073 2563 esse,
1100 2521 1145 2555 ut
1170 2514 1376 2555 consuetis
1400 2514 1592 2555 remediis
1619 2513 1707 2554 sisti

354 2583 505 2631 posset,
531 2577 728 2617 dictatore
753 2591 856 2630 opus
883 2591 974 2617 esse
998 2577 1057 2617 rei
1081 2576 1283 2631 publicae,
1309 2582 1354 2616 ut
1378 2576 1449 2629 qui
1473 2590 1516 2617 se
1535 2574 1708 2615 moverit

354 2638 406 2678 ad
438 2637 740 2678 sollicitandum
771 2644 922 2678 statum
953 2638 1148 2687 civitatis,
1187 2637 1353 2687 sentiat,
1392 2637 1479 2678 sine
1509 2648 1707 2690 provoca-

357 2699 465 2740 tione
491 2700 734 2741 dictaturam
760 2714 863 2741 esse.
