1780 3204
462 212 615 247 LIBER
640 212 676 256 1,
701 212 823 247 <isaia
851 215 898 256 [a.
915 211 1162 257 offis-510]
1438 207 1489 247 51

137 318 319 366 validior,
346 316 526 356 medium
553 316 692 370 arripit
719 315 910 357 Servium
936 317 1170 370 elatumque
1195 332 1217 359 e
1243 319 1354 360 curia
1372 320 1413 359 in
1433 320 1493 360 in-

133 380 324 421 feriorem
360 384 518 433 partem
547 393 620 432 per
649 378 803 433 gradus
840 379 1004 427 deiecit,
1041 379 1137 420 inde
1173 380 1225 420 ad
1261 382 1492 436 cogendum

135 448 322 482 senatum
347 441 389 480 in
414 440 569 480 curiam
594 440 725 481 rediit.
774 440 819 480 fit
851 440 952 495 fuga
981 441 1091 495 regis
1123 443 1401 496 apparitorum
1433 451 1494 484 at-

133 517 212 556 que
237 503 452 551 comitum,
477 502 565 556 ipse
584 517 712 556 prope
732 502 955 557 exsanguis
975 502 1088 555 (cum
1108 504 1359 546 semianimis
1378 506 1493 560 regio

133 565 329 605 comitatu
354 565 522 605 domum
554 579 597 605 se
622 564 820 618 reciperet
843 565 1182 618 pervenissetque
1207 566 1260 607 ad
1286 582 1493 607 summum

135 626 336 681 Cyprium
361 625 516 679 vicum)
543 625 595 666 ab
619 626 683 675 iis,
710 626 781 679 qui
805 626 921 667 missi
946 626 997 667 ab
1019 626 1245 680 Tarquinio
1264 627 1492 683 fugientem

134 688 343 729 consecuti
369 695 501 737 erant,
538 687 790 728 interficitur.
841 688 1036 737 creditur,
1069 689 1165 742 quia
1194 705 1277 730 non
1302 690 1491 732 abhorret

134 766 157 791 a
193 757 327 791 cetero
360 749 528 799 scelere,
566 749 778 790 admonitu
810 749 971 791 Tulliae
1001 751 1044 791 id
1079 751 1248 792 factum.
1299 760 1492 807 carpento

135 819 255 861 certe,
282 812 324 852 id
349 812 460 865 quod
486 812 585 852 satis
612 818 784 860 constat,
810 812 853 852 in
877 811 1013 853 forum
1037 813 1200 854 invecta-
1218 828 1294 855 nec
1318 815 1493 855 reverita

134 882 295 915 coetum
320 874 518 923 virorum,
552 873 738 914 evocavit
763 874 896 914 virum
922 888 944 914 e
969 875 1081 915 curia
1105 890 1329 929 regemque
1359 877 1492 931 prima

134 936 367 990 appellavit.
416 951 440 976 a
469 950 550 988 quo
580 935 786 976 facessere
815 935 931 976 iussa
961 950 1013 976 ex
1043 943 1156 977 tanto
1187 938 1366 978 tumultu
1397 953 1490 979 cum

134 1012 177 1038 se
202 998 371 1039 domum
394 997 592 1051 reciperet
615 997 955 1051 pervenissetque
981 998 1034 1038 ad
1059 995 1490 1054 summum‘Cyprium

130 1060 279 1108 vicum,
306 1059 377 1100 ubi
395 1059 595 1099 Dianium
619 1073 750 1113 nuper
768 1059 857 1108 fuit,
884 1059 1063 1100 flectenti
1089 1068 1328 1114 carpentum
1348 1062 1492 1102 (lextra

130 1122 172 1161 in
199 1120 376 1162 Orbium
403 1121 572 1170 clivum,
605 1128 649 1160 ut
673 1121 716 1160 in
741 1120 886 1161 collem
911 1120 1209 1174 Esquiliarium
1235 1122 1488 1172 eveheretur,

128 1183 276 1223 restitit
299 1183 474 1237 pavidus
500 1189 622 1236 atque
647 1182 823 1223 inhibuit
854 1182 993 1224 frenos
1019 1183 1054 1224 is
1082 1184 1152 1236 qui
1183 1184 1364 1226 iumenta
1389 1200 1487 1240 age-

128 1244 198 1285 bat
233 1246 516 1297 iacentemque
553 1244 744 1285 dominae
783 1243 975 1285 Servium
1011 1246 1260 1287 trucidatum
1297 1248 1487 1288 ostendit.

127 1306 296 1347 foedum
326 1305 677 1359 inhumanumque
707 1306 802 1346 inde
833 1307 1006 1347 traditur
1037 1307 1171 1349 scelus
1204 1316 1490 1351 monumento-

129 1382 207 1421 que
231 1368 346 1409 locus
373 1374 454 1409 est:
479 1367 721 1409 sceleratum
746 1369 884 1409 vicum
909 1377 1075 1419 vocant,
1103 1384 1203 1423 quo,
1231 1386 1373 1413 amens
1401 1373 1488 1427 agi-

130 1429 309 1471 tantibus
340 1430 459 1470 furiis
491 1430 640 1471 sororis
673 1444 721 1470 ae
757 1430 851 1479 viri,
891 1431 1029 1472 Tullia
1063 1446 1137 1486 per
1173 1433 1299 1486 patris
1336 1448 1485 1488 corpus

126 1498 365 1546 carpentum
396 1491 531 1546 egisse
568 1492 696 1532 fertur
731 1499 972 1547 partemque
1011 1494 1225 1548 sanguinis
1262 1510 1310 1536 ae
1346 1496 1484 1536 caedis

127 1560 320 1608 paternae
345 1560 513 1594 cruento
539 1553 746 1603 vehiculo,
784 1555 1061 1596 contaminata
1085 1556 1177 1609 ipsa
1200 1571 1484 1611 respersaque,

127 1616 271 1657 tulisse
303 1616 355 1656 ad
384 1622 554 1670 penates
593 1631 689 1657 suos
729 1617 884 1670 virique
922 1618 1002 1666 sui,
1041 1618 1191 1671 quibus
1228 1619 1340 1660 iratis
1378 1620 1487 1660 malo

127 1679 243 1732 regni
266 1678 466 1732 principio
493 1678 645 1719 similes
670 1693 797 1733 prope
823 1679 932 1719 diem
957 1679 1091 1720 exitus
1119 1688 1399 1733 sequerentur.

214 1738 384 1780 Servius
416 1739 578 1780 Tullius
614 1741 802 1794 regnavit
838 1755 967 1781 annos
1005 1748 1198 1793 quattuor
1234 1748 1274 1782 et
1309 1742 1485 1795 quadra-

129 1801 242 1855 ginta
265 1800 339 1849 ita,
365 1807 410 1840 ut
434 1800 543 1841 bono
569 1801 692 1842 etiam
716 1802 1009 1854 moderatoque
1035 1802 1270 1843 succedenti
1294 1803 1383 1857 regi
1408 1803 1487 1843 dif-

129 1863 246 1903 ficilis
284 1862 501 1903 aemulatio
539 1870 660 1903 esset.
717 1870 896 1903 ceterum
938 1864 980 1904 id
1016 1878 1180 1917 quoque
1217 1865 1267 1904 ad
1310 1865 1485 1919 gloriam

128 1925 319 1973 accessit,
352 1924 463 1976 quod
487 1938 581 1964 cum
605 1924 675 1965 illo
701 1924 823 1965 simul
847 1925 955 1966 iusta
979 1939 1027 1966 ae
1051 1925 1236 1980 legitima
1265 1941 1393 1981 regna
1418 1941 1485 1967 oc-

128 1987 324 2027 ciderunt.
374 1986 415 2026 id
445 1986 582 2040 ipsum
613 1994 697 2026 tam
727 1987 824 2026 mite
856 2001 904 2027 ae
940 1993 1024 2027 tam
1060 1987 1318 2029 moderatum
1354 1988 1483 2042 impe-

127 2048 230 2088 rium
269 2056 424 2097 tamen,
462 2048 558 2100 quia
593 2047 715 2088 unius
747 2054 874 2097 esset,
913 2048 1117 2104 deponere
1149 2064 1243 2089 eum
1272 2051 1315 2090 in
1346 2050 1506 2090 animo'

128 2112 321 2152 habuisse
347 2111 514 2164 quidam
540 2119 726 2152 auctores
753 2118 865 2160 sunt,
891 2112 933 2151 ni
959 2112 1093 2153 scelus
1118 2112 1358 2153 intestinum
1382 2113 1483 2154 libe-

126 2174 277 2214 randae
301 2174 456 2227 patriae
482 2173 652 2214 consilia
677 2173 849 2227 agitanti
873 2173 1174 2215 intervenisset.

211 2235 551 2277 XXXXVIHI.
600 2236 704 2276 Inde
736 2236 789 2276 L.
823 2235 1073 2289 Tarquinius
1104 2251 1277 2291 regnare
1309 2237 1479 2291 occepit,

126 2298 191 2337 cui
214 2297 402 2352 Superbo
429 2313 657 2352 cognomen
682 2297 791 2338 faeta
815 2298 1061 2348 indiderunt,
1089 2299 1185 2352 quia
1205 2313 1392 2339 socerum
1410 2314 1482 2354 ge-

125 2375 196 2400 ner
238 2360 448 2414 sepultura
487 2360 713 2414 prohibuit,
762 2359 987 2401 Romulum
1024 2375 1188 2414 quoque
1228 2361 1481 2415 insepultum

123 2421 278 2476 perisse
304 2422 513 2471 dictitans,
550 2422 832 2476 primoresque
856 2429 1037 2476 patrum,
1075 2437 1178 2476 quos
1207 2421 1324 2464 Servi
1355 2423 1477 2464 rebus

123 2483 277 2524 favisse
292 2483 493 2532 credebat,
520 2484 741 2532 interfecit3
768 2485 956 2525 conscius
971 2485 1118 2525 deinde
1132 2485 1238 2525 male
1257 2485 1479 2539 quaerendi

122 2546 238 2601 regni
268 2546 319 2587 ab
352 2561 395 2587 se
426 2547 516 2600 ipso
548 2547 746 2587 adversus
779 2561 822 2587 se
853 2547 1088 2601 exemplum
1114 2548 1206 2602 capi
1234 2563 1376 2602 posse,
1415 2564 1479 2588 ar-

122 2608 241 2649 matis
262 2622 409 2663 corpus
430 2609 757 2662 circumsaepsit:
784 2623 916 2661 neque
937 2609 1044 2649 enim
1064 2610 1117 2650 ad
1142 2609 1205 2650 ius
1224 2610 1341 2664 regni
1365 2610 1478 2663 quic-

121 2684 244 2722 quam
269 2677 429 2724 praeter
453 2671 536 2710 vim
561 2669 751 2719 habebat,
778 2677 821 2710 ut
847 2670 916 2723 qui
942 2685 1074 2724 neque
1098 2671 1240 2725 populi
1264 2672 1380 2712 iussu
1406 2686 1477 2712 ne-

1203 2737 1249 2770 4*

1518 954 1535 981 G

1518 1324 1533 1353 7

1510 1756 1529 1784 S

1505 2437 1523 2465 10
