1835 3226
287 297 341 339 60
647 304 797 338 LIBER
824 303 859 346 1,
886 304 939 337 57.
959 304 1011 337 58.
1039 306 1136 347 [au.
1153 304 1277 348 0244]

287 409 493 462 quiniique
524 407 684 461 excepti
714 406 908 460 benigne,
945 406 1076 447 victor
1106 406 1274 447 maritus
1306 407 1475 448 comiter
1496 408 1642 451 invitat

286 470 420 523 regios
452 469 635 509 iuvenes.
684 468 741 508 ibi
769 466 866 509 Sex.
893 467 1163 521 Tarquinium
1195 468 1302 509 mala
1332 469 1460 510 libido
1484 469 1639 511 Lucre-

286 531 364 570 tiae
390 545 462 583 per
492 530 575 569 vim
608 530 856 584 stuprandae
888 530 1014 584 capit3
1054 544 1147 570 cum
1178 530 1311 571 forma
1341 537 1428 571 tum
1460 537 1643 585 spectata

225 609 255 635 11
287 592 451 632 castitas
478 591 630 631 incitat.
675 598 713 631 et
738 598 826 631 tum
850 591 1016 644 quidem
1042 591 1093 632 ab
1118 598 1316 633 nocturno
1341 593 1521 633 iuvenali
1545 592 1642 634 ludo

286 653 326 692 iu
352 660 486 692 castra
510 652 695 692 redeunt.

247 731 254 757 1
370 713 535 754 LVIII.
572 714 725 755 Paucis
750 714 973 756 interiectis
999 714 1145 756 diebus
1168 714 1265 756 SeX.
1287 715 1537 769 Tarquinius
1582 716 1643 756 in-

243 792 260 818 ·.›
288 776 372 816 scio
411 775 616 817 Collatino
683 791 778 817 cum
822 777 970 817 comite
1013 792 1094 817 uno
1134 776 1353 818 Collatiam
1389 778 1512 818 venit.
1572 777 1641 819 ubi

286 844 481 891 exceptus
514 837 691 893 benigne
723 838 774 879 ab
805 838 959 893 ignaris
992 838 1150 879 consilii
1181 853 1274 879 cum
1304 845 1399 894 post
1428 854 1572 880 cenam
1602 840 1644 880 in

286 899 487 954 hospitale
519 899 754 941 cubiculum
785 900 985 941 deductus
1011 910 1138 950 esset,
1171 916 1308 941 amore
1334 901 1501 950 ardens,
1532 908 1645 955 post-

286 977 410 1015 quam
434 962 534 1003 satis
560 964 647 1002 tuta
672 962 778 1003 circa
804 962 1007 1016 sopitique
1033 977 1174 1003 omnes
1212 963 1467 1012 videbantur,
1506 963 1644 1004 stricto

286 1024 423 1079 gladio
449 1024 501 1064 ad
527 1024 796 1064 dormientem
821 1024 1060 1064 Lucretiam
1086 1025 1215 1074 venit,
1250 1025 1494 1078 sinistraque
1520 1041 1645 1065 manu

288 1085 468 1126 mulieris
506 1095 670 1140 pectore
706 1100 906 1140 oppresso
944 1090 1053 1126 ‘tace
1089 1086 1318 1134 Lucretia,'
1355 1087 1488 1139 inquit
1525 1085 1642 1127 ‘Sex.

289 1147 539 1199 Tarquinius
568 1162 678 1195 sumg
704 1147 858 1187 ferrum
877 1148 919 1187 in
938 1162 1062 1187 manu
1083 1154 1162 1196 est,
1189 1147 1378 1196 moriere,
1407 1148 1441 1188 si
1461 1147 1643 1188 emiseris

245 1223 262 1251 3
290 1209 457 1248 vocem.⁵
495 1223 587 1249 cum
608 1208 757 1261 pavida
779 1222 830 1248 ex
851 1223 994 1249 somno
1014 1209 1160 1249 mulier
1177 1209 1331 1248 nullam
1352 1223 1490 1262 opem,
1516 1223 1643 1263 prope

288 1277 461 1311 mortem
491 1270 757 1309 inminentem
783 1270 956 1318 videret,
989 1278 1075 1310 tum
1103 1270 1352 1323 Tarquinius
1383 1270 1502 1310 fateri
1534 1286 1645 1310 amo-

289 1347 392 1380 rem,
431 1346 564 1379 orarc,
602 1331 773 1371 miscere
810 1331 1000 1384 precibus
1038 1332 1187 1380 minas,
1225 1346 1388 1372 versare
1425 1332 1466 1371 in
1502 1347 1643 1372 omnes

245 1408 263 1434 4
289 1401 424 1448 partes
456 1392 697 1433 muliebrem
728 1392 922 1432 animum.
973 1392 1043 1433 ubi
1068 1393 1316 1433 obstinatam
1340 1393 1506 1434 videbat
1531 1400 1569 1433 ct
1594 1408 1644 1433 uc

289 1455 430 1496 mortis
463 1455 627 1508 quidem
659 1462 772 1494 metu
803 1454 1007 1503 inclinari,
1046 1455 1158 1494 addit
1189 1455 1241 1495 ad
1266 1461 1420 1494 metum
1446 1455 1643 1495 dedecus:

291 1532 384 1557 cum
410 1524 567 1557 mortua
594 1516 823 1570 iugulatum
849 1531 1012 1556 servum
1044 1517 1199 1556 nudum
1230 1517 1459 1571 positurum
1490 1517 1562 1565 ait,
1603 1524 1644 1556 ut

247 1593 265 1620 ι’)
291 1579 332 1619 in
364 1579 527 1619 sordido
560 1578 759 1618 adulterio
789 1585 934 1618 necata
965 1578 1134 1618 dicatur.
1184 1593 1264 1631 quo
1290 1586 1440 1619 terrore
1467 1593 1559 1619 cum
1586 1579 1644 1618 vi-

291 1641 413 1682 cisset
432 1640 679 1681 obstinatam
700 1639 938 1693 pudicitiam
957 1639 1085 1691 (velut
1100 1640 1263 1692 victrix)
1278 1640 1403 1680 libido
1417 1640 1646 1694 profectus-

291 1717 370 1754 que
383 1702 477 1741 inde
492 1701 740 1754 Tarquinius
761 1701 878 1741 ferox
897 1708 1132 1755 expugnato
1152 1701 1297 1742 decore
1318 1701 1505 1741 muliebri
1525 1708 1644 1749 essct,

291 1763 486 1803 Lucretia
517 1769 673 1802 maesta
705 1769 816 1802 tanto
846 1762 954 1802 malo
979 1763 1168 1802 nuntium
1194 1763 1369 1803 Romam
1395 1763 1570 1803 eundem
1596 1763 1648 1803 ad

289 1832 447 1878 patrem
466 1824 733 1876 Ardeamque
759 1824 810 1864 ad
836 1824 968 1863 virum
994 1823 1134 1872 mittit,
1161 1831 1205 1863 ut
1231 1838 1324 1864 cum
1351 1824 1523 1878 singulis
1548 1824 1647 1866 fide-

290 1886 396 1926 libus
417 1886 558 1926 amicis
579 1886 762 1927 veniant:
788 1885 845 1926 ita
865 1885 973 1927 facto
992 1892 1276 1939 maturatoque
1297 1900 1400 1940 opus
1427 1900 1536 1935 csse,
1562 1900 1647 1926 rem

291 1956 471 1988 atrocem
496 1948 702 1988 incidisse.

250 2024 267 2053 6
381 2008 557 2064 Spurius
578 2010 801 2051 Lucretius
829 2025 921 2050 cum
941 2009 990 2051 P.
1006 2010 1192 2060 Valerio,
1219 2009 1362 2052 Volesi
1381 2009 1483 2058 filio,
1511 2009 1648 2051 Colla-

292 2073 400 2112 tinus
433 2086 526 2112 cum
551 2072 613 2112 L,
631 2072 751 2112 Iunio
776 2072 907 2113 Bruto
938 2072 1067 2122 venit,
1105 2088 1199 2113 cum
1230 2088 1311 2126 quo
1342 2071 1445 2114 forte
1471 2071 1647 2113 Romam

290 2134 451 2174 rediens
499 2133 550 2174 ab
598 2134 740 2174 nuntio
786 2134 927 2175 uxoris
976 2142 1062 2175 erat
1109 2142 1349 2176 conventus.
1409 2134 1647 2174 Lucretiam

250 2210 263 2237 ῑ
292 2197 501 2237 sedentem
538 2203 738 2237 maestam
774 2197 816 2236 in
852 2196 1040 2237 cubiculo
1077 2197 1307 2246 inveniunt3
1345 2196 1523 2237 adventu
1555 2210 1649 2236 suo-

292 2273 382 2298 rum
417 2258 610 2298 lacrimae
647 2258 834 2306 obortae,
876 2258 1169 2311 quaerentique
1205 2259 1292 2299 viro
1331 2258 1457 2298 ‘satin
1494 2253 1648 2298 salrcP’

294 2319 502 2360 ‘minimos
561 2320 692 2373 inquit
736 2320 853 2373 ‘quid
893 2320 1002 2360 enim
1044 2320 1146 2360 salvi
1188 2327 1250 2360 est
1291 2320 1451 2360 mulieri
1498 2320 1650 2360 amissa

291 2382 511 2435 pudicitia?
558 2382 734 2437 vestigia
769 2382 845 2422 viri
882 2382 1021 2430 alieni,
1067 2381 1289 2431 Collatino,
1333 2383 1376 2422 in
1411 2382 1516 2422 lecto
1555 2387 1650 2422 sunt

294 2450 374 2483 tuo.
435 2451 614 2484 ceterum
651 2458 800 2498 corpus
837 2451 899 2484 est
934 2451 1092 2484 tantum
1129 2444 1344 2493 violatum,
1389 2444 1557 2485 animus-
1588 2443 1650 2483 in-

295 2520 409 2546 sons:
446 2520 556 2547 mors
590 2506 705 2547 testis
737 2506 824 2547 erit.
876 2506 949 2547 sed
973 2507 1066 2547 date
1091 2507 1256 2547 dextras
1281 2507 1506 2560 fidemque,
1538 2505 1648 2546 haud

249 2582 267 2607 s
297 2565 447 2618 inpune
489 2567 673 2608 adultero
704 2567 805 2608 fore.
869 2566 965 2609 Sex.
999 2575 1061 2609 est
1085 2568 1355 2622 Tarquinius,
1393 2568 1482 2621 qui,
1519 2566 1647 2608 hostis

294 2642 366 2680 pro
401 2628 580 2683 hospite,
628 2630 761 2684 priore
796 2637 916 2671 nocte
952 2630 994 2670 vi
1029 2637 1209 2671 armatus
1245 2630 1346 2670 mihi
1389 2629 1564 2682 sibique,
1613 2627 1646 2667 si

253 2700 270 2729 9
296 2703 368 2729 vos
404 2690 480 2730 viri
515 2691 632 2741 estis,
669 2692 912 2746 pestiferum
947 2692 1042 2732 hinc
1078 2691 1246 2733 abstulit
1279 2690 1503 2747 gaudium.'
1549 2689 1646 2729 dant

296 2750 435 2791 ordine
477 2766 617 2794 omnes
659 2754 802 2802 fidem,
852 2753 1115 2795 consolantur
1155 2768 1319 2809 aegram
1362 2752 1485 2794 animi
1533 2765 1646 2791 aver-
