1835 3226
276 458 312 485 13

276 828 281 854 1
302 828 309 854 1

296 1262 313 1290 [ὑ

294 1510 312 1536 :3

293 1633 311 1661 »Σ

293 1820 310 1847 ἵ)

294 1946 310 1971 (ι’

295 2193 310 2219 ⁸1

346 272 422 311 lens
693 274 843 308 ruffin
867 274 961 318 1111,
986 274 1018 308 2.
1038 274 1069 308 3.
1098 277 1196 318 [a.u.
1214 277 1340 320 e.309]

338 382 475 421 hostes
503 385 658 419 tantum
686 392 767 418 non
792 377 1067 427 arcessicrint,
1095 378 1299 418 exercitus
1326 379 1527 420 conscribi
1552 381 1694 422 adver-

339 456 408 481 sus
434 441 575 481 hostes
600 454 683 480 non
707 439 926 492 patiantur,
960 439 1033 480 sed
1058 439 1206 480 audeat
1234 439 1458 481 Canuleius
1484 441 1526 481 in
1551 450 1695 484 senatu

337 501 541 557 proloqui,
575 516 637 550 se,
669 501 747 541 nisi
774 516 869 541 suas
895 500 1008 556 leges
1035 508 1246 554 tamquam
1270 503 1436 544 victoris
1461 509 1598 557 patres
1629 519 1696 544 ac-

337 564 416 618 cipi
442 564 595 612 sinant,
622 563 816 603 dilectum
842 562 984 603 haberi
1008 562 1334 617 prohibiturum?
1358 564 1567 617 quidesse
1586 565 1696 605 aliud

336 642 458 681 quam
479 626 637 675 minari,
665 641 708 666 se
728 625 985 679 proditurum
1002 626 1187 680 patriam.
1216 627 1445 681 oppugnari
1465 633 1587 680 atque
1606 628 1695 681 capi

340 687 586 743 passurum?
622 687 722 740 quid
752 702 843 728 eam
873 701 1016 728 vocem
1048 687 1278 728 animorum
1303 703 1384 729 non
1409 688 1519 742 plebi
1543 689 1697 730 Roma-

338 765 439 799 nae,
490 749 563 790 sed
606 748 771 789 Volscis
814 754 854 788 et
889 747 1051 802 Aequis
1095 755 1135 789 et
1170 748 1414 791 Veientibus
1458 750 1697 791 allaturam?

338 826 472 853 nonne
488 810 688 852 Canuleio
709 811 812 851 duce
833 825 876 851 se
898 817 1131 865 speraturos
1148 810 1398 865 Capitolium
1419 818 1541 866 atque
1561 827 1695 853 arcem

337 873 533 915 scandere
558 887 699 927 posse,
735 872 770 912 si
793 872 978 926 patribus
1005 872 1155 914 tribuni
1181 888 1273 914 eum
1300 874 1386 915 iure
1413 889 1459 915 ae
1484 874 1696 916 maiestate

335 937 527 990 adempta
563 935 721 976 animos
753 935 876 975 etiam
907 935 1152 989 eripuerint?
1189 936 1378 977 eonsules
1409 943 1574 991 paratos
1605 951 1696 978 esse

336 999 462 1039 duces
494 997 605 1052 prius
638 996 837 1038 adversus
871 996 1006 1038 scelus
1038 997 1189 1038 civium
1227 1013 1350 1052 quam
1388 999 1586 1040 adversus
1624 998 1697 1039 ho-

337 1061 459 1102 stium
486 1075 611 1101 arma.

419 1123 500 1163 III.
551 1122 659 1164 Cum
692 1138 885 1164 maxume
915 1123 1018 1164 haee
1047 1123 1089 1164 in
1115 1130 1261 1165 senatu
1286 1131 1523 1179 agerentur,
1559 1123 1696 1165 Canu-

336 1184 440 1226 leius
471 1199 545 1238 pro
575 1183 738 1239 legibus
771 1185 856 1226 suis
888 1192 928 1225 et
958 1185 1156 1226 adversus
1188 1186 1378 1227 consules
1404 1186 1460 1226 ita
1485 1185 1695 1227 disseruit:

343 1251 516 1300 ‘quanto
542 1261 664 1301 opere
689 1261 784 1296 vos,
819 1245 1020 1299 Quirites,
1054 1254 1360 1288 contemnerent
1385 1255 1539 1302 patres,
1573 1262 1694 1301 quam

336 1309 527 1364 indignos
553 1308 766 1358 ducerent,
794 1309 863 1362 qui
890 1324 970 1349 una
995 1323 1136 1349 secum
1162 1309 1261 1350 urbe
1286 1310 1391 1350 intra
1417 1310 1559 1350 eadem
1585 1324 1696 1350 moe-

336 1371 404 1411 nia
435 1370 644 1419 viveretis,
682 1385 805 1425 saepe
836 1371 1027 1423 equidem
1059 1378 1096 1411 ct
1134 1377 1227 1411 ante
1264 1371 1405 1412 videor
1440 1371 1696 1412 animadver-

337 1434 453 1482 tisse,
496 1447 605 1473 nunc
643 1439 780 1473 tamen
816 1433 1013 1482 maxime,
1056 1433 1167 1486 quod
1203 1433 1305 1474 adeo
1344 1440 1500 1474 atroces
1538 1433 1579 1473 in
1620 1433 1694 1474 has

339 1495 575 1551 rogationes
606 1500 768 1535 nostras
802 1495 929 1536 coorti
961 1502 1073 1543 sunt,
1113 1495 1262 1548 quibus
1295 1495 1394 1548 quid
1425 1495 1536 1535 aliud
1573 1510 1695 1548 quam

336 1558 605 1598 admonemus
632 1557 761 1605 cives,
789 1572 863 1597 nos
891 1571 1031 1597 eorum
1057 1571 1148 1597 esse
1170 1565 1228 1606 et,
1256 1557 1389 1598 sinon
1411 1558 1575 1597 easdem
1595 1572 1694 1611 opes

338 1618 508 1667 habere,
537 1618 710 1658 eandem
736 1625 873 1659 tamen
893 1619 1066 1672 patriam
1091 1619 1292 1660 incolere?
1324 1619 1449 1659 altera
1475 1618 1695 1659 conubium

336 1680 532 1735 petimus,
577 1681 688 1734 quod
723 1680 919 1721 finitumis
958 1681 1219 1733 externisque
1256 1682 1343 1721 dari
1381 1682 1501 1722 solet:
1546 1690 1583 1721 et
1621 1696 1695 1721 nos

336 1742 503 1795 quidem
523 1742 751 1791 civitatem,
778 1756 883 1795 quae
903 1741 996 1796 plus
1018 1757 1140 1795 quam
1162 1743 1383 1783 conubium
1403 1750 1482 1792 est,
1509 1743 1696 1783 hostibus

338 1805 460 1845 etiam
486 1804 604 1845 victis
631 1803 820 1844 dedimus
846 1829 919 1853 —‚
947 1804 1074 1845 altera
1098 1804 1199 1844 nihil
1224 1805 1319 1845 novi
1343 1803 1532 1854 ferimus,
1561 1805 1633 1845 sed
1656 1805 1697 1844 id

338 1867 450 1920 quod
485 1866 627 1921 populi
665 1873 728 1907 est
756 1866 981 1921 repetimus
1014 1873 1136 1920 atque
1168 1882 1435 1921 usurpamus,
1473 1873 1517 1906 ut
1548 1866 1698 1919 quibus

338 1929 436 1969 velit
459 1927 637 1983 populus
658 1928 872 1970 Romanus
899 1928 1075 1969 honores
1101 1929 1278 1969 mandet.
1323 1929 1422 1982 quid
1447 1929 1611 1969 tandem
1638 1935 1699 1969 est

339 2007 412 2033 cur
444 1992 603 2033 caelum
635 2007 683 2033 ac
715 1998 842 2033 terras
869 1991 1086 2041 misceant,
1120 2007 1192 2032 cur
1215 1992 1258 2032 in
1283 2007 1347 2032 me
1373 1992 1550 2046 impetus
1576 1991 1698 2032 modo

338 2069 467 2108 paene
498 2054 541 2094 in
572 2061 718 2095 senatu
750 2054 803 2095 sit
832 2053 987 2103 factus,
1024 2060 1176 2109 negent
1208 2068 1251 2094 se
1282 2053 1473 2094 manibus
1499 2059 1699 2107 tempera-

338 2123 450 2157 turos
482 2115 790 2169 violaturosque
822 2116 1064 2156 denuntient
1095 2121 1397 2157 sacrosanctam
1428 2114 1699 2169 potestatem?

339 2178 374 2219 si
403 2178 556 2233 populo
586 2178 776 2219 Romano
812 2177 987 2219 liberum
1025 2178 1268 2233 suffragium
1300 2178 1437 2226 datur,
1476 2183 1520 2217 ut
1550 2176 1698 2230 quibus

339 2240 436 2281 velit
465 2240 725 2281 consulatum
756 2240 942 2289 mandet,
976 2246 1015 2280 et
1038 2255 1121 2281 non
1146 2240 1394 2295 praeciditur
1419 2253 1513 2293 spes
1538 2238 1699 2293 plebeio

338 2316 522 2356 quoque,
561 2302 595 2343 si
627 2302 777 2357 dignus
810 2316 971 2342 summo
1003 2301 1158 2343 honore
1185 2302 1277 2351 erit,
1316 2301 1526 2356 apiscendi
1552 2301 1700 2342 summi

339 2364 524 2413 honoris,
558 2370 665 2405 stare
690 2363 789 2405 urbs
815 2363 918 2404 haee
949 2379 1031 2404 non
1061 2363 1234 2418 poterit?
1281 2363 1331 2404 de
1361 2363 1532 2417 imperio
1564 2368 1699 2403 actum

339 2426 426 2466 est?
462 2432 503 2467 et
530 2426 700 2481 perinde
731 2425 810 2467 hoc
840 2425 950 2466 valet
982 2425 1255 2480 “plebeiusne
1287 2424 1431 2466 consul
1461 2424 1560 2465 fiat’'
1599 2431 1701 2464 tam-

339 2503 464 2541 quam
502 2503 667 2530 servum
704 2494 774 2529 aut
808 2487 1044 2529 libertinum
1083 2488 1230 2541 aliquis
1269 2488 1478 2529 consulem
1516 2487 1698 2527 futurum

340 2550 472 2591 dieat?
502 2551 651 2604 ecquid
675 2550 853 2600 sentitis,
880 2550 923 2591 in
948 2556 1101 2603 quanto
1128 2556 1367 2604 contemptu
1391 2549 1566 2590 vivatis?
1596 2547 1698 2589 lucis

338 2611 455 2653 vobis
492 2612 614 2653 huius
651 2618 827 2667 partem,
873 2612 908 2653 si
943 2612 1081 2661 liceat,
1126 2612 1319 2652 adimant.
1374 2611 1486 2665 quod
1521 2608 1696 2664 spiratis,

339 2674 450 2725 quod
473 2689 618 2715 vocem
643 2675 822 2723 mittitis,
854 2675 966 2728 quod
997 2674 1150 2715 formas
1182 2674 1396 2715 hominum
1426 2671 1603 2719 habetis,
1636 2669 1697 2709 in-

340 2735 572 2788 dignantur,
599 2737 696 2789 quin
718 2736 859 2786 etiam,
888 2736 922 2777 si
942 2736 1005 2777 dis
1025 2735 1176 2790 placet,
1203 2735 1320 2776 nefas
1347 2735 1459 2775 aiunt
1483 2746 1574 2773 esse
1599 2745 1696 2772 con-
