1835 3226
254 1231 290 1257 ἤι’

255 1355 284 1380 ll

273 2096 289 2121 3

273 2536 290 2562 Γ)

321 242 370 282 18
664 249 814 282 ΜΒΕΗ
844 250 874 291 1⁷
908 250 1023 282 1415.
1053 253 1101 293 [a.
1116 261 1149 283 u.
1166 252 1333 294 0.1-37]

316 353 414 392 locis
447 352 553 391 circa
585 352 723 391 densis
755 350 898 391 obsitis
931 351 1140 406 virgultis,
1173 351 1358 393 obscuris
1391 354 1603 397 subsidere
1632 359 1673 398 in

316 414 475 453 insidiis
495 413 632 461 iussit,
661 427 751 452 cum
773 420 888 466 parte
914 414 1065 454 maiore
1091 424 1213 466 atque
1239 415 1351 456 omni
1375 416 1558 486 equitatu
1582 432 1674 472 pro-

318 474 469 522 fectus,
507 474 549 514 id
581 475 691 527 quod
723 473 964 527 quaerebat,
1004 475 1256 516 tumultuoso
1288 484 1327 516 et
1351 477 1501 518 minaci
1525 493 1675 533 genere

316 550 481 591 pugnae
523 537 800 589 adequitando
843 537 942 591 ipsis
986 552 1112 592 prope
1148 538 1277 592 portis
1313 538 1475 579 hostem
1513 541 1673 581 excixit.

316 598 441 652 fugae
484 613 668 652 quoque,
719 614 824 652 quae
869 599 1099 640 simulanda
1142 607 1246 649 erat,
1297 601 1439 641 eadem
1477 603 1676 655 equestris

316 675 457 715 pugna
482 675 650 701 causam
676 661 811 701 minus
837 660 1063 702 mirabilem
1090 661 1211 702 dedit.
1257 670 1295 702 et
1321 676 1414 703 curn
1439 663 1551 704 velut
1574 664 1678 705 inter

314 737 479 777 pugnae
505 723 712 778 fugaeque
738 723 954 764 consilium
981 724 1207 778 trepidante
1228 724 1411 777 equitatu
1429 725 1555 779 pedes
1576 740 1678 779 quo-

315 798 394 836 que
425 784 595 825 referret
625 785 819 839 gradum,
857 785 989 839 plenis
1021 792 1187 840 repente
1218 786 1347 840 portis
1379 787 1500 827 effusi
1535 787 1675 828 hostes

318 846 480 900 inpulsa
509 848 699 889 Romana
724 848 810 889 acie
837 849 973 889 studio
998 849 1177 889 instandi
1204 849 1483 902 sequendique
1509 849 1676 890 trahun-

317 916 382 949 tur
407 909 459 949 ad
483 909 619 950 locum
644 910 899 950 insidiarum.
936 910 1031 950 inde
1053 910 1188 952 subito
1208 911 1338 951 exorti
1351 911 1529 952 Romani
1548 919 1679 953 trans-

316 985 478 1011 versam
510 971 709 1012 invadunt
742 972 923 1012 hostium
954 972 1096 1012 aciem.
1147 972 1302 1012 addunt
1338 987 1533 1026 pavorem
1569 981 1678 1014 mota

317 1033 461 1073 eastris
489 1033 607 1088 signa
635 1049 794 1083 eorum,
833 1034 903 1088 qui
933 1034 976 1074 in
1005 1034 1210 1088 praesidio
1240 1034 1370 1075 relicti
1401 1034 1575 1076 fuerant.
1623 1035 1677 1076 ita

317 1094 532 1148 multiplici
575 1104 727 1137 terrore
764 1096 943 1151 perculsi
978 1096 1200 1136 Fidenates
1236 1096 1350 1150 prius
1387 1111 1518 1150 paene
1554 1111 1678 1150 quam

316 1156 518 1197 Romulus
545 1159 696 1211 quique
723 1173 815 1199 cum
843 1173 891 1199 eo
917 1159 1033 1211 equis
1059 1158 1188 1198 ierant
1208 1158 1532 1213 circumagerent
1550 1159 1677 1199 frenis

317 1232 463 1271 equos,
491 1227 604 1275 terga
626 1230 786 1261 vertunt
813 1220 1022 1273 multoque
1049 1220 1239 1268 effusius,
1266 1220 1417 1274 quippe
1443 1235 1539 1261 vera
1563 1220 1676 1275 fuga,

316 1280 386 1332 qui
413 1281 652 1323 simulantes
684 1282 806 1336 paulo
838 1290 930 1322 ante
963 1282 1092 1323 secuti
1123 1289 1256 1330 erant,
1294 1282 1491 1336 oppidum
1521 1289 1679 1337 repete-

319 1341 427 1382 bant.
489 1358 570 1383 non
613 1351 748 1384 tamen
793 1345 976 1398 eripuere
1020 1358 1063 1384 sc
1099 1343 1226 1384 hosti:
1275 1343 1448 1384 haerens
1484 1344 1527 1384 in
1563 1352 1678 1398 tergo

317 1404 551 1454 Romanus,
591 1407 831 1460 priusquam
863 1406 971 1447 fores
1009 1414 1218 1460 portarum
1255 1406 1530 1455 obicerentur,
1568 1406 1678 1446 velut

316 1467 479 1521 agmine
506 1482 587 1507 uno
616 1468 823 1522 inrumpit.

404 1528 506 1569 XV.
534 1529 640 1570 Belli
653 1530 864 1571 Fidenatis
880 1531 1123 1584 contagione
1138 1530 1289 1570 inritati
1304 1529 1539 1570 Veientium
1554 1530 1679 1570 animi

315 1598 354 1630 et
384 1591 741 1646 consanguinitate
767 1617 820 1622 —
847 1607 941 1633 nam
961 1592 1183 1632 Fidenates
1209 1605 1373 1644 quoquc
1398 1591 1566 1632 Etrusci
1591 1591 1680 1632 fue-

314 1662 407 1692 runt
434 1678 487 1682 —
514 1662 553 1694 et
579 1655 690 1707 quod
715 1654 804 1708 ipsa
838 1655 1122 1710 propinquitas
1153 1654 1250 1702 loci,
1290 1654 1324 1694 si
1349 1655 1537 1695 Romana.
1567 1669 1678 1695 arma

316 1714 507 1755 omnibus
534 1716 683 1757 infesta
708 1716 891 1757 finitimis
918 1724 1075 1765 essent,
1103 1716 1351 1757 stimulabat.
1400 1716 1443 1756 in
1468 1716 1570 1757 fines
1595 1715 1680 1756 Ro-

317 1791 461 1818 manos
489 1786 809 1819 excucurrerunt
833 1778 1118 1833 populabundi
1142 1778 1275 1833 magis
1302 1792 1425 1831 quam
1451 1778 1548 1818 iusti
1567 1792 1679 1818 more

318 1838 424 1879 belli.
474 1840 612 1893 itaque
638 1856 719 1881 nou
748 1841 891 1882 castris
916 1841 1080 1895 positis,
1118 1855 1200 1880 non
1233 1847 1469 1894 exspectato
1499 1839 1679 1881 hostium

315 1901 516 1951 exercitu,
544 1910 703 1957 raptam
724 1917 774 1944 ex
795 1903 904 1958 agris
924 1903 1121 1957 praedam
1140 1909 1349 1956 portantes
1363 1901 1491 1943 Veios
1509 1902 1678 1945 rediere.

317 1962 533 2005 Romanus
566 1976 723 2014 contra,
762 1972 982 2020 postquam
1013 1965 1175 2005 hostem
1200 1964 1241 2004 in
1269 1964 1379 2020 agris
1405 1979 1487 2005 non
1510 1964 1678 2013 invenit,

317 2025 568 2067 dimicationi
594 2027 760 2068 ultimae
786 2028 1009 2067 instructus
1035 2027 1297 2080 intentusque
1318 2025 1503 2067 Tiberim
1521 2026 1677 2067 transit.

317 2102 438 2140 quem
469 2095 689 2142 postquam
721 2098 850 2130 castra
884 2104 1036 2143 ponere
1073 2096 1112 2130 et
1148 2089 1200 2129 ad
1236 2088 1380 2129 urbem
1417 2102 1680 2129 accessurum

315 2148 510 2190 Veientes
537 2151 748 2199 audivere,
785 2151 949 2191 obviam
975 2151 1150 2205 egressi,
1183 2159 1227 2190 ut
1256 2150 1392 2204 potius
1424 2150 1511 2190 acie
1541 2149 1681 2190 decer-

317 2221 476 2259 nerent,
515 2226 638 2264 quam
670 2212 817 2253 inclusi
849 2213 898 2252 de
937 2212 1054 2253 tectis
1092 2210 1390 2264 moenibusque
1426 2211 1678 2252 dimicarent.

317 2272 372 2314 ibi
398 2273 554 2314 viribus
582 2275 692 2315 nulla
718 2283 802 2315 arte
828 2275 978 2315 adiutis
1004 2282 1162 2315 tantum
1190 2273 1370 2314 veterani
1393 2273 1540 2314 robore
1565 2287 1681 2314 exer-

317 2335 421 2375 citus
453 2350 526 2376 rex
557 2336 772 2376 Romanus
805 2337 899 2376 vicit
931 2348 1256 2390 persecutusque
1288 2335 1404 2376 fusos
1437 2335 1488 2376 ad
1519 2335 1681 2375 moenia

316 2396 456 2438 hostes
493 2396 594 2438 urbe
631 2397 765 2438 valida
804 2397 930 2438 muris
963 2412 1009 2438 ac
1043 2397 1123 2438 situ
1152 2397 1244 2451 ipso
1274 2397 1432 2437 munita
1463 2396 1677 2440 abstinuit:

317 2473 438 2513 agros
470 2459 633 2500 rediens
664 2468 799 2501 vastat
832 2460 1057 2500 ulciscendi
1082 2459 1216 2514 magis
1242 2473 1364 2512 quam
1391 2458 1568 2513 praedae
1595 2465 1680 2498 stu-

317 2520 395 2560 dio.
447 2535 575 2574 eaque
607 2521 722 2562 clade
753 2522 852 2562 haut
896 2522 1030 2562 minus
1063 2536 1188 2575 quam
1219 2522 1395 2562 adversa
1417 2536 1559 2576 pugna
1584 2519 1680 2561 sub-

317 2582 397 2622 acti
433 2582 628 2624 Veientes
671 2598 815 2637 pacem
857 2584 1032 2638 petitum
1069 2594 1249 2625 oratores
1287 2584 1465 2625 Romam
1501 2582 1676 2623 mittunt.

318 2644 404 2697 agri
430 2652 544 2698 parte
570 2645 752 2687 multatis
779 2646 820 2686 in
846 2653 1011 2687 centnm
1037 2661 1166 2687 annos
1192 2646 1374 2687 indutiae
1399 2646 1530 2686 datae.

404 2706 521 2747 Haec
553 2707 681 2748 ferme
708 2708 886 2749 Romulo
912 2715 1109 2763 regnante
1135 2709 1246 2748 domi
1272 2708 1521 2759 militiaeque
1547 2712 1676 2760 gesta,
