1835 3226
344 256 421 295 142
690 258 844 292 LIBER
868 258 942 302 111,
971 258 1091 292 13..19.
1121 260 1169 300 [a.
1183 270 1216 292 u.
1233 270 1262 292 e.
1275 259 1356 303 294]

340 365 424 404 nire
449 363 527 403 visi
552 369 658 403 sunt.
708 361 874 408 deinde,
915 360 984 401 ubi
1010 375 1142 402 vanus
1168 368 1297 402 terror
1322 361 1439 411 abiit,
1480 365 1637 418 accepti
1661 365 1702 404 in

298 443 314 469 :2
342 425 484 465 urbem
510 424 674 479 agmine
698 423 741 462 in
765 423 900 463 forum
925 423 1193 463 descendunt.
1242 423 1299 464 ibi
1324 423 1406 464 iam
1436 421 1486 462 P.
1516 422 1703 465 Valerius·

340 487 480 527 relicto
511 487 564 526 ad
593 493 803 540 portarum
839 484 1046 539 praesidia
1081 485 1240 540 collega
1296 485 1525 526 instruebat
1560 487 1702 528 aciem.

300 560 316 587 υ·
343 548 564 589 auctoritas
590 547 667 587 viri
691 553 894 596 moverat,
921 546 1196 596 adfirmantis,
1231 546 1438 602 Capitolio
1463 555 1703 602 recuperato

338 616 377 650 et
402 609 502 650 urbe
527 616 692 663 pacata,
732 609 767 649 si
798 609 961 649 edoceri
988 623 1031 649 se
1058 609 1228 658 sissent,
1266 623 1374 663 quae
1403 610 1517 650 fraus
1549 610 1601 651 ab
1635 610 1704 650 tri-

338 671 458 712 bunis
484 670 645 712 occulta
668 671 711 710 in
735 670 827 725 lege
853 670 1040 720 ferretur,
1067 685 1293 711 memorem
1319 685 1363 712 se
1387 671 1588 712 maiorum
1610 686 1704 712 suo-

338 748 447 782 rum,
486 748 710 774 memorem
747 733 1023 787 cognominis,
1067 733 1179 786 quod
1214 733 1358 788 populi
1394 734 1557 775 colendi
1593 735 1704 776 velut

338 795 582 836 hereditaria
606 810 704 836 cura
729 794 808 835 sibi
832 810 857 835 a
881 794 1105 836 maioribus
1137 795 1286 836 tradita
1317 802 1445 845 esset,
1486 797 1704 839 concilium

337 856 469 910 plebis
495 872 578 898 non
608 856 900 911 impediturum.
949 856 1060 897 hune
1090 857 1239 897 ducem
1272 857 1420 906 secuti,
1454 858 1704 912 nequiquam

338 918 656 961 reclamantibus
699 918 893 968 tribunis,
942 919 985 959 in
1028 919 1181 959 clivum
1218 918 1500 974 Capitolinum
1543 921 1705 975 erigunt

339 982 481 1022 aciem.
521 982 759 1037 adiungitur
783 988 823 1022 et
844 981 1082 1022 Tusculana
1105 981 1227 1036 legio.
1267 988 1422 1023 certare
1449 982 1548 1023 socii
1575 983 1706 1024 cives-

295 1058 312 1085 ὃ
339 1058 430 1096 que,
457 1045 537 1084 utri
562 1051 827 1099 recuperatae
847 1044 952 1086 areis
973 1059 1094 1085 suum
1115 1044 1240 1084 decus
1260 1037 1454 1084 facerent.
1493 1045 1579 1084 dux
1598 1051 1706 1085 uter-

340 1121 419 1158 que
447 1122 543 1147 suos
575 1107 826 1148 adhortatur.
876 1107 1080 1161 trepidare
1112 1113 1200 1146 tuln
1230 1106 1371 1147 hostes
1397 1121 1473 1147 nee
1503 1107 1575 1146 ulli
1607 1107 1706 1148 satis

340 1168 410 1217 rei,
436 1175 722 1223 praeterquam
747 1169 852 1218 loeo,
878 1169 1017 1209 fidere.
1056 1164 1356 1223 trepidantibus
1382 1169 1565 1209 inserunt
1586 1169 1704 1223 signa

340 1230 517 1272 Romani
543 1232 738 1285 sociique.
788 1232 870 1272 iam
900 1232 943 1272 in
974 1231 1224 1272 vestibulum
1256 1237 1525 1286 perruperant
1551 1231 1703 1285 templi,

340 1306 434 1332 eum
459 1293 507 1334 P.
535 1293 725 1335 Valerius
750 1294 855 1334 inter
879 1293 1079 1347 primores
1104 1308 1288 1348 pugnam
1315 1293 1425 1334 ciens
1451 1293 1703 1333 interficitur.

298 1370 314 1396 υ
343 1353 389 1394 Ρ.
417 1355 664 1396 Volumnius
691 1356 919 1396 consularis
946 1356 1047 1396 vidit
1078 1356 1305 1396 cadentem.
1354 1355 1390 1396 is
1417 1356 1512 1396 dato
1538 1355 1704 1410 negotio

281 1621 302 1647 Ι(

276 1927 309 1954 11

296 2302 314 2330 {0

342 1418 446 1467 suis,
478 1425 523 1458 ut
549 1433 697 1473 corpus
724 1418 982 1473 obtegerent,
1015 1418 1104 1472 ipse
1129 1417 1172 1457 in
1196 1417 1333 1458 locum
1370 1418 1582 1471 vicemque
1609 1432 1704 1458 con-

342 1480 441 1521 sulis
472 1481 670 1534 provolat.
719 1495 817 1534 prae
849 1480 992 1520 ardore
1024 1480 1261 1533 impetuque
1293 1487 1429 1520 tantae
1466 1480 1524 1520 rei
1556 1494 1703 1520 sensus

341 1557 423 1582 non
459 1542 645 1596 pervenit
676 1543 728 1582 ad
759 1542 947 1582 militem:
988 1542 1103 1596 prius
1142 1542 1238 1581 vicit
1275 1556 1399 1594 quam
1437 1556 1481 1583 se
1519 1557 1704 1596 pugnare

310 1606 429 1645 ›sine
465 1604 570 1644 duce
607 1604 786 1644 sentiret.
837 1604 955 1643 multi
992 1603 1159 1643 exulum
1198 1604 1323 1644 caede
1368 1619 1444 1644 sua
1484 1603 1704 1645 foedavere

341 1666 552 1721 templum,
579 1667 697 1706 multi
721 1667 805 1707 vivi
831 1667 950 1720 eapti,
978 1665 1219 1706 Herdonius
1244 1666 1498 1707 interfectus.
1541 1667 1597 1707 ita
1623 1666 1704 1707 Ca-

339 1729 528 1784 pitolium
553 1736 853 1783 recuperatum.
909 1728 960 1768 de
993 1728 1184 1782 captivis,
1223 1727 1467 1781 utquisque
1498 1728 1602 1769 liber
1633 1736 1701 1768 aut

341 1805 483 1832 servus
511 1797 632 1839 esset,
660 1804 759 1831 suae
785 1790 974 1831 fortunae
994 1804 1017 1830 a
1037 1804 1200 1843 quoque
1223 1796 1434 1843 sumptum
1455 1790 1703 1844 supplicium

339 1860 413 1902 est,
441 1852 690 1893 Tusculanis
716 1853 872 1908 gratiae
898 1859 1026 1901 actae,
1055 1851 1308 1906 Capitolium
1333 1858 1557 1907 purgatum
1582 1860 1705 1905 atque

340 1916 570 1956 lustratum.
619 1914 661 1958 in
687 1914 867 1955 consulis
894 1915 1063 1955 domum
1088 1914 1231 1968 plebes
1263 1914 1532 1967 quadrantes,
1572 1920 1616 1954 ut
1639 1913 1705 1954 fu-

338 1992 434 2018 nere
460 1977 658 2031 ampliore
685 1976 910 2026 efferretur,
937 1977 1114 2018 iactasse
1140 1976 1281 2016 fertur.

424 2038 620 2080 XVIIII.
672 2038 799 2080 Parta
822 2053 925 2094 paee
952 2039 1105 2079 instare
1131 2045 1219 2078 tum
1246 2038 1397 2079 tribuni
1422 2038 1628 2093 patribus,
1660 2046 1703 2078 ut

339 2101 466 2142 Publi
490 2101 631 2142 Valeri
656 2101 780 2142 fidem
813 2101 1092 2149 exsolverent,
1130 2100 1284 2141 instare
1311 2099 1506 2150 Claudio,
1544 2107 1590 2140 ut
1620 2100 1703 2141 col-

338 2164 457 2219 legae
494 2163 593 2204 deos
625 2178 768 2204 manes
799 2163 945 2203 fraude
981 2162 1190 2210 liberaret,
1228 2162 1297 2216 agi
1328 2162 1378 2202 de
1408 2162 1500 2217 lege
1540 2161 1702 2202 sineret.

340 2226 484 2267 consul
515 2232 736 2279 antequam
768 2225 971 2279 collegam
1003 2224 1082 2265 sibi
1121 2223 1390 2278 subrogasset
1425 2238 1578 2279 negare
1608 2238 1705 2278 pas-

341 2303 482 2330 surum
514 2288 582 2343 agi
613 2287 664 2328 de
695 2287 800 2342 lege.
850 2287 927 2327 hae
959 2294 1125 2327 tenuere
1162 2285 1446 2326 contentiones
1482 2299 1615 2338 usque
1651 2285 1703 2326 ad
1731 2317 1734 2322 .

340 2349 505 2391 comitia
541 2349 722 2390 consulis
760 2348 1027 2404 subrogandi.
1081 2347 1307 2388 Decembri
1342 2361 1484 2388 mense
1541 2362 1703 2387 summo

339 2419 502 2466 patrum
528 2411 663 2452 studio
702 2411 755 2452 L.
785 2409 1005 2464 Quinctius
1033 2409 1318 2458 Cincinnatus,
1346 2416 1461 2463 pater
1487 2407 1701 2458 Caesonis,

297 2489 314 2516 a
341 2473 484 2514 consul
520 2480 698 2522 creatur,
736 2473 807 2527 qui
842 2473 1130 2528 magistratum
1167 2472 1304 2512 statim
1336 2471 1552 2525 occiperet.
1612 2485 1704 2525 per-

341 2535 455 2576 culsa
479 2543 564 2576 erat
589 2535 744 2590 plebes,
772 2535 985 2576 consulem
1009 2534 1199 2575 habitura
1217 2533 1380 2582 iratum,
1405 2539 1615 2587 potentem
1642 2532 1702 2572 fa-

341 2612 438 2637 vore
473 2603 654 2651 patrum,
691 2597 841 2638 virtute
879 2612 972 2646 sua,
1011 2596 1141 2637 tribus
1177 2595 1336 2644 liberis,
1375 2609 1550 2648 quorum
1580 2606 1700 2633 nemo

344 2658 522 2699 Caesoni
548 2659 720 2700 cedebat
744 2659 1029 2714 magnitudine
1055 2657 1198 2706 animi,
1225 2657 1442 2698 consilium
1467 2662 1507 2696 et
1532 2654 1698 2694 modum

310 2732 318 2758 ι
344 2719 586 2769 adhibendo,
614 2720 684 2761 ubi
703 2735 768 2761 res
789 2726 991 2774 posceret,
1017 2720 1173 2773 priores
1195 2725 1322 2759 erant.
1359 2718 1395 2758 is
1421 2723 1465 2756 ut
1485 2715 1701 2769 magistra-
