1780 3204
470 257 623 292 LIBER
645 256 720 300 111,
747 256 799 290 58.
820 255 872 290 59.
901 258 949 299 [a.
965 254 1001 289 o,
1017 255 1098 298 449]
1389 245 1469 285 179

107 362 217 403 fures
243 368 462 403 nocturnos
489 375 536 402 ac
560 359 758 401 latrones!
791 359 1050 400 adverterent
1081 358 1131 399 ab
1157 359 1217 399 ira
1248 373 1470 414 parumper
1496 372 1513 400 3

107 425 159 467 ad
190 423 466 479 cognitionem
497 422 868 478 cogitationemque
905 421 1063 462 animos
1096 426 1136 461 et
1165 421 1302 475 potius
1340 436 1469 461 unum

107 493 165 528 tot
181 485 366 528 Claudiis
382 484 697 539 deprecantibus
718 483 995 524 condonarent
1014 497 1137 536 quam
1157 489 1324 537 propter
1346 483 1466 523 unius

107 549 246 591 odium
271 547 493 588 multorum
517 561 659 602 preces
685 552 1013 601 aspernarentur.
1064 560 1108 586 se
1133 559 1297 599 quoque
1329 545 1371 586 id
1395 560 1468 600 ge·
1495 561 1514 588 4

106 611 192 652 neri
217 624 265 651 ac
289 609 444 651 nomini
469 610 578 658 dare,
604 623 681 650 nec
706 623 800 650 cum
825 622 873 649 eo
897 608 940 648 in
959 607 1134 663 gratiam
1154 608 1323 657 redisse,
1351 608 1467 649 euius

106 673 303 714 adversae
328 672 517 712 fortunae
545 671 639 712 velit
667 685 920 712 succursum.
971 670 1120 710 virtute
1145 669 1378 711 libertatem
1403 685 1467 711 re-

107 740 342 789 cuperatam
373 748 483 783 esse,
522 733 738 774 clementia
773 733 1034 774 concordiam
1065 732 1254 773 ordinum
1291 732 1463 774 stabiliri

105 810 240 851 posse.
291 802 404 836 erant
429 809 532 848 quos
558 801 741 836 moveret
766 810 840 835 sua
865 794 998 848 magis
1022 794 1174 848 pietate
1199 808 1325 847 quam
1360 794 1461 843 eius,
1496 808 1514 836 5

106 874 178 913 pro
209 872 289 911 quo
320 856 487 913 agebat,
525 870 660 897 causa.
711 856 785 897 sed
809 855 1033 910 Verginius
1067 856 1132 896 sui
1161 856 1297 910 potius
1322 865 1368 896 ut
1392 856 1468 896 mi-

107 925 337 962 sererentur
361 918 503 960 orabat
526 918 728 971 filiaeque,
754 932 831 958 nec
855 918 989 973 gentis
1012 916 1212 958 Claudiae
1230 932 1404 972 regnum
1424 917 1466 958 in

106 981 269 1036 plebem
295 981 480 1030 sortitae,
520 980 593 1021 sed
618 979 943 1021 necessariorum
969 978 1211 1034 Verginiae,
1250 979 1372 1020 trium
1399 979 1467 1019 tri-

106 1044 326 1091 bunorum,
353 1056 496 1097 preces
522 1042 728 1091 audirent,
761 1042 830 1094 qui
881 1041 933 1082 ad
959 1041 1157 1081 auxilium
1181 1040 1315 1095 plebis
1341 1041 1466 1081 creati

105 1107 183 1161 ipsi
217 1105 349 1161 plebis
387 1105 510 1146 fidem
547 1111 668 1158 atque
706 1104 905 1145 auxilium
949 1103 1210 1158 implorarent.
1272 1103 1464 1143 iustiores
1492 1116 1509 1144 (J

104 1169 180 1209 hae
215 1169 406 1209 lacrimae
444 1167 698 1208 videbantur.
753 1167 890 1219 itaque
929 1180 1002 1220 spe
1037 1165 1185 1215 incisa,
1222 1165 1465 1219 priusquam

103 1231 287 1285 prodicta
311 1229 397 1270 dies
423 1229 598 1278 adesset,
626 1228 791 1282 Appius
817 1234 991 1268 mortem
1017 1227 1095 1268 sibi
1121 1227 1332 1268 conscivit.

190 1291 378 1333 Subinde
404 1296 589 1345 arreptus
622 1306 646 1331 a
669 1289 718 1330 P.
743 1284 975 1330 Numitorio
1003 1288 1076 1344 Sp.
1106 1287 1291 1344 Oppius,
1329 1290 1466 1344 proxi—
1494 1304 1509 1331 7

102 1368 192 1393 mus
218 1353 407 1401 invidiae,
434 1352 546 1405 quod
570 1352 612 1392 in
637 1351 737 1392 urbe
764 1351 909 1401 fuerat,
937 1366 1032 1392 eum
1056 1351 1233 1392 iniustae
1258 1352 1466 1392 vindiciae

104 1430 128 1455 a
170 1414 327 1469 collega
371 1414 614 1454 dicerentur.
674 1413 768 1468 plus
811 1420 949 1454 tamen
985 1413 1096 1454 sacta
1137 1413 1285 1455 iniuria
1325 1412 1466 1468 Oppio
1493 1429 1511 1455 s

101 1492 226 1531 quam
256 1491 338 1517 non
368 1475 574 1531 prohibita
598 1476 776 1517 invidiae
803 1476 912 1517 fecit.
963 1476 1080 1517 testis
1111 1476 1356 1530 productus,
1395 1476 1466 1529 qui

102 1545 258 1594 septem
284 1545 323 1579 et
347 1538 493 1594 viginti
518 1539 766 1580 enumeratis
794 1538 1009 1593 stipendiis
1036 1539 1192 1580 octiens
1218 1544 1334 1579 extra
1359 1538 1467 1579 ordi-

102 1616 195 1642 nem
214 1602 388 1643 donatus
409 1602 598 1655 donaque
619 1616 667 1642 ea
685 1616 833 1656 gerens
848 1601 890 1641 in
910 1607 1135 1655 conspectu
1153 1601 1308 1655 populi,
1337 1600 1467 1641 scissa

101 1670 215 1704 veste
241 1670 402 1718 tergum
421 1664 647 1704 laceratum
666 1663 794 1718 virgis
814 1663 1005 1712 ostendit,
1032 1663 1206 1704 nihilum
1225 1663 1464 1716 deprecans,

102 1725 220 1777 quin,
259 1725 295 1765 si
319 1739 444 1778 quam
470 1740 587 1766 suam
612 1741 763 1766 noxam
788 1740 883 1766 reus
915 1725 1050 1766 dicere
1082 1731 1243 1779 posset,
1280 1724 1465 1778 privatus

103 1786 250 1826 iterum
274 1786 316 1826 in
341 1801 384 1827 se
417 1787 603 1828 saeviret.
655 1786 820 1841 Oppius
852 1801 1016 1840 quoque
1047 1787 1195 1827 ductus
1227 1786 1270 1826 in
1300 1785 1466 1825 vincula
1491 1800 1509 1828 9

104 1854 165 1889 est
190 1854 230 1888 et
254 1854 346 1888 ante
370 1848 510 1889 iudicii
535 1849 643 1889 diem
661 1848 786 1889 finem
805 1848 862 1889 ibi
881 1848 989 1889 vitae
1008 1847 1118 1888 fecit.
1171 1847 1280 1888 bona
1301 1846 1466 1888 Claudii
1497 1860 1534 1889 10

106 1907 316 1963 Oppiique
336 1909 487 1950 tribuni
506 1909 779 1964 publicavere.
829 1909 1012 1964 collegae
1038 1924 1179 1950 eorum
1205 1909 1316 1949 exilii
1341 1923 1467 1950 causa

106 1971 239 2012 solum
263 1978 482 2020 verterunt,
509 1971 618 2012 bona
640 1972 850 2026 publicata
875 1978 981 2013 sunt.
1019 1978 1060 2012 et
1083 1971 1145 2012 M.
1167 1970 1369 2013 Claudius
1395 1971 1467 2012 ad-

106 2039 236 2074 sertor
259 2033 481 2088 Verginiae
506 2034 571 2074 die
597 2034 706 2075 dicta
730 2034 963 2083 damnatus,
990 2034 1080 2088 ipso
1104 2034 1336 2074 remittente
1360 2032 1465 2074 Ver-

105 2095 216 2150 ginio
247 2095 434 2136 ultimam
470 2110 645 2150 poenam
683 2096 898 2145 dimissus,
937 2095 1069 2136 Tibur
1104 2096 1315 2136 exulatum
1346 2094 1462 2136 abiit:

107 2171 329 2210 manesque
354 2156 596 2212 Verginiae,
634 2163 818 2198 mortuae
849 2172 973 2211 quam
1004 2158 1122 2198 vivae
1147 2157 1360 2207 felicioris,
1393 2171 1529 2211 per'n

106 2225 164 2259 tot
188 2219 331 2259 domos
358 2219 410 2259 ad
434 2219 633 2273 petendas
658 2234 812 2273 poenas
838 2219 994 2274 vagati,
1032 2219 1144 2260 nullo
1174 2219 1316 2260 relicto
1349 2225 1465 2260 sonte

107 2280 272 2320 tandem
297 2280 552 2333 quieverunt.

190 2340 378 2382 LVIIII.
416 2342 570 2397 Ingens
591 2350 725 2384 metus
744 2343 968 2384 incesserat
986 2349 1123 2397 patres
1143 2343 1364 2396 vultusque
1383 2342 1464 2383 iam
1492 2357 1507 2386 1

105 2404 198 2444 inde
223 2403 479 2445 tribunorum
498 2411 624 2454 erant,
651 2406 721 2459 qui
740 2405 1067 2446 decemvirorum
1086 2405 1262 2454 fuerant,
1289 2419 1381 2446 eum
1401 2403 1463 2445 M.

104 2465 286 2507 Duillius
318 2466 503 2508 tribunus
535 2467 666 2522 plebis
703 2467 876 2508 inhibito
915 2467 1132 2508 salubriter
1161 2467 1284 2509 modo
1314 2467 1465 2508 nimiae

103 2528 296 2582 potestati
334 2532 393 2569 ‘et
427 2528 642 2570 libertatis’
678 2530 810 2583 inquit
848 2533 1030 2570 ‘nostrae
1069 2537 1109 2570 et
1150 2544 1378 2584 poenarum
1414 2544 1464 2570 cx
1490 2543 1508 2571 2

103 2589 278 2630 inimicis
305 2590 403 2631 satis
430 2597 503 2632 est.
552 2591 689 2645 itaque
713 2591 792 2632 hoc
817 2606 922 2632 anno
941 2606 1017 2632 nec
1041 2591 1150 2632 diem
1172 2591 1252 2632 dici
1272 2591 1464 2645 cuiquam

104 2666 179 2692 nec
203 2652 244 2692 in
269 2652 405 2693 vincla
429 2653 523 2693 duci
547 2668 799 2706 quemquam
825 2668 916 2693 sum
947 2668 1160 2708 passurus.
1209 2669 1305 2694 nam
1330 2667 1464 2707 neque
1489 2667 1507 2696 3

105 2719 241 2755 vetera
259 2722 428 2768 peccata
446 2715 575 2770 repeti
600 2716 681 2756 iam
707 2714 939 2756 oblitterata
964 2716 1115 2770 placet,
1143 2731 1237 2756 cum
1262 2730 1369 2756 nova
1394 2730 1464 2755 ex-

1164 2792 1230 2825 12*
