1780 3204
534 260 688 294 121ssssss
713 260 758 305 v,
784 259 815 294 5.
835 260 865 294 ss.
894 262 941 304 [a.
957 259 1091 303 C.403]
1406 250 1485 291 257

140 372 252 415 sunt,
279 365 447 415 tribuni,
474 364 643 406 consilia
668 371 821 414 vestra,
853 379 935 405 non
960 363 1123 405 hercule
1148 363 1363 405 dissimilia
1385 378 1433 405 ac
1458 364 1492 404 si

140 428 210 481 qui
241 442 382 483 aegro,
420 427 491 481 qui
521 427 653 468 curari
685 441 728 467 se
759 426 915 467 fortiter
939 441 1088 481 passus
1114 426 1319 481 extemplo
1344 440 1494 468 conva-

139 489 291 531 lescere
321 489 470 544 possit,
509 488 588 529 cibi
618 488 749 543 gratia
778 488 1005 542 praesentis
1037 494 1106 530 aut
1128 488 1307 542 potionis
1333 487 1494 543 longin-

140 566 268 605 quum
294 558 334 591 et
358 551 529 592 forsitan
554 550 824 591 insanabilem
848 549 1038 591 morbum
1063 549 1226 591 efficiat.

225 612 301 654 VI.
358 611 423 662 Si,
455 627 520 653 me
545 612 637 653 dius
662 612 803 661 fidius,
836 612 888 652 ad
911 611 989 653 hoc
1013 611 1167 652 bellum
1192 611 1293 652 nihil
1316 612 1495 667 pertine-

139 680 217 724 ret,
255 674 308 715 ad
337 674 594 728 disciplinam
626 681 732 714 certe
757 673 924 714 militiae
948 673 1169 728 plurimum
1195 673 1402 724 intererat,
1434 674 1496 715 in-

143 751 330 777 suescere
361 735 531 776 militem
560 742 746 776 nostrum
775 750 858 776 non
889 735 1021 775 solum
1050 741 1168 790 parta
1198 735 1366 777 victoria
1401 735 1494 786 frui,

143 799 231 847 sed,
260 799 294 839 si
319 798 440 839 ctiam
465 813 529 838 res
549 797 695 838 lentior
715 797 785 847 sit,
810 797 896 851 pati
916 797 1095 838 taedium
1115 803 1154 838 et.
1173 798 1361 851 quamvis
1382 812 1495 839 serae

144 861 230 915 spei
261 860 415 901 exitum
446 867 682 914 exspectare
714 865 770 908 et,
809 859 844 900 si
873 874 954 900 non
991 858 1042 900 sit
1077 865 1230 899 aestate
1265 859 1496 914 perfectum

143 922 313 971 bellum,
350 921 527 962 hiemem
558 921 734 975 opperiri
763 935 838 961 nec
872 920 976 961 sicut
1012 920 1188 961 aestivas
1226 935 1323 962 aves
1360 921 1497 962 statim

145 990 340 1024 autumno
372 989 478 1023 tecta
507 997 554 1023 ac
586 996 794 1022 recessum
826 981 1151 1036 circumspicere.
1201 981 1372 1023 obsecro
1408 997 1495 1032 vos,

143 1045 320 1086 venandi
345 1044 523 1085 studium
550 1058 597 1084 ac
622 1043 810 1098 voluptas
830 1043 1016 1083 homines
1036 1058 1109 1097 per
1127 1043 1243 1083 nives
1263 1058 1311 1084 ac
1328 1043 1496 1098 pruinas

142 1108 183 1147 in
207 1113 366 1147 montes
393 1106 598 1158 silvasque
617 1105 740 1159 rapit:
767 1105 863 1145 belli
886 1104 1200 1145 necessitatibus
1227 1119 1317 1145 eam
1341 1105 1499 1159 patien-

142 1169 240 1209 tiam
266 1184 347 1209 non
371 1167 674 1215 adhibebimus,
702 1180 825 1219 quam
844 1166 910 1206 vel
928 1166 1043 1206 lusus
1064 1180 1111 1206 ac
1136 1166 1326 1220 voluptas
1353 1166 1498 1207 elicere

144 1230 269 1271 solet?
304 1230 458 1270 adeone
484 1228 718 1268 effeminata
743 1242 912 1282 corpora
936 1227 1110 1267 militum
1141 1234 1374 1268 nostrorum
1406 1243 1498 1269 esse

141 1298 352 1346 putamus,
379 1290 481 1330 adeo
506 1289 649 1330 molles
675 1289 853 1339 animos,
880 1295 925 1329 ut
943 1289 1121 1329 hiemem
1141 1304 1264 1330 unam
1285 1289 1431 1330 durare
1456 1291 1499 1330 in

142 1352 304 1401 eastris,
332 1351 477 1392 abesse
503 1351 554 1392 ab
581 1352 702 1392 domo
727 1366 810 1392 non
833 1352 1018 1406 possint?
1048 1358 1093 1392 ut
1117 1358 1328 1406 tamquam
1353 1353 1498 1394 navale

141 1414 293 1455 bellum
313 1413 624 1468 tempestatibus
645 1414 858 1468 captandis
880 1420 919 1455 et
932 1413 1191 1456 observando
1206 1421 1389 1469 tempore
1403 1416 1499 1456 anni

140 1483 299 1532 gerant,
334 1491 415 1516 non
441 1483 597 1525 aestus,
631 1492 712 1517 non
738 1477 893 1531 frigora
921 1477 1007 1531 pati
1035 1477 1220 1532 possint?
1256 1477 1497 1518 crubescant

140 1538 343 1592 profecto,
377 1538 411 1579 si
436 1538 527 1591 quis
554 1538 613 1579 eis
638 1538 740 1579 haec
766 1538 934 1588 obiciat,
967 1539 1316 1592 contendantque,
1349 1545 1389 1580 et
1414 1540 1500 1580 ani-

140 1600 217 1641 mis
244 1607 283 1641 et
308 1600 546 1655 corporibus
573 1601 657 1641 suis
677 1600 835 1641 virilem
852 1601 1090 1655 patientiam
1109 1601 1245 1642 inesse
1266 1608 1305 1642 et
1325 1616 1368 1642 se
1386 1601 1501 1642 iuxta

141 1662 275 1702 hieme
300 1669 421 1715 atque
447 1668 602 1703 aestate
627 1662 734 1703 bella
758 1677 901 1718 gerere
925 1678 1049 1717 posse
1068 1677 1143 1704 nec
1165 1678 1208 1704 se
1227 1663 1499 1717 patrocinium

142 1723 336 1764 mollitiae
354 1724 605 1776 inertiaeque
624 1724 845 1765 mandasse
864 1724 1037 1765 tribunis
1059 1730 1098 1764 et
1117 1724 1366 1773 meminisse,
1393 1723 1499 1764 hanc

143 1785 276 1838 ipsam
300 1791 545 1838 potestatem
569 1799 651 1825 non
675 1786 717 1825 in
742 1785 886 1826 umbra
911 1800 986 1826 nec
1006 1786 1183 1826 intectis
1205 1785 1379 1826 maiores
1400 1800 1497 1826 suos

147 1859 323 1886 creasse.
377 1846 479 1886 haec
509 1846 658 1886 virtute
688 1847 863 1886 militum
894 1853 1142 1896 vestrorum,
1180 1847 1282 1887 haec
1311 1847 1500 1888 Romano

147 1907 309 1947 nomine
336 1913 430 1947 sunt
455 1907 597 1961 digna,
624 1922 706 1948 non
723 1907 851 1949 Veios
877 1915 1036 1949 tantum
1060 1923 1135 1949 nec
1161 1908 1238 1949 hoc
1263 1908 1417 1949 bellum
1440 1909 1502 1949 in-

146 1968 267 2016 tueri,
299 1968 410 2020 quod
433 1968 575 2017 instat,
610 1969 683 2009 sed
706 1969 860 2009 famam
885 1970 938 2010 ad
963 1970 1043 2011 alia
1066 1970 1174 2011 bella
1198 1977 1237 2010 et
1261 1970 1314 2011 ad
1344 1977 1500 2012 ceteros

146 2030 321 2084 populos
357 2030 400 2069 in
434 2036 644 2084 posterum
679 2044 886 2083 quaerere.
947 2047 999 2072 an
1041 2032 1245 2073 mediocre
1282 2032 1500 2073 discrimen

148 2092 349 2146 opinionis
376 2098 610 2132 secuturum
637 2106 688 2132 ex
712 2092 789 2133 hac
812 2107 855 2133 re
874 2093 1047 2147 putatis,
1073 2100 1209 2134 utrum
1228 2094 1394 2135 tandem
1412 2095 1503 2135 fini-

148 2154 250 2194 tumi
279 2153 476 2208 populum
501 2153 734 2194 Romanum
766 2169 860 2195 eum
891 2169 981 2195 esse
1012 2161 1174 2209 putent,
1207 2155 1322 2196 cuius
1355 2156 1390 2196 si
1419 2149 1501 2210 qua

150 2215 246 2256 urbs
276 2216 453 2270 primum
483 2216 598 2256 illum
628 2215 859 2258 brevissimi
891 2218 1084 2272 temporis
1112 2218 1349 2258 sustinuerit
1372 2219 1501 2273 impe-

149 2283 301 2331 petum,
326 2277 427 2317 nihil
446 2278 592 2318 deinde
613 2278 770 2318 timeat:
797 2294 848 2319 an
866 2279 932 2319 hic
952 2279 1001 2320 sit
1022 2285 1149 2320 terror
1168 2280 1343 2320 nominis
1357 2281 1497 2331 nostri,

150 2346 194 2379 ut
214 2339 435 2379 exereitum
455 2339 689 2379 Romanum
708 2355 790 2381 non
810 2341 990 2381 taedium
1014 2341 1262 2396 longinquae
1288 2356 1502 2398 oppugna-

150 2400 290 2449 tionis,
316 2415 398 2440 non
422 2400 484 2440 vis
510 2400 654 2441 hiemis
681 2401 732 2442 ab
760 2401 858 2443 urbe
878 2402 1148 2443 circumsessa
1168 2402 1293 2443 semel
1312 2418 1502 2445 amovere

150 2463 281 2518 possit
305 2477 381 2503 nec
405 2462 526 2503 finem
552 2463 677 2503 ullum
705 2464 830 2504 alium
855 2464 951 2505 belli
970 2479 1093 2518 quam
1113 2465 1323 2506 victoriam
1343 2466 1502 2507 noverit

150 2539 226 2565 nec
250 2525 405 2578 impetu
429 2525 566 2579 potius
591 2524 698 2566 bella
723 2540 846 2579 quam
876 2527 1181 2580 perseverantia
1211 2527 1350 2582 gerat?
1396 2541 1501 2581 quae

151 2587 194 2626 in
219 2587 329 2627 omni
354 2587 519 2639 quidem
544 2601 692 2641 genere
723 2588 909 2637 militiae,
947 2589 1124 2629 maxime
1156 2595 1292 2630 tamen
1321 2589 1363 2629 in
1394 2589 1503 2631 obsi-

152 2648 296 2688 dendis
322 2648 492 2689 urbibus
518 2649 749 2690 necessaria
774 2657 853 2698 est,
880 2664 1052 2702 quarum
1072 2650 1286 2704 plerasque
1311 2651 1502 2692 munitio-

153 2709 271 2751 nibus
298 2725 344 2751 ac
369 2711 542 2751 naturali
568 2711 647 2751 situ
673 2711 1013 2767 inexpugnabiles
1039 2712 1147 2753 fame
1173 2713 1320 2767 sitique
1339 2720 1499 2769 tempus
1544 2709 1552 2719 '

223 2787 285 2813 Liri
305 2787 356 2813 vol.
374 2787 393 2813 1.
1231 2779 1272 2813 17

1521 811 1540 840 10

1524 1245 1543 1273 4

1524 1492 1542 1520 5

1527 1861 1545 1891 6

1527 2047 1544 2076 7

1527 2542 1544 2571 9
