1835 3226
291 528 329 556 15

290 714 326 742 112·

312 2203 328 2231 ἶ)

355 218 438 259 406
700 223 854 257 LIBER
878 223 989 268 Vm,
1015 223 1047 257 8.
1066 223 1097 257 9.
1124 225 1222 266 [a.u.
1239 224 1366 268 0.414]

355 328 519 369 milibus
549 326 753 381 peditum,
791 325 997 379 equitibus
1028 325 1071 366 in
1101 326 1285 381 singulas
1309 326 1492 381 legiones
1518 330 1704 370 trecenis.

355 390 526 430 alterum
563 395 722 429 tantum
758 402 810 428 cx
844 388 998 428 Latino
1035 387 1187 428 dilectu
1227 388 1496 438 adiciebatur,
1546 390 1616 442 qui
1657 405 1706 432 ea

354 457 597 505 tempestate
632 450 773 491 hostes
810 457 925 491 erant
954 450 1174 499 Romanis,
1212 450 1437 504 eodemque
1470 451 1610 492 ordine
1646 452 1707 492 in—

355 519 587 554 struxerant
617 512 759 553 aciem.
819 526 895 552 nec
925 512 1076 552 vexilla
1106 527 1198 552 cum
1223 512 1384 554 vexillis
1409 519 1585 563 tantum,
1616 514 1707 554 uni-

353 576 461 616 versi
484 574 635 616 hastati
659 589 754 615 cum
777 574 971 624 hastatis,
995 575 1201 629 principes
1221 589 1315 616 cum
1334 575 1606 630 principibus,
1634 576 1708 617 scd

353 637 537 678 centurio
567 651 730 691 quoque
762 651 857 678 cum
887 637 1143 686 centurione,
1183 637 1218 678 si
1248 638 1411 678 ordines
1442 637 1594 679 turbati
1623 650 1707 678 non

353 706 510 749 essent,
537 699 862 741 concurrendum
889 699 967 740 sibi
992 714 1083 740 esse
1109 699 1276 741 sciebat.
1320 700 1402 741 duo
1422 700 1541 755 primi
1559 700 1630 755 pili
1656 715 1708 741 ex

353 768 524 815 utraque
555 762 641 803 acie
665 762 771 803 inter
795 762 954 803 triarios
981 768 1112 811 erant,
1143 762 1357 803 Romanus
1384 776 1553 816 corpore
1578 762 1708 803 haud-

353 838 560 877 quaquam
591 824 689 865 satis
720 824 901 874 validus,
939 831 1120 865 ceterum
1152 831 1341 865 strenuus
1373 825 1435 865 vir
1469 825 1707 879 peritusque

353 886 540 936 militiae,
565 887 743 927 Latinus
764 886 918 928 viribus
939 887 1085 942 ingens
1106 887 1358 940 bellatorque
1378 887 1553 941 primus,
1579 887 1708 928 notis-

354 949 446 989 simi
470 949 578 990 inter
603 963 666 999 se,
698 949 794 1002 quia
817 963 938 1003 pares
971 964 1132 1004 semper
1162 949 1324 990 ordines
1356 950 1568 990 duxerant.
1622 949 1708 991 Ro-

353 1026 476 1052 mano
510 1011 610 1052 haut
647 1011 745 1052 satis
782 1011 923 1051 fidenti
958 1011 1115 1052 viribus
1151 1012 1233 1052 iam
1263 1011 1422 1052 Romae
1458 1012 1706 1066 permissum

353 1080 439 1114 erat
469 1073 521 1114 ab
553 1073 811 1122 consulibus,
849 1081 893 1114 ut
925 1073 1285 1115 subcenturionem
1317 1073 1395 1115 sibi
1425 1088 1549 1127 quem
1584 1073 1707 1115 vellet

352 1135 524 1190 legeret,
556 1136 626 1189 qui
651 1142 850 1176 tutaretur
874 1151 968 1177 eum
994 1136 1045 1178 ab
1070 1152 1152 1178 uno
1178 1137 1381 1178 destinato
1406 1136 1535 1178 hoste.
1589 1137 1707 1190 isque

352 1197 511 1238 iuvenis
547 1197 589 1237 in
625 1197 711 1238 acie
747 1197 909 1239 oblatus
947 1213 997 1239 ex
1033 1199 1270 1240 centurione
1305 1199 1460 1240 Latino
1494 1199 1705 1240 victoriam

354 1259 456 1300 tulit.
516 1266 746 1314 pugnatum
771 1267 833 1300 cst
856 1260 967 1300 haud
992 1261 1135 1314 procul
1159 1260 1366 1302 radicibus
1392 1259 1566 1302 Vesuvii
1590 1275 1706 1301 mon-

353 1321 424 1370 tis,
450 1335 532 1374 qua
555 1321 623 1362 via
647 1321 700 1361 ad
724 1320 915 1362 Veserim
939 1320 1110 1362 ferebat.

438 1382 584 1423 VIIII.
616 1382 792 1424 Romani
812 1383 1000 1425 consules
1019 1384 1258 1438 priusquam
1278 1384 1495 1425 educerent
1515 1383 1556 1423 in
1576 1383 1705 1424 aciem

353 1445 681 1486 immolaverunt.
740 1445 874 1487 Decio
917 1454 1039 1500 caput
1080 1446 1268 1487 iocineris
1307 1462 1328 1487 a
1366 1446 1555 1486 familiari
1591 1453 1705 1500 parte

354 1522 520 1548 caesum
545 1507 752 1561 haruspex
777 1508 923 1548 dicitur
948 1508 1197 1548 ostendisse:
1230 1508 1381 1561 alioqui
1407 1514 1616 1562 acceptam
1641 1507 1705 1547 dis

354 1569 531 1609 hostiam
552 1583 662 1618 csse,
689 1568 894 1609 Manlium
914 1570 1079 1624 egregie
1097 1569 1250 1610 litasse.
1284 1570 1415 1623 ‘atqui
1434 1569 1536 1611 bene
1556 1569 1705 1618 habet,'

354 1630 485 1684 inquit
509 1630 668 1672 Decius
696 1631 750 1672 ‘si
775 1630 827 1672 ab
853 1631 1012 1685 collega
1036 1631 1195 1672 litatum
1221 1631 1307 1672 est.’
1348 1632 1575 1680 instructis,
1602 1632 1706 1672 sicut

354 1700 448 1733 ante
473 1693 627 1733 dictum
654 1700 734 1742 est,
766 1693 976 1734 ordinibus
1002 1708 1240 1747 processere
1264 1693 1307 1733 in
1332 1693 1473 1734 aciem.
1521 1693 1705 1734 Manlius

354 1755 517 1804 dextro,
542 1754 701 1797 Decius
726 1755 845 1796 laevo
871 1770 996 1796 cornu
1021 1762 1219 1810 praeerat.
1256 1755 1388 1810 primo
1412 1755 1615 1808 utrimque
1640 1770 1707 1796 ac-

355 1817 446 1870 quis
489 1816 664 1866 viribus,
715 1818 858 1859 eodem
895 1818 1038 1858 ardore
1076 1818 1307 1858 animorum
1341 1816 1588 1872 gerebantur
1622 1832 1707 1866 res3

354 1879 501 1920 deinde
527 1879 578 1921 ab
609 1879 730 1921 laevo
761 1894 888 1921 cornu
918 1879 1069 1921 hastati
1094 1880 1288 1929 Romani,
1326 1895 1409 1920 non
1439 1879 1616 1920 ferentes
1647 1879 1709 1918 in-

354 1942 609 1996 pressionem
634 1942 900 1991 Latinorum,
933 1957 976 1983 se
1002 1943 1054 1983 ad
1078 1943 1283 1997 principes
1308 1956 1510 1996 recepere.
1565 1942 1607 1982 in
1631 1941 1708 1981 hac

355 2004 625 2058 trepidatione
650 2003 808 2046 Decius
841 2005 983 2046 consul
1009 2004 1070 2045 M.
1097 2004 1310 2046 Valerium
1341 2019 1492 2059 magna
1521 2018 1621 2045 voce
1647 2003 1708 2043 in-

355 2065 521 2107 clamat:
555 2066 759 2108 ‘deorum’
784 2067 915 2120 inquit
941 2071 1055 2122 ‘ope,
1081 2066 1240 2116 Valeri,
1273 2082 1376 2122 opus
1403 2074 1483 2107 est:
1516 2066 1707 2120 agedum,

353 2128 541 2182 pontifex
565 2128 755 2183 publicus
781 2129 922 2183 populi
941 2129 1136 2178 Romani,
1162 2129 1274 2183 praei
1299 2128 1441 2177 verba,
1468 2127 1617 2181 quibus
1643 2142 1709 2168 me

354 2205 428 2244 pro
457 2190 690 2246 legionibus
722 2191 973 2232 devoveam?
1021 2191 1207 2246 pontifex
1239 2206 1333 2232 eum
1358 2198 1496 2245 togam
1522 2196 1709 2244 praetex-

355 2259 439 2293 tam
465 2267 626 2295 sumere
650 2253 771 2294 iussit
795 2259 835 2294 et
859 2253 993 2294 velato
1018 2254 1169 2308 capite,
1196 2268 1320 2294 manu
1339 2252 1480 2294 subter
1498 2258 1637 2306 togam
1657 2251 1709 2291 ad

354 2321 539 2355 mentum
570 2322 732 2356 exserta
762 2330 886 2370 super
916 2315 1040 2356 telum
1074 2315 1303 2356 subiectum
1328 2314 1504 2370 pedibus
1531 2319 1708 2354 stantem

317 2388 334 2417 6
361 2377 420 2417 sic
445 2377 597 2418 dicere:
625 2376 761 2427 ‘Iane,
787 2377 985 2432 Iuppiter,
1011 2376 1128 2418 Mars
1149 2384 1274 2432 pater,
1304 2376 1494 2430 Quirine,
1520 2375 1707 2423 Bellona,

315 2574 330 2602 7

359 2439 510 2489 Lares,
537 2440 621 2481 divi
640 2440 903 2490 Novensiles,
930 2441 970 2481 di
990 2441 1220 2495 Indigetes,
1248 2440 1331 2481 divi
1350 2455 1524 2494 quorum
1550 2446 1612 2480 est
1635 2452 1709 2492 po-

357 2509 482 2543 testas
514 2509 745 2544 nostrorum
777 2503 1059 2556 hostiumque,
1091 2503 1228 2556 diique
1253 2517 1413 2551 manes,
1446 2516 1520 2542 vos
1551 2514 1706 2555 precor,

356 2577 538 2614 veneror,
565 2565 727 2606 veniam
752 2572 848 2620 peto
873 2565 1061 2619 feroque,
1094 2565 1153 2605 uti
1178 2564 1330 2619 populo
1355 2564 1544 2605 Romano
1570 2561 1708 2614 Quiri—

357 2625 459 2665 tium
484 2627 586 2676 vim,
613 2627 825 2668 victoriam
851 2628 1099 2682 prosperetis
1125 2627 1345 2680 hostesque
1370 2626 1510 2681 populi
1531 2622 1705 2665 Romani

314 2699 332 2723 s
359 2685 580 2737 Quiritium
617 2696 785 2739 terrore,
828 2689 1046 2731 formidine
1083 2696 1293 2743 morteque
1330 2688 1541 2730 adficiatis.
1602 2685 1705 2725 sicut
