<?xml version="1.0" encoding="UTF-8"?>
<!DOCTYPE html PUBLIC "-//W3C//DTD XHTML 1.0 Transitional//EN"
    "http://www.w3.org/TR/xhtml1/DTD/xhtml1-transitional.dtd">
<html xmlns="http://www.w3.org/1999/xhtml" xml:lang="en" lang="en">
 <head>
  <title>
</title>
<meta http-equiv="Content-Type" content="text/html;charset=utf-8" />
  <meta name='ocr-system' content='tesseract 3.04.00' />
  <meta name='ocr-capabilities' content='ocr_page ocr_carea ocr_par ocr_line ocrx_word'/>
</head>
<body>
  <div class='ocr_page' id='page_1' title='image "./aburbeconditalib01livyuoft_0491.png"; bbox 0 0 1780 3204; ppageno 0'>
   <div class='ocr_carea' id='block_1_1' title="bbox 494 244 1483 300">
    <p class='ocr_par' dir='ltr' id='par_1_1' title="bbox 494 244 1483 300">
     <span class='ocr_line' id='line_1_1' title="bbox 494 244 1483 300; baseline -0.008 -8"><span class='ocrx_word' id='word_1_1' title='bbox 494 257 646 292; x_wconf 83' lang='lat' dir='ltr'><strong>LIBER</strong></span> <span class='ocrx_word' id='word_1_2' title='bbox 670 256 742 300; x_wconf 74' lang='lat' dir='ltr'>vi,</span> <span class='ocrx_word' id='word_1_3' title='bbox 770 255 822 289; x_wconf 82' lang='lat'>14.</span> <span class='ocrx_word' id='word_1_4' title='bbox 844 255 897 288; x_wconf 79' lang='lat'>15.</span> <span class='ocrx_word' id='word_1_5' title='bbox 924 257 973 298; x_wconf 75' lang='lat' dir='ltr'>[a.</span> <span class='ocrx_word' id='word_1_6' title='bbox 989 253 1027 288; x_wconf 86' lang='grc'>0.</span> <span class='ocrx_word' id='word_1_7' title='bbox 1042 254 1124 298; x_wconf 73' lang='lat'>385]</span> <span class='ocrx_word' id='word_1_8' title='bbox 1401 244 1483 284; x_wconf 77' lang='lat'>319</span> 
     </span>
    </p>
   </div>
   <div class='ocr_carea' id='block_1_2' title="bbox 127 357 1490 1471">
    <p class='ocr_par' dir='ltr' id='par_1_2' title="bbox 131 357 1486 474">
     <span class='ocr_line' id='line_1_2' title="bbox 131 357 1486 419; baseline -0.007 -13"><span class='ocrx_word' id='word_1_9' title='bbox 131 365 418 419; x_wconf 85' lang='lat' dir='ltr'>quodcumque</span> <span class='ocrx_word' id='word_1_10' title='bbox 450 361 528 404; x_wconf 88' lang='lat' dir='ltr'>sibi</span> <span class='ocrx_word' id='word_1_11' title='bbox 558 376 652 402; x_wconf 90' lang='lat' dir='ltr'>cum</span> <span class='ocrx_word' id='word_1_12' title='bbox 682 360 832 415; x_wconf 85' lang='lat' dir='ltr'>patria,</span> <span class='ocrx_word' id='word_1_13' title='bbox 869 358 1086 414; x_wconf 83' lang='lat' dir='ltr'>penatibus</span> <span class='ocrx_word' id='word_1_14' title='bbox 1118 357 1293 413; x_wconf 79' lang='lat' dir='ltr'>publicis</span> <span class='ocrx_word' id='word_1_15' title='bbox 1325 372 1371 399; x_wconf 90' lang='lat' dir='ltr'>ac</span> <span class='ocrx_word' id='word_1_16' title='bbox 1403 357 1486 412; x_wconf 89' lang='lat' dir='ltr'>pri-</span> 
     </span>
     <span class='ocr_line' id='line_1_3' title="bbox 132 421 1133 474; baseline -0.007 -6"><span class='ocrx_word' id='word_1_17' title='bbox 132 428 235 468; x_wconf 77' lang='lat' dir='ltr'>vatis</span> <span class='ocrx_word' id='word_1_18' title='bbox 260 426 359 467; x_wconf 87' lang='lat' dir='ltr'>iuris</span> <span class='ocrx_word' id='word_1_19' title='bbox 384 425 518 474; x_wconf 85' lang='lat' dir='ltr'>fuerit,</span> <span class='ocrx_word' id='word_1_20' title='bbox 545 424 587 464; x_wconf 89' lang='lat' dir='ltr'>id</span> <span class='ocrx_word' id='word_1_21' title='bbox 612 438 705 464; x_wconf 91' lang='lat' dir='ltr'>cum</span> <span class='ocrx_word' id='word_1_22' title='bbox 731 437 812 463; x_wconf 89' lang='lat' dir='ltr'>uno</span> <span class='ocrx_word' id='word_1_23' title='bbox 838 421 1003 462; x_wconf 88' lang='lat' dir='ltr'>homine</span> <span class='ocrx_word' id='word_1_24' title='bbox 1029 436 1133 462; x_wconf 88' lang='lat' dir='ltr'>esse.</span> 
     </span>
    </p>

    <p class='ocr_par' dir='ltr' id='par_1_3' title="bbox 130 482 1488 899">
     <span class='ocr_line' id='line_1_4' title="bbox 215 482 1485 539; baseline -0.006 -10"><span class='ocrx_word' id='word_1_25' title='bbox 215 489 296 529; x_wconf 92' lang='lat' dir='ltr'>His</span> <span class='ocrx_word' id='word_1_26' title='bbox 326 487 497 528; x_wconf 73' lang='lat' dir='ltr'>vocibus</span> <span class='ocrx_word' id='word_1_27' title='bbox 527 486 720 527; x_wconf 86' lang='lat' dir='ltr'>instincta</span> <span class='ocrx_word' id='word_1_28' title='bbox 749 483 891 539; x_wconf 87' lang='lat' dir='ltr'>plebes</span> <span class='ocrx_word' id='word_1_29' title='bbox 924 498 1017 524; x_wconf 90' lang='lat' dir='ltr'>cum</span> <span class='ocrx_word' id='word_1_30' title='bbox 1049 483 1130 524; x_wconf 88' lang='lat' dir='ltr'>iam</span> <span class='ocrx_word' id='word_1_31' title='bbox 1155 483 1276 523; x_wconf 87' lang='lat' dir='ltr'>unius</span> <span class='ocrx_word' id='word_1_32' title='bbox 1308 482 1485 523; x_wconf 89' lang='lat' dir='ltr'>hominis</span> 
     </span>
     <span class='ocr_line' id='line_1_5' title="bbox 132 545 1488 600; baseline -0.005 -8"><span class='ocrx_word' id='word_1_33' title='bbox 132 558 258 600; x_wconf 89' lang='lat' dir='ltr'>esset,</span> <span class='ocrx_word' id='word_1_34' title='bbox 296 550 434 590; x_wconf 84' lang='lat' dir='ltr'>addita</span> <span class='ocrx_word' id='word_1_35' title='bbox 458 549 537 589; x_wconf 88' lang='lat' dir='ltr'>alia</span> <span class='ocrx_word' id='word_1_36' title='bbox 562 547 837 588; x_wconf 87' lang='lat' dir='ltr'>commotioris</span> <span class='ocrx_word' id='word_1_37' title='bbox 863 546 916 587; x_wconf 90' lang='lat' dir='ltr'>ad</span> <span class='ocrx_word' id='word_1_38' title='bbox 941 546 1077 587; x_wconf 85' lang='lat' dir='ltr'>omnia</span> <span class='ocrx_word' id='word_1_39' title='bbox 1102 545 1304 587; x_wconf 87' lang='lat' dir='ltr'>turbanda</span> <span class='ocrx_word' id='word_1_40' title='bbox 1329 545 1488 586; x_wconf 86' lang='lat' dir='ltr'>consilii</span> 
     </span>
     <span class='ocr_line' id='line_1_6' title="bbox 130 608 1488 664; baseline -0.004 -11"><span class='ocrx_word' id='word_1_41' title='bbox 130 628 208 654; x_wconf 89' lang='lat' dir='ltr'>res.</span> <span class='ocrx_word' id='word_1_42' title='bbox 257 612 433 652; x_wconf 89' lang='lat' dir='ltr'>fundum</span> <span class='ocrx_word' id='word_1_43' title='bbox 456 611 500 651; x_wconf 89' lang='lat' dir='ltr'>in</span> <span class='ocrx_word' id='word_1_44' title='bbox 523 609 705 659; x_wconf 80' lang='lat' dir='ltr'>Veienti,</span> <span class='ocrx_word' id='word_1_45' title='bbox 738 616 860 664; x_wconf 85' lang='lat' dir='ltr'>caput</span> <span class='ocrx_word' id='word_1_46' title='bbox 883 608 1134 663; x_wconf 80' lang='lat' dir='ltr'>patrimonii,</span> <span class='ocrx_word' id='word_1_47' title='bbox 1174 608 1347 649; x_wconf 86' lang='lat' dir='ltr'>subiecit</span> <span class='ocrx_word' id='word_1_48' title='bbox 1370 622 1488 663; x_wconf 90' lang='lat' dir='ltr'>prae-</span> 
     </span>
     <span class='ocr_line' id='line_1_7' title="bbox 131 670 1486 727; baseline -0.004 -12"><span class='ocrx_word' id='word_1_49' title='bbox 131 675 240 715; x_wconf 78' lang='lat' dir='ltr'>coni:</span> <span class='ocrx_word' id='word_1_50' title='bbox 269 678 337 714; x_wconf 90' lang='lat' dir='ltr'>‘ne</span> <span class='ocrx_word' id='word_1_51' title='bbox 352 688 475 727; x_wconf 87' lang='lat' dir='ltr'>quem</span> <span class='ocrx_word' id='word_1_52' title='bbox 488 671 696 720; x_wconf 72' lang='lat' dir='ltr'>vestrum‚&#39;</span> <span class='ocrx_word' id='word_1_53' title='bbox 720 671 851 725; x_wconf 88' lang='lat' dir='ltr'>inquit</span> <span class='ocrx_word' id='word_1_54' title='bbox 878 670 1094 724; x_wconf 84' lang='lat' dir='ltr'>‘Quirites,</span> <span class='ocrx_word' id='word_1_55' title='bbox 1115 671 1245 712; x_wconf 89' lang='lat' dir='ltr'>donec</span> <span class='ocrx_word' id='word_1_56' title='bbox 1265 670 1486 724; x_wconf 87' lang='lat' dir='ltr'>quicquam</span> 
     </span>
     <span class='ocr_line' id='line_1_8' title="bbox 130 732 1486 789; baseline -0.003 -13"><span class='ocrx_word' id='word_1_57' title='bbox 130 737 172 776; x_wconf 90' lang='lat' dir='ltr'>in</span> <span class='ocrx_word' id='word_1_58' title='bbox 207 751 250 776; x_wconf 90' lang='lat' dir='ltr'>re</span> <span class='ocrx_word' id='word_1_59' title='bbox 282 750 373 776; x_wconf 82' lang='lat' dir='ltr'>mea</span> <span class='ocrx_word' id='word_1_60' title='bbox 405 734 620 789; x_wconf 86' lang='lat' dir='ltr'>supererit,</span> <span class='ocrx_word' id='word_1_61' title='bbox 659 734 882 774; x_wconf 89' lang='lat' dir='ltr'>iudicatum</span> <span class='ocrx_word' id='word_1_62' title='bbox 913 733 1175 774; x_wconf 71' lang='lat' dir='ltr'>addictumve</span> <span class='ocrx_word' id='word_1_63' title='bbox 1207 733 1302 773; x_wconf 88' lang='lat' dir='ltr'>duci</span> <span class='ocrx_word' id='word_1_64' title='bbox 1330 732 1486 787; x_wconf 66' lang='lat' dir='ltr'>patiar?</span> 
     </span>
     <span class='ocr_line' id='line_1_9' title="bbox 131 795 1488 850; baseline -0.002 -12"><span class='ocrx_word' id='word_1_65' title='bbox 131 798 173 838; x_wconf 84' lang='lat' dir='ltr'>id</span> <span class='ocrx_word' id='word_1_66' title='bbox 197 813 293 838; x_wconf 73' lang='lat' dir='ltr'>vero</span> <span class='ocrx_word' id='word_1_67' title='bbox 317 797 374 838; x_wconf 86' lang='lat' dir='ltr'>ita</span> <span class='ocrx_word' id='word_1_68' title='bbox 399 797 583 838; x_wconf 81' lang='lat' dir='ltr'>accendit</span> <span class='ocrx_word' id='word_1_69' title='bbox 609 796 780 844; x_wconf 88' lang='lat' dir='ltr'>animos,</span> <span class='ocrx_word' id='word_1_70' title='bbox 808 802 851 836; x_wconf 86' lang='lat' dir='ltr'>ut</span> <span class='ocrx_word' id='word_1_71' title='bbox 875 810 949 850; x_wconf 89' lang='lat' dir='ltr'>pcr</span> <span class='ocrx_word' id='word_1_72' title='bbox 973 810 1094 836; x_wconf 92' lang='lat' dir='ltr'>omne</span> <span class='ocrx_word' id='word_1_73' title='bbox 1120 795 1183 836; x_wconf 88' lang='lat' dir='ltr'>fas</span> <span class='ocrx_word' id='word_1_74' title='bbox 1209 809 1256 835; x_wconf 88' lang='lat' dir='ltr'>ae</span> <span class='ocrx_word' id='word_1_75' title='bbox 1280 795 1398 835; x_wconf 87' lang='lat' dir='ltr'>nefas</span> <span class='ocrx_word' id='word_1_76' title='bbox 1425 809 1488 835; x_wconf 90' lang='lat' dir='ltr'>se-</span> 
     </span>
     <span class='ocr_line' id='line_1_10' title="bbox 131 858 988 899; baseline -0.002 0"><span class='ocrx_word' id='word_1_77' title='bbox 131 860 263 899; x_wconf 88' lang='lat' dir='ltr'>cuturi</span> <span class='ocrx_word' id='word_1_78' title='bbox 288 859 494 899; x_wconf 66' lang='lat' dir='ltr'>vindicem</span> <span class='ocrx_word' id='word_1_79' title='bbox 517 858 716 898; x_wconf 80' lang='lat' dir='ltr'>libertatis</span> <span class='ocrx_word' id='word_1_80' title='bbox 742 858 988 898; x_wconf 70' lang='lat' dir='ltr'>viderentur.</span> 
     </span>
    </p>

    <p class='ocr_par' dir='ltr' id='par_1_4' title="bbox 127 919 1490 1471">
     <span class='ocr_line' id='line_1_11' title="bbox 217 919 1489 974; baseline -0.002 -13"><span class='ocrx_word' id='word_1_81' title='bbox 217 920 288 961; x_wconf 85' lang='lat' dir='ltr'>Ad</span> <span class='ocrx_word' id='word_1_82' title='bbox 312 921 390 961; x_wconf 91' lang='lat' dir='ltr'>hoc</span> <span class='ocrx_word' id='word_1_83' title='bbox 422 920 532 960; x_wconf 90' lang='lat' dir='ltr'>domi</span> <span class='ocrx_word' id='word_1_84' title='bbox 563 919 834 960; x_wconf 80' lang='lat' dir='ltr'>contionantis</span> <span class='ocrx_word' id='word_1_85' title='bbox 866 919 909 959; x_wconf 91' lang='lat' dir='ltr'>in</span> <span class='ocrx_word' id='word_1_86' title='bbox 938 919 1107 960; x_wconf 88' lang='lat' dir='ltr'>modum</span> <span class='ocrx_word' id='word_1_87' title='bbox 1139 934 1348 960; x_wconf 82' lang='lat' dir='ltr'>sermones</span> <span class='ocrx_word' id='word_1_88' title='bbox 1378 919 1489 974; x_wconf 91' lang='lat' dir='ltr'>pleni</span> 
     </span>
     <span class='ocr_line' id='line_1_12' title="bbox 131 981 1490 1036; baseline -0.001 -14"><span class='ocrx_word' id='word_1_89' title='bbox 131 983 347 1023; x_wconf 86' lang='lat' dir='ltr'>criminum</span> <span class='ocrx_word' id='word_1_90' title='bbox 365 983 406 1022; x_wconf 92' lang='lat' dir='ltr'>in</span> <span class='ocrx_word' id='word_1_91' title='bbox 424 988 579 1036; x_wconf 73' lang='lat' dir='ltr'>patres,</span> <span class='ocrx_word' id='word_1_92' title='bbox 605 981 710 1021; x_wconf 91' lang='lat' dir='ltr'>inter</span> <span class='ocrx_word' id='word_1_93' title='bbox 728 995 829 1034; x_wconf 90' lang='lat' dir='ltr'>quos</span> <span class='ocrx_word' id='word_1_94' title='bbox 851 995 943 1021; x_wconf 88' lang='lat' dir='ltr'>cum</span> <span class='ocrx_word' id='word_1_95' title='bbox 964 981 1118 1022; x_wconf 88' lang='lat' dir='ltr'>omisso</span> <span class='ocrx_word' id='word_1_96' title='bbox 1139 981 1373 1022; x_wconf 82' lang='lat' dir='ltr'>discrimine</span> <span class='ocrx_word' id='word_1_97' title='bbox 1393 996 1490 1022; x_wconf 66' lang='lat' dir='ltr'>vera</span> 
     </span>
     <span class='ocr_line' id='line_1_13' title="bbox 131 1041 1488 1097; baseline -0.001 -12"><span class='ocrx_word' id='word_1_98' title='bbox 131 1061 183 1085; x_wconf 86' lang='lat' dir='ltr'>an</span> <span class='ocrx_word' id='word_1_99' title='bbox 209 1060 313 1085; x_wconf 72' lang='lat' dir='ltr'>vana</span> <span class='ocrx_word' id='word_1_100' title='bbox 336 1044 499 1093; x_wconf 90' lang='lat' dir='ltr'>iaceret,</span> <span class='ocrx_word' id='word_1_101' title='bbox 526 1043 741 1084; x_wconf 84' lang='lat' dir='ltr'>thesauros</span> <span class='ocrx_word' id='word_1_102' title='bbox 763 1041 913 1083; x_wconf 83' lang='lat' dir='ltr'>Gallici</span> <span class='ocrx_word' id='word_1_103' title='bbox 938 1043 1026 1083; x_wconf 83' lang='lat' dir='ltr'>auri</span> <span class='ocrx_word' id='word_1_104' title='bbox 1046 1043 1241 1084; x_wconf 89' lang='lat' dir='ltr'>occultari</span> <span class='ocrx_word' id='word_1_105' title='bbox 1261 1059 1283 1084; x_wconf 81' lang='lat' dir='ltr'>a</span> <span class='ocrx_word' id='word_1_106' title='bbox 1302 1043 1488 1097; x_wconf 89' lang='lat' dir='ltr'>patribus</span> 
     </span>
     <span class='ocr_line' id='line_1_14' title="bbox 130 1104 1486 1160; baseline -0.001 -13"><span class='ocrx_word' id='word_1_107' title='bbox 130 1107 241 1155; x_wconf 85' lang='lat' dir='ltr'>iecit,</span> <span class='ocrx_word' id='word_1_108' title='bbox 281 1121 356 1147; x_wconf 91' lang='lat' dir='ltr'>nec</span> <span class='ocrx_word' id='word_1_109' title='bbox 388 1106 470 1146; x_wconf 89' lang='lat' dir='ltr'>iam</span> <span class='ocrx_word' id='word_1_110' title='bbox 499 1105 761 1160; x_wconf 85' lang='lat' dir='ltr'>possidendis</span> <span class='ocrx_word' id='word_1_111' title='bbox 791 1104 968 1159; x_wconf 85' lang='lat' dir='ltr'>publicis</span> <span class='ocrx_word' id='word_1_112' title='bbox 1000 1105 1110 1159; x_wconf 84' lang='lat' dir='ltr'>agris</span> <span class='ocrx_word' id='word_1_113' title='bbox 1137 1112 1350 1145; x_wconf 88' lang='lat' dir='ltr'>contentos</span> <span class='ocrx_word' id='word_1_114' title='bbox 1383 1119 1486 1153; x_wconf 89' lang='lat' dir='ltr'>esse,</span> 
     </span>
     <span class='ocr_line' id='line_1_15' title="bbox 131 1166 1489 1223; baseline -0.002 -14"><span class='ocrx_word' id='word_1_115' title='bbox 131 1168 209 1209; x_wconf 91' lang='lat' dir='ltr'>nisi</span> <span class='ocrx_word' id='word_1_116' title='bbox 231 1168 447 1223; x_wconf 86' lang='lat' dir='ltr'>pecuniam</span> <span class='ocrx_word' id='word_1_117' title='bbox 473 1181 637 1220; x_wconf 87' lang='lat' dir='ltr'>quoque</span> <span class='ocrx_word' id='word_1_118' title='bbox 661 1166 871 1220; x_wconf 87' lang='lat' dir='ltr'>publicam</span> <span class='ocrx_word' id='word_1_119' title='bbox 897 1174 1101 1216; x_wconf 75' lang='lat' dir='ltr'>avertant3</span> <span class='ocrx_word' id='word_1_120' title='bbox 1128 1181 1176 1206; x_wconf 85' lang='lat' dir='ltr'>ca</span> <span class='ocrx_word' id='word_1_121' title='bbox 1200 1181 1265 1206; x_wconf 88' lang='lat' dir='ltr'>res</span> <span class='ocrx_word' id='word_1_122' title='bbox 1293 1166 1327 1206; x_wconf 92' lang='lat' dir='ltr'>si</span> <span class='ocrx_word' id='word_1_123' title='bbox 1351 1166 1489 1220; x_wconf 88' lang='lat' dir='ltr'>palam</span> 
     </span>
     <span class='ocr_line' id='line_1_16' title="bbox 130 1227 1489 1283; baseline -0.001 -13"><span class='ocrx_word' id='word_1_124' title='bbox 130 1230 218 1279; x_wconf 83' lang='lat' dir='ltr'>fiat,</span> <span class='ocrx_word' id='word_1_125' title='bbox 250 1229 408 1270; x_wconf 76' lang='lat' dir='ltr'>exsolvi</span> <span class='ocrx_word' id='word_1_126' title='bbox 430 1229 594 1283; x_wconf 88' lang='lat' dir='ltr'>plebem</span> <span class='ocrx_word' id='word_1_127' title='bbox 625 1242 717 1268; x_wconf 86' lang='lat' dir='ltr'>aere</span> <span class='ocrx_word' id='word_1_128' title='bbox 743 1227 875 1268; x_wconf 91' lang='lat' dir='ltr'>alieno</span> <span class='ocrx_word' id='word_1_129' title='bbox 904 1242 1040 1282; x_wconf 89' lang='lat' dir='ltr'>posse.</span> <span class='ocrx_word' id='word_1_130' title='bbox 1090 1242 1195 1281; x_wconf 87' lang='lat' dir='ltr'>quae</span> <span class='ocrx_word' id='word_1_131' title='bbox 1225 1227 1298 1269; x_wconf 90' lang='lat' dir='ltr'>ubi</span> <span class='ocrx_word' id='word_1_132' title='bbox 1328 1228 1489 1269; x_wconf 88' lang='lat' dir='ltr'>obiecta</span> 
     </span>
     <span class='ocr_line' id='line_1_17' title="bbox 130 1289 1489 1345; baseline 0.001 -14"><span class='ocrx_word' id='word_1_133' title='bbox 130 1306 224 1345; x_wconf 88' lang='lat' dir='ltr'>spes</span> <span class='ocrx_word' id='word_1_134' title='bbox 250 1298 328 1340; x_wconf 90' lang='lat' dir='ltr'>est,</span> <span class='ocrx_word' id='word_1_135' title='bbox 367 1291 574 1331; x_wconf 82' lang='lat' dir='ltr'>enimvero</span> <span class='ocrx_word' id='word_1_136' title='bbox 599 1290 817 1345; x_wconf 82' lang='lat' dir='ltr'>indignum</span> <span class='ocrx_word' id='word_1_137' title='bbox 848 1289 1009 1330; x_wconf 88' lang='lat' dir='ltr'>facinus</span> <span class='ocrx_word' id='word_1_138' title='bbox 1042 1290 1189 1339; x_wconf 70' lang='lat' dir='ltr'>videri,</span> <span class='ocrx_word' id='word_1_139' title='bbox 1228 1305 1323 1331; x_wconf 88' lang='lat' dir='ltr'>cum</span> <span class='ocrx_word' id='word_1_140' title='bbox 1348 1292 1489 1332; x_wconf 90' lang='lat' dir='ltr'>confe-</span> 
     </span>
     <span class='ocr_line' id='line_1_18' title="bbox 127 1350 1486 1394; baseline 0.001 -2"><span class='ocrx_word' id='word_1_141' title='bbox 127 1353 298 1393; x_wconf 90' lang='lat' dir='ltr'>rendum</span> <span class='ocrx_word' id='word_1_142' title='bbox 325 1353 376 1393; x_wconf 90' lang='lat' dir='ltr'>ad</span> <span class='ocrx_word' id='word_1_143' title='bbox 400 1353 682 1392; x_wconf 87' lang='lat' dir='ltr'>redimendam</span> <span class='ocrx_word' id='word_1_144' title='bbox 713 1352 922 1392; x_wconf 67' lang='lat' dir='ltr'>civitatem</span> <span class='ocrx_word' id='word_1_145' title='bbox 953 1368 977 1393; x_wconf 88' lang='lat' dir='ltr'>a</span> <span class='ocrx_word' id='word_1_146' title='bbox 1003 1350 1136 1393; x_wconf 87' lang='lat' dir='ltr'>Gallis</span> <span class='ocrx_word' id='word_1_147' title='bbox 1168 1368 1314 1393; x_wconf 88' lang='lat' dir='ltr'>aurum</span> <span class='ocrx_word' id='word_1_148' title='bbox 1345 1353 1486 1394; x_wconf 83' lang='lat' dir='ltr'>fuerit:</span> 
     </span>
     <span class='ocr_line' id='line_1_19' title="bbox 128 1414 1490 1471; baseline 0.001 -16"><span class='ocrx_word' id='word_1_149' title='bbox 128 1414 278 1455; x_wconf 88' lang='lat' dir='ltr'>tributo</span> <span class='ocrx_word' id='word_1_150' title='bbox 304 1414 577 1455; x_wconf 88' lang='lat' dir='ltr'>conlationem</span> <span class='ocrx_word' id='word_1_151' title='bbox 602 1414 768 1463; x_wconf 87' lang='lat' dir='ltr'>factam,</span> <span class='ocrx_word' id='word_1_152' title='bbox 795 1414 905 1455; x_wconf 90' lang='lat' dir='ltr'>idem</span> <span class='ocrx_word' id='word_1_153' title='bbox 931 1429 1075 1455; x_wconf 89' lang='lat' dir='ltr'>aurum</span> <span class='ocrx_word' id='word_1_154' title='bbox 1103 1429 1154 1455; x_wconf 84' lang='lat' dir='ltr'>ex</span> <span class='ocrx_word' id='word_1_155' title='bbox 1178 1414 1367 1457; x_wconf 85' lang='lat' dir='ltr'>hostibus</span> <span class='ocrx_word' id='word_1_156' title='bbox 1394 1430 1490 1471; x_wconf 88' lang='lat' dir='ltr'>cap-</span> 
     </span>
    </p>
   </div>
   <div class='ocr_carea' id='block_1_3' title="bbox 128 1476 1487 1531">
    <p class='ocr_par' dir='ltr' id='par_1_5' title="bbox 128 1476 1553 1531">
     <span class='ocr_line' id='line_1_20' title="bbox 128 1476 1487 1531; baseline 0.003 -15"><span class='ocrx_word' id='word_1_157' title='bbox 128 1483 215 1517; x_wconf 89' lang='lat' dir='ltr'>tum</span> <span class='ocrx_word' id='word_1_158' title='bbox 238 1477 281 1517; x_wconf 90' lang='lat' dir='ltr'>in</span> <span class='ocrx_word' id='word_1_159' title='bbox 304 1491 529 1530; x_wconf 88' lang='lat' dir='ltr'>paucorum</span> <span class='ocrx_word' id='word_1_160' title='bbox 560 1476 754 1531; x_wconf 84' lang='lat' dir='ltr'>praedam</span> <span class='ocrx_word' id='word_1_161' title='bbox 788 1476 977 1517; x_wconf 83' lang='lat' dir='ltr'>cessisse.</span> <span class='ocrx_word' id='word_1_162' title='bbox 1030 1477 1170 1530; x_wconf 88' lang='lat' dir='ltr'>itaque</span> <span class='ocrx_word' id='word_1_163' title='bbox 1202 1477 1487 1531; x_wconf 78' lang='lat' dir='ltr'>exsequeban-</span> 
     </span>
    </p>
   </div>
   <div class='ocr_carea' id='block_1_4' title="bbox 127 1539 1489 2774">
    <p class='ocr_par' dir='ltr' id='par_1_6' title="bbox 127 1539 1489 1779">
     <span class='ocr_line' id='line_1_21' title="bbox 128 1539 1484 1592; baseline 0.001 -13"><span class='ocrx_word' id='word_1_164' title='bbox 128 1547 193 1579; x_wconf 88' lang='lat' dir='ltr'>tur</span> <span class='ocrx_word' id='word_1_165' title='bbox 205 1539 452 1592; x_wconf 88' lang='lat' dir='ltr'>quaerendo,</span> <span class='ocrx_word' id='word_1_166' title='bbox 478 1539 550 1580; x_wconf 88' lang='lat' dir='ltr'>ubi</span> <span class='ocrx_word' id='word_1_167' title='bbox 570 1545 706 1585; x_wconf 83' lang='lat' dir='ltr'>tantae</span> <span class='ocrx_word' id='word_1_168' title='bbox 726 1539 785 1579; x_wconf 86' lang='lat' dir='ltr'>rei</span> <span class='ocrx_word' id='word_1_169' title='bbox 804 1539 959 1580; x_wconf 87' lang='lat' dir='ltr'>furtum</span> <span class='ocrx_word' id='word_1_170' title='bbox 979 1540 1264 1590; x_wconf 85' lang='lat' dir='ltr'>occultaretur,</span> <span class='ocrx_word' id='word_1_171' title='bbox 1292 1541 1484 1581; x_wconf 84' lang='lat' dir='ltr'>differen-</span> 
     </span>
     <span class='ocr_line' id='line_1_22' title="bbox 127 1601 1488 1656; baseline 0.001 -15"><span class='ocrx_word' id='word_1_172' title='bbox 127 1601 238 1654; x_wconf 89' lang='lat' dir='ltr'>tique</span> <span class='ocrx_word' id='word_1_173' title='bbox 263 1607 303 1641; x_wconf 87' lang='lat' dir='ltr'>et</span> <span class='ocrx_word' id='word_1_174' title='bbox 328 1607 510 1656; x_wconf 87' lang='lat' dir='ltr'>tempore</span> <span class='ocrx_word' id='word_1_175' title='bbox 537 1616 610 1642; x_wconf 88' lang='lat' dir='ltr'>suo</span> <span class='ocrx_word' id='word_1_176' title='bbox 632 1616 674 1641; x_wconf 91' lang='lat' dir='ltr'>se</span> <span class='ocrx_word' id='word_1_177' title='bbox 693 1601 968 1642; x_wconf 84' lang='lat' dir='ltr'>indicaturum</span> <span class='ocrx_word' id='word_1_178' title='bbox 987 1601 1137 1642; x_wconf 86' lang='lat' dir='ltr'>dicenti</span> <span class='ocrx_word' id='word_1_179' title='bbox 1158 1602 1303 1642; x_wconf 86' lang='lat' dir='ltr'>ceteris</span> <span class='ocrx_word' id='word_1_180' title='bbox 1324 1603 1488 1643; x_wconf 88' lang='lat' dir='ltr'>omissis</span> 
     </span>
     <span class='ocr_line' id='line_1_23' title="bbox 128 1663 1489 1718; baseline 0.001 -15"><span class='ocrx_word' id='word_1_181' title='bbox 128 1678 175 1704; x_wconf 87' lang='lat' dir='ltr'>eo</span> <span class='ocrx_word' id='word_1_182' title='bbox 206 1678 350 1704; x_wconf 72' lang='lat' dir='ltr'>versae</span> <span class='ocrx_word' id='word_1_183' title='bbox 381 1670 496 1704; x_wconf 88' lang='lat' dir='ltr'>erant</span> <span class='ocrx_word' id='word_1_184' title='bbox 527 1663 710 1704; x_wconf 88' lang='lat' dir='ltr'>omnium</span> <span class='ocrx_word' id='word_1_185' title='bbox 748 1678 888 1712; x_wconf 89' lang='lat' dir='ltr'>curae,</span> <span class='ocrx_word' id='word_1_186' title='bbox 927 1663 1253 1718; x_wconf 86' lang='lat' dir='ltr'>apparebatque,</span> <span class='ocrx_word' id='word_1_187' title='bbox 1290 1679 1367 1704; x_wconf 90' lang='lat' dir='ltr'>nec</span> <span class='ocrx_word' id='word_1_188' title='bbox 1402 1665 1489 1705; x_wconf 68' lang='lat' dir='ltr'>veri</span> 
     </span>
     <span class='ocr_line' id='line_1_24' title="bbox 127 1724 1311 1779; baseline 0.002 -15"><span class='ocrx_word' id='word_1_189' title='bbox 127 1725 267 1765; x_wconf 89' lang='lat' dir='ltr'>indicii</span> <span class='ocrx_word' id='word_1_190' title='bbox 290 1724 465 1779; x_wconf 82' lang='lat' dir='ltr'>gratiam</span> <span class='ocrx_word' id='word_1_191' title='bbox 488 1725 667 1765; x_wconf 88' lang='lat' dir='ltr'>mediam</span> <span class='ocrx_word' id='word_1_192' title='bbox 692 1739 767 1765; x_wconf 90' lang='lat' dir='ltr'>nec</span> <span class='ocrx_word' id='word_1_193' title='bbox 792 1725 888 1765; x_wconf 87' lang='lat' dir='ltr'>falsi</span> <span class='ocrx_word' id='word_1_194' title='bbox 913 1725 1185 1766; x_wconf 86' lang='lat' dir='ltr'>offensionem</span> <span class='ocrx_word' id='word_1_195' title='bbox 1210 1725 1311 1766; x_wconf 87' lang='lat' dir='ltr'>fore.</span> 
     </span>
    </p>

    <p class='ocr_par' dir='ltr' id='par_1_7' title="bbox 130 1785 1489 2774">
     <span class='ocr_line' id='line_1_25' title="bbox 212 1785 1488 1840; baseline 0.002 -15"><span class='ocrx_word' id='word_1_196' title='bbox 212 1785 314 1826; x_wconf 79' lang='lat' dir='ltr'>XV.</span> <span class='ocrx_word' id='word_1_197' title='bbox 368 1785 434 1826; x_wconf 89' lang='lat' dir='ltr'>Ita</span> <span class='ocrx_word' id='word_1_198' title='bbox 458 1787 670 1840; x_wconf 88' lang='lat' dir='ltr'>suspensis</span> <span class='ocrx_word' id='word_1_199' title='bbox 695 1786 818 1827; x_wconf 92' lang='lat' dir='ltr'>rebus</span> <span class='ocrx_word' id='word_1_200' title='bbox 845 1787 1018 1827; x_wconf 86' lang='lat' dir='ltr'>dictator</span> <span class='ocrx_word' id='word_1_201' title='bbox 1048 1787 1202 1828; x_wconf 87' lang='lat' dir='ltr'>accitus</span> <span class='ocrx_word' id='word_1_202' title='bbox 1229 1786 1280 1828; x_wconf 92' lang='lat' dir='ltr'>ab</span> <span class='ocrx_word' id='word_1_203' title='bbox 1307 1787 1488 1828; x_wconf 80' lang='lat' dir='ltr'>exercitu</span> 
     </span>
     <span class='ocr_line' id='line_1_26' title="bbox 130 1846 1489 1904; baseline 0.003 -17"><span class='ocrx_word' id='word_1_204' title='bbox 130 1847 172 1886; x_wconf 88' lang='lat' dir='ltr'>in</span> <span class='ocrx_word' id='word_1_205' title='bbox 196 1846 340 1887; x_wconf 88' lang='lat' dir='ltr'>urbem</span> <span class='ocrx_word' id='word_1_206' title='bbox 364 1848 487 1888; x_wconf 79' lang='lat' dir='ltr'>venit.</span> <span class='ocrx_word' id='word_1_207' title='bbox 535 1856 700 1902; x_wconf 85' lang='lat' dir='ltr'>postero</span> <span class='ocrx_word' id='word_1_208' title='bbox 732 1849 797 1888; x_wconf 90' lang='lat' dir='ltr'>die</span> <span class='ocrx_word' id='word_1_209' title='bbox 824 1855 970 1889; x_wconf 88' lang='lat' dir='ltr'>senatu</span> <span class='ocrx_word' id='word_1_210' title='bbox 1000 1848 1140 1890; x_wconf 86' lang='lat' dir='ltr'>habito</span> <span class='ocrx_word' id='word_1_211' title='bbox 1173 1864 1266 1890; x_wconf 89' lang='lat' dir='ltr'>cum</span> <span class='ocrx_word' id='word_1_212' title='bbox 1293 1850 1391 1891; x_wconf 88' lang='lat' dir='ltr'>satis</span> <span class='ocrx_word' id='word_1_213' title='bbox 1417 1865 1489 1904; x_wconf 91' lang='lat' dir='ltr'>pe—</span> 
     </span>
     <span class='ocr_line' id='line_1_27' title="bbox 131 1909 1488 1954; baseline 0.004 -6"><span class='ocrx_word' id='word_1_214' title='bbox 131 1909 327 1949; x_wconf 85' lang='lat' dir='ltr'>riclitatus</span> <span class='ocrx_word' id='word_1_215' title='bbox 364 1909 595 1950; x_wconf 73' lang='lat' dir='ltr'>voluntates</span> <span class='ocrx_word' id='word_1_216' title='bbox 631 1910 846 1950; x_wconf 89' lang='lat' dir='ltr'>hominum</span> <span class='ocrx_word' id='word_1_217' title='bbox 882 1911 1093 1952; x_wconf 86' lang='lat' dir='ltr'>discedere</span> <span class='ocrx_word' id='word_1_218' title='bbox 1130 1919 1318 1953; x_wconf 90' lang='lat' dir='ltr'>senatum</span> <span class='ocrx_word' id='word_1_219' title='bbox 1354 1912 1406 1954; x_wconf 91' lang='lat' dir='ltr'>ab</span> <span class='ocrx_word' id='word_1_220' title='bbox 1444 1928 1488 1954; x_wconf 90' lang='lat' dir='ltr'>sc</span> 
     </span>
     <span class='ocr_line' id='line_1_28' title="bbox 132 1970 1485 2029; baseline 0.004 -19"><span class='ocrx_word' id='word_1_221' title='bbox 132 1970 346 2019; x_wconf 81' lang='lat' dir='ltr'>vetuisset,</span> <span class='ocrx_word' id='word_1_222' title='bbox 374 1971 547 2024; x_wconf 89' lang='lat' dir='ltr'>stipatus</span> <span class='ocrx_word' id='word_1_223' title='bbox 574 1986 623 2012; x_wconf 89' lang='lat' dir='ltr'>ea</span> <span class='ocrx_word' id='word_1_224' title='bbox 646 1972 923 2021; x_wconf 88' lang='lat' dir='ltr'>multitudine,</span> <span class='ocrx_word' id='word_1_225' title='bbox 957 1973 1057 2013; x_wconf 88' lang='lat' dir='ltr'>sella</span> <span class='ocrx_word' id='word_1_226' title='bbox 1081 1973 1124 2013; x_wconf 91' lang='lat' dir='ltr'>in</span> <span class='ocrx_word' id='word_1_227' title='bbox 1149 1974 1314 2015; x_wconf 87' lang='lat' dir='ltr'>comitio</span> <span class='ocrx_word' id='word_1_228' title='bbox 1339 1975 1485 2029; x_wconf 90' lang='lat' dir='ltr'>posita,</span> 
     </span>
     <span class='ocr_line' id='line_1_29' title="bbox 132 2032 1487 2088; baseline 0.004 -16"><span class='ocrx_word' id='word_1_229' title='bbox 132 2032 330 2073; x_wconf 77' lang='lat' dir='ltr'>viatorem</span> <span class='ocrx_word' id='word_1_230' title='bbox 360 2033 412 2073; x_wconf 86' lang='lat' dir='ltr'>ad</span> <span class='ocrx_word' id='word_1_231' title='bbox 435 2033 497 2073; x_wconf 88' lang='lat' dir='ltr'>M.</span> <span class='ocrx_word' id='word_1_232' title='bbox 523 2033 729 2074; x_wconf 88' lang='lat' dir='ltr'>Manlium</span> <span class='ocrx_word' id='word_1_233' title='bbox 759 2035 868 2075; x_wconf 87' lang='lat' dir='ltr'>misit</span> <span class='ocrx_word' id='word_1_234' title='bbox 878 2051 888 2084; x_wconf 84' lang='lat'>3</span> <span class='ocrx_word' id='word_1_235' title='bbox 926 2035 997 2088; x_wconf 90' lang='lat' dir='ltr'>qui</span> <span class='ocrx_word' id='word_1_236' title='bbox 1027 2035 1235 2077; x_wconf 78' lang='lat' dir='ltr'>dictatoris</span> <span class='ocrx_word' id='word_1_237' title='bbox 1267 2037 1385 2077; x_wconf 88' lang='lat' dir='ltr'>iussu</span> <span class='ocrx_word' id='word_1_238' title='bbox 1416 2052 1487 2078; x_wconf 75' lang='lat' dir='ltr'>vo-</span> 
     </span>
     <span class='ocr_line' id='line_1_30' title="bbox 133 2097 1487 2156; baseline 0.004 -21"><span class='ocrx_word' id='word_1_239' title='bbox 133 2102 259 2145; x_wconf 87' lang='lat' dir='ltr'>catus,</span> <span class='ocrx_word' id='word_1_240' title='bbox 287 2111 380 2136; x_wconf 91' lang='lat' dir='ltr'>cum</span> <span class='ocrx_word' id='word_1_241' title='bbox 401 2097 565 2151; x_wconf 84' lang='lat' dir='ltr'>signum</span> <span class='ocrx_word' id='word_1_242' title='bbox 586 2098 671 2138; x_wconf 89' lang='lat' dir='ltr'>suis</span> <span class='ocrx_word' id='word_1_243' title='bbox 691 2098 884 2146; x_wconf 86' lang='lat' dir='ltr'>dedisset,</span> <span class='ocrx_word' id='word_1_244' title='bbox 912 2098 1058 2139; x_wconf 86' lang='lat' dir='ltr'>adesse</span> <span class='ocrx_word' id='word_1_245' title='bbox 1078 2106 1296 2149; x_wconf 89' lang='lat' dir='ltr'>certamen,</span> <span class='ocrx_word' id='word_1_246' title='bbox 1324 2100 1487 2156; x_wconf 86' lang='lat' dir='ltr'>agmine</span> 
     </span>
     <span class='ocr_line' id='line_1_31' title="bbox 132 2157 1486 2216; baseline 0.004 -19"><span class='ocrx_word' id='word_1_247' title='bbox 132 2157 288 2212; x_wconf 85' lang='lat' dir='ltr'>ingenti</span> <span class='ocrx_word' id='word_1_248' title='bbox 312 2158 365 2198; x_wconf 89' lang='lat' dir='ltr'>ad</span> <span class='ocrx_word' id='word_1_249' title='bbox 389 2158 566 2199; x_wconf 89' lang='lat' dir='ltr'>tribunal</span> <span class='ocrx_word' id='word_1_250' title='bbox 589 2159 713 2200; x_wconf 73' lang='lat' dir='ltr'>venit.</span> <span class='ocrx_word' id='word_1_251' title='bbox 762 2160 857 2200; x_wconf 89' lang='lat' dir='ltr'>hinc</span> <span class='ocrx_word' id='word_1_252' title='bbox 883 2170 1061 2209; x_wconf 88' lang='lat' dir='ltr'>senatus,</span> <span class='ocrx_word' id='word_1_253' title='bbox 1088 2161 1182 2202; x_wconf 87' lang='lat' dir='ltr'>hine</span> <span class='ocrx_word' id='word_1_254' title='bbox 1207 2161 1338 2216; x_wconf 89' lang='lat' dir='ltr'>plebs,</span> <span class='ocrx_word' id='word_1_255' title='bbox 1366 2177 1486 2203; x_wconf 88' lang='lat' dir='ltr'>suum</span> 
     </span>
     <span class='ocr_line' id='line_1_32' title="bbox 132 2219 1487 2272; baseline 0.004 -13"><span class='ocrx_word' id='word_1_256' title='bbox 132 2219 306 2272; x_wconf 89' lang='lat' dir='ltr'>quisque</span> <span class='ocrx_word' id='word_1_257' title='bbox 330 2219 533 2262; x_wconf 86' lang='lat' dir='ltr'>intuentes</span> <span class='ocrx_word' id='word_1_258' title='bbox 559 2221 724 2270; x_wconf 91' lang='lat' dir='ltr'>ducem,</span> <span class='ocrx_word' id='word_1_259' title='bbox 756 2221 868 2262; x_wconf 72' lang='lat' dir='ltr'>velut</span> <span class='ocrx_word' id='word_1_260' title='bbox 892 2222 935 2262; x_wconf 89' lang='lat' dir='ltr'>in</span> <span class='ocrx_word' id='word_1_261' title='bbox 959 2222 1045 2263; x_wconf 89' lang='lat' dir='ltr'>acie</span> <span class='ocrx_word' id='word_1_262' title='bbox 1071 2223 1350 2264; x_wconf 83' lang='lat' dir='ltr'>constiterant.</span> <span class='ocrx_word' id='word_1_263' title='bbox 1400 2231 1487 2265; x_wconf 90' lang='lat' dir='ltr'>tum</span> 
     </span>
     <span class='ocr_line' id='line_1_33' title="bbox 133 2280 1487 2340; baseline 0.006 -20"><span class='ocrx_word' id='word_1_264' title='bbox 133 2280 305 2321; x_wconf 80' lang='lat' dir='ltr'>dictator</span> <span class='ocrx_word' id='word_1_265' title='bbox 331 2282 490 2323; x_wconf 91' lang='lat' dir='ltr'>silentio</span> <span class='ocrx_word' id='word_1_266' title='bbox 515 2282 642 2324; x_wconf 87' lang='lat' dir='ltr'>facto:</span> <span class='ocrx_word' id='word_1_267' title='bbox 676 2283 848 2324; x_wconf 89' lang='lat' dir='ltr'>‘utinam</span> <span class='ocrx_word' id='word_1_268' title='bbox 858 2283 881 2333; x_wconf 88' lang='lat'>,&#39;</span> <span class='ocrx_word' id='word_1_269' title='bbox 912 2284 1043 2338; x_wconf 88' lang='lat' dir='ltr'>inquit</span> <span class='ocrx_word' id='word_1_270' title='bbox 1076 2285 1195 2326; x_wconf 85' lang='lat' dir='ltr'>‘mihi</span> <span class='ocrx_word' id='word_1_271' title='bbox 1218 2285 1487 2340; x_wconf 87' lang='lat' dir='ltr'>patribusque</span> 
     </span>
     <span class='ocr_line' id='line_1_34' title="bbox 133 2342 1488 2402; baseline 0.006 -20"><span class='ocrx_word' id='word_1_272' title='bbox 133 2342 331 2384; x_wconf 82' lang='lat' dir='ltr'>Romanis</span> <span class='ocrx_word' id='word_1_273' title='bbox 356 2343 413 2384; x_wconf 86' lang='lat' dir='ltr'>ita</span> <span class='ocrx_word' id='word_1_274' title='bbox 437 2344 487 2384; x_wconf 91' lang='lat' dir='ltr'>de</span> <span class='ocrx_word' id='word_1_275' title='bbox 513 2345 658 2385; x_wconf 89' lang='lat' dir='ltr'>ceteris</span> <span class='ocrx_word' id='word_1_276' title='bbox 683 2345 806 2386; x_wconf 89' lang='lat' dir='ltr'>rebus</span> <span class='ocrx_word' id='word_1_277' title='bbox 833 2360 927 2386; x_wconf 89' lang='lat' dir='ltr'>cum</span> <span class='ocrx_word' id='word_1_278' title='bbox 951 2346 1071 2401; x_wconf 89' lang='lat' dir='ltr'>plebe</span> <span class='ocrx_word' id='word_1_279' title='bbox 1091 2348 1319 2398; x_wconf 76' lang='lat' dir='ltr'>conveniat,</span> <span class='ocrx_word' id='word_1_280' title='bbox 1346 2363 1488 2402; x_wconf 90' lang='lat' dir='ltr'>quem-</span> 
     </span>
     <span class='ocr_line' id='line_1_35' title="bbox 134 2404 1487 2463; baseline 0.007 -20"><span class='ocrx_word' id='word_1_281' title='bbox 134 2404 357 2444; x_wconf 88' lang='lat' dir='ltr'>admodum</span> <span class='ocrx_word' id='word_1_282' title='bbox 387 2406 498 2458; x_wconf 90' lang='lat' dir='ltr'>quod</span> <span class='ocrx_word' id='word_1_283' title='bbox 529 2407 582 2447; x_wconf 87' lang='lat' dir='ltr'>ad</span> <span class='ocrx_word' id='word_1_284' title='bbox 611 2413 651 2448; x_wconf 87' lang='lat' dir='ltr'>te</span> <span class='ocrx_word' id='word_1_285' title='bbox 682 2407 825 2448; x_wconf 88' lang='lat' dir='ltr'>attinet</span> <span class='ocrx_word' id='word_1_286' title='bbox 855 2422 1028 2461; x_wconf 89' lang='lat' dir='ltr'>eamque</span> <span class='ocrx_word' id='word_1_287' title='bbox 1063 2424 1168 2458; x_wconf 87' lang='lat' dir='ltr'>rem,</span> <span class='ocrx_word' id='word_1_288' title='bbox 1206 2424 1330 2463; x_wconf 87' lang='lat' dir='ltr'>quam</span> <span class='ocrx_word' id='word_1_289' title='bbox 1366 2411 1417 2452; x_wconf 91' lang='lat' dir='ltr'>de</span> <span class='ocrx_word' id='word_1_290' title='bbox 1447 2418 1487 2452; x_wconf 91' lang='lat' dir='ltr'>te</span> 
     </span>
     <span class='ocr_line' id='line_1_36' title="bbox 134 2466 1487 2527; baseline 0.007 -22"><span class='ocrx_word' id='word_1_291' title='bbox 134 2481 226 2506; x_wconf 88' lang='lat' dir='ltr'>sum</span> <span class='ocrx_word' id='word_1_292' title='bbox 257 2466 535 2519; x_wconf 86' lang='lat' dir='ltr'>quaesiturus,</span> <span class='ocrx_word' id='word_1_293' title='bbox 573 2476 870 2510; x_wconf 76' lang='lat' dir='ltr'>conventurum</span> <span class='ocrx_word' id='word_1_294' title='bbox 901 2470 999 2511; x_wconf 87' lang='lat' dir='ltr'>satis</span> <span class='ocrx_word' id='word_1_295' title='bbox 1031 2471 1205 2512; x_wconf 90' lang='lat' dir='ltr'>confido.</span> <span class='ocrx_word' id='word_1_296' title='bbox 1261 2487 1376 2527; x_wconf 88' lang='lat' dir='ltr'>spem</span> <span class='ocrx_word' id='word_1_297' title='bbox 1400 2473 1487 2514; x_wconf 85' lang='lat' dir='ltr'>fac-</span> 
     </span>
     <span class='ocr_line' id='line_1_37' title="bbox 134 2529 1484 2585; baseline 0.007 -18"><span class='ocrx_word' id='word_1_298' title='bbox 134 2534 216 2568; x_wconf 85' lang='lat' dir='ltr'>tam</span> <span class='ocrx_word' id='word_1_299' title='bbox 243 2544 266 2568; x_wconf 88' lang='lat' dir='ltr'>a</span> <span class='ocrx_word' id='word_1_300' title='bbox 290 2535 329 2569; x_wconf 89' lang='lat' dir='ltr'>te</span> <span class='ocrx_word' id='word_1_301' title='bbox 355 2529 508 2570; x_wconf 86' lang='lat' dir='ltr'>civitati</span> <span class='ocrx_word' id='word_1_302' title='bbox 532 2531 663 2580; x_wconf 80' lang='lat' dir='ltr'>video,</span> <span class='ocrx_word' id='word_1_303' title='bbox 689 2531 769 2572; x_wconf 86' lang='lat' dir='ltr'>fide</span> <span class='ocrx_word' id='word_1_304' title='bbox 790 2531 985 2572; x_wconf 90' lang='lat' dir='ltr'>incolumi</span> <span class='ocrx_word' id='word_1_305' title='bbox 1006 2547 1056 2573; x_wconf 88' lang='lat' dir='ltr'>ex</span> <span class='ocrx_word' id='word_1_306' title='bbox 1077 2533 1278 2575; x_wconf 89' lang='lat' dir='ltr'>thesauris</span> <span class='ocrx_word' id='word_1_307' title='bbox 1300 2534 1484 2585; x_wconf 85' lang='lat' dir='ltr'>Gallicis,</span> 
     </span>
     <span class='ocr_line' id='line_1_38' title="bbox 133 2590 1484 2651; baseline 0.007 -23"><span class='ocrx_word' id='word_1_308' title='bbox 133 2603 237 2641; x_wconf 88' lang='lat' dir='ltr'>quos</span> <span class='ocrx_word' id='word_1_309' title='bbox 273 2590 472 2644; x_wconf 87' lang='lat' dir='ltr'>primores</span> <span class='ocrx_word' id='word_1_310' title='bbox 509 2599 672 2646; x_wconf 88' lang='lat' dir='ltr'>patrum</span> <span class='ocrx_word' id='word_1_311' title='bbox 708 2593 930 2643; x_wconf 88' lang='lat' dir='ltr'>occultent,</span> <span class='ocrx_word' id='word_1_312' title='bbox 974 2594 1173 2636; x_wconf 89' lang='lat' dir='ltr'>creditum</span> <span class='ocrx_word' id='word_1_313' title='bbox 1210 2596 1312 2637; x_wconf 74' lang='lat' dir='ltr'>solvi</span> <span class='ocrx_word' id='word_1_314' title='bbox 1347 2611 1484 2651; x_wconf 90' lang='lat' dir='ltr'>posse.</span> 
     </span>
     <span class='ocr_line' id='line_1_39' title="bbox 134 2652 1486 2710; baseline 0.007 -19"><span class='ocrx_word' id='word_1_315' title='bbox 134 2652 199 2691; x_wconf 81' lang='lat' dir='ltr'>cui</span> <span class='ocrx_word' id='word_1_316' title='bbox 225 2666 302 2706; x_wconf 82' lang='lat' dir='ltr'>ego</span> <span class='ocrx_word' id='word_1_317' title='bbox 327 2653 386 2693; x_wconf 85' lang='lat' dir='ltr'>rei</span> <span class='ocrx_word' id='word_1_318' title='bbox 410 2659 567 2694; x_wconf 87' lang='lat' dir='ltr'>tantum</span> <span class='ocrx_word' id='word_1_319' title='bbox 593 2654 727 2704; x_wconf 90' lang='lat' dir='ltr'>abest,</span> <span class='ocrx_word' id='word_1_320' title='bbox 765 2662 810 2695; x_wconf 85' lang='lat' dir='ltr'>ut</span> <span class='ocrx_word' id='word_1_321' title='bbox 834 2655 1112 2710; x_wconf 90' lang='lat' dir='ltr'>inpedimento</span> <span class='ocrx_word' id='word_1_322' title='bbox 1144 2658 1238 2707; x_wconf 86' lang='lat' dir='ltr'>sim,</span> <span class='ocrx_word' id='word_1_323' title='bbox 1276 2665 1321 2699; x_wconf 82' lang='lat' dir='ltr'>ut</span> <span class='ocrx_word' id='word_1_324' title='bbox 1346 2665 1486 2700; x_wconf 86' lang='lat' dir='ltr'>contra</span> 
     </span>
     <span class='ocr_line' id='line_1_40' title="bbox 134 2715 1484 2774; baseline 0.005 -19"><span class='ocrx_word' id='word_1_325' title='bbox 134 2723 185 2764; x_wconf 91' lang='lat' dir='ltr'>te,</span> <span class='ocrx_word' id='word_1_326' title='bbox 211 2715 272 2755; x_wconf 85' lang='lat' dir='ltr'>M.</span> <span class='ocrx_word' id='word_1_327' title='bbox 299 2715 444 2764; x_wconf 83' lang='lat' dir='ltr'>Manli,</span> <span class='ocrx_word' id='word_1_328' title='bbox 471 2717 673 2766; x_wconf 87' lang='lat' dir='ltr'>adhorter,</span> <span class='ocrx_word' id='word_1_329' title='bbox 700 2717 849 2759; x_wconf 89' lang='lat' dir='ltr'>liberes</span> <span class='ocrx_word' id='word_1_330' title='bbox 876 2718 1042 2760; x_wconf 81' lang='lat' dir='ltr'>faenore</span> <span class='ocrx_word' id='word_1_331' title='bbox 1066 2719 1229 2774; x_wconf 86' lang='lat' dir='ltr'>plebem</span> <span class='ocrx_word' id='word_1_332' title='bbox 1253 2720 1484 2762; x_wconf 86' lang='lat' dir='ltr'>Romanam</span> 
     </span>
    </p>
   </div>
   <div class='ocr_carea' id='block_1_5' title="bbox 1516 621 1555 650">
    <p class='ocr_par' dir='ltr' id='par_1_8' title="bbox 1516 621 1555 650">
     <span class='ocr_line' id='line_1_41' title="bbox 1516 621 1555 650; baseline 0 0"><span class='ocrx_word' id='word_1_333' title='bbox 1516 621 1555 650; x_wconf 82' lang='lat'>10</span> 
     </span>
    </p>
   </div>
   <div class='ocr_carea' id='block_1_6' title="bbox 1518 933 1551 961">
    <p class='ocr_par' dir='ltr' id='par_1_9' title="bbox 1518 933 1551 961">
     <span class='ocr_line' id='line_1_42' title="bbox 1518 933 1551 961; baseline -0.03 0"><span class='ocrx_word' id='word_1_334' title='bbox 1518 933 1551 961; x_wconf 90' lang='lat'>11</span> 
     </span>
    </p>
   </div>
   <div class='ocr_carea' id='block_1_7' title="bbox 1516 1242 1554 1270">
    <p class='ocr_par' dir='ltr' id='par_1_10' title="bbox 1516 1242 1554 1270">
     <span class='ocr_line' id='line_1_43' title="bbox 1516 1242 1554 1270; baseline 0 0"><span class='ocrx_word' id='word_1_335' title='bbox 1516 1242 1554 1270; x_wconf 76' lang='grc'>12</span> 
     </span>
    </p>
   </div>
   <div class='ocr_carea' id='block_1_8' title="bbox 1513 2050 1531 2079">
    <p class='ocr_par' dir='ltr' id='par_1_11' title="bbox 1513 2050 1531 2079">
     <span class='ocr_line' id='line_1_44' title="bbox 1513 2050 1531 2079; textangle 90"><span class='ocrx_word' id='word_1_336' title='bbox 1513 2050 1531 2079; x_wconf 70' lang='lat'>10</span> 
     </span>
    </p>
   </div>
  </div>
 </body>
</html>
