1835 3226
298 351 313 378 7

297 535 315 561 ,S

298 781 315 806 ‘A

281 1093 317 1119 ΙΗ

278 1278 310 1305 ll

277 1464 314 1492 12

346 224 424 265 100
635 229 791 264 LIBER
816 229 872 274 11,
898 230 952 264 39.
972 230 1025 263 40.
1055 233 1103 274 [a.
1118 242 1151 264 u.
1168 241 1196 265 e.
1211 231 1406 275 263—208]

341 349 445 387 quae
470 333 653 388 profecto
679 340 768 373 orta
792 338 918 381 esset,
946 333 1048 374 adeo
1075 332 1225 374 tribuni
1249 333 1331 374 iam
1357 333 1534 374 ferocem
1559 350 1631 389 per
1656 351 1698 377 se

340 395 503 449 plebem
524 394 775 435 criminando
794 394 836 434 in
855 394 1053 448 primores
1074 395 1249 435 civitatis
1269 395 1539 450 instigabant,
1554 421 1607 425 —
1628 397 1700 438 sed

342 465 533 498 externus
559 456 697 506 timor,
729 456 957 496 maximum
983 457 1225 498 concordiae
1250 457 1479 507 vinculum,
1511 458 1699 510 quamvis

343 526 557 574 suspectos
583 519 852 572 infensosque
877 519 982 560 inter
1007 534 1050 560 se
1074 519 1273 575 iungebat
1298 519 1469 560 animos.
1512 520 1554 560 id
1580 520 1700 561 modo

343 597 424 622 non
449 580 739 630 conveniebat,
765 581 878 634 quod
897 588 1064 623 senatus
1086 582 1359 635 consulesque
1378 596 1584 636 nusquam
1605 582 1699 623 alibi

342 658 458 697 spem
484 657 607 696 quam
627 642 668 683 in
688 643 811 684 armis
833 642 1061 698 ponebant,
1086 643 1229 698 plebes
1249 643 1386 685 onmia
1405 658 1528 698 quam
1549 643 1699 685 bellum

343 705 534 746 malebat.

427 766 501 821 Sp.
526 766 702 808 Nautius
734 767 817 808 iam
847 773 888 809 et
920 766 1018 809 Sex.
1048 768 1200 809 Furius
1233 767 1422 809 eonsules
1454 775 1580 809 erant.
1630 782 1699 809 eos

339 836 599 870 recensentes
623 829 828 884 legiones,
854 830 1060 885 praesidia
1083 845 1156 885 per
1180 845 1320 871 muros
1346 830 1526 883 aliaque,
1551 830 1593 870 in
1612 830 1701 883 qui-

341 891 416 931 bus
444 891 640 932 stationes
667 891 911 947 vigiliasque
937 907 1029 933 esse
1053 893 1282 947 placuerat,
1309 892 1399 933 loca
1419 892 1699 933 distribuentis

342 952 560 994 multitudo
580 954 726 1008 ingens
747 969 892 1009 pacem
911 955 1171 1010 poscentium
1195 955 1373 1009 primum
1400 954 1594 995 seditioso
1619 954 1700 996 cla-

341 1030 453 1056 more
479 1016 718 1065 conterruit,
745 1017 893 1058 deinde
913 1031 1060 1058 vocare
1080 1024 1286 1066 senatum,
1312 1016 1464 1058 referre
1484 1017 1534 1057 de
1553 1015 1699 1072 legatis

343 1078 396 1117 ad
423 1076 504 1118 Cn.
526 1076 735 1119 Marcium
759 1079 969 1120 mittendis
995 1079 1142 1134 coegit.
1192 1086 1438 1133 acceperunt
1461 1079 1699 1120 relationem

338 1146 495 1193 patres,
522 1146 743 1194 postquam
762 1141 969 1195 apparuit,
994 1141 1133 1183 labare
1152 1141 1284 1196 plebis
1304 1141 1476 1190 animos,
1504 1141 1700 1194 missique

340 1202 390 1242 de
410 1215 510 1255 pace
531 1201 583 1241 ad
601 1201 808 1241 Marcium
836 1209 1018 1243 oratores
1046 1210 1164 1244 atrox
1188 1217 1432 1256 responsum
1456 1202 1698 1243 retulerunt:

341 1263 375 1303 si
400 1262 566 1304 Volscis
592 1278 691 1318 ager
714 1263 970 1313 redderetur,
1001 1279 1125 1318 posse
1151 1264 1219 1319 agi
1244 1265 1294 1304 de
1324 1279 1445 1318 pace,
1484 1264 1518 1305 si
1548 1263 1700 1318 praeda

340 1324 435 1366 belli
461 1340 532 1379 per
551 1325 679 1365 otium
699 1325 780 1365 frui
799 1325 942 1374 velint,
969 1340 1193 1367 memorem
1219 1340 1263 1367 se
1288 1333 1328 1367 et
1352 1326 1503 1366 civium
1530 1324 1698 1365 iniuriae

340 1393 379 1426 et
410 1386 620 1441 hospitum
652 1387 840 1428 beneficii
869 1387 1130 1437 adnisurum,
1167 1394 1212 1428 ut
1243 1394 1438 1442 appareat
1467 1381 1588 1428 exilio
1620 1385 1700 1427 sibi

342 1449 548 1499 inritatos,
584 1464 667 1490 non
698 1449 850 1490 fractos
882 1450 1040 1491 animos
1073 1465 1177 1491 esse.
1226 1450 1374 1490 iterum
1404 1450 1551 1490 deinde
1587 1449 1695 1489 idem

340 1511 456 1552 missi
481 1526 563 1552 non
587 1511 839 1566 recipiuntur
862 1511 904 1552 in
935 1518 1081 1553 castra.
1131 1512 1364 1553 sacerdotes
1396 1526 1577 1565 quoque,
1611 1511 1696 1552 suis

338 1573 572 1628 insignibus
592 1573 767 1623 velatos,
793 1574 877 1614 isse
904 1574 1110 1628 supplices
1135 1574 1188 1615 ad
1213 1581 1347 1615 castra
1370 1574 1551 1615 hostium
1576 1573 1700 1614 tradi-

339 1644 425 1676 tum
451 1642 532 1685 cst,
558 1635 686 1676 nihilo
711 1636 844 1691 magis
870 1650 995 1689 quam
1019 1636 1179 1690 legatos
1205 1636 1371 1677 flexisse
1396 1636 1590 1676 animum.

422 1697 631 1738 XXXX.
671 1697 780 1738 Tum
800 1704 1011 1738 matronae
1031 1698 1084 1738 ad
1102 1697 1336 1747 Veturiam,
1362 1704 1535 1738 matrem
1556 1696 1699 1737 Corio-

338 1760 436 1810 lani,
463 1759 814 1813 Volumniamque
838 1774 1010 1801 uxorem
1034 1759 1271 1814 frequentes
1298 1765 1457 1801 coeunt.
1499 1759 1543 1799 id
1566 1757 1700 1813 publi-

338 1838 431 1862 cum
457 1822 675 1863 consilium
700 1837 754 1863 an
777 1821 989 1863 muliebris
1017 1822 1138 1863 timor
1161 1822 1301 1870 fuerit,
1339 1836 1484 1876 parum
1515 1820 1698 1870 invenio,

338 1885 545 1939 pervicere
571 1892 698 1934 certe,
725 1891 769 1925 ut
794 1891 834 1925 et
854 1884 1044 1934 Veturia,
1071 1899 1222 1940 magno
1246 1891 1345 1925 natu
1370 1883 1528 1934 mulier,
1555 1889 1595 1924 et
1614 1882 1700 1925 Vo-

339 1947 512 1996 lumnia,
551 1947 654 1988 duos
691 1961 841 2001 parvos
879 1961 931 1988 ex
960 1946 1121 1988 Marcio
1157 1947 1292 1988 ferens
1323 1946 1449 1996 filios,
1487 1961 1627 1988 seeum
1658 1947 1700 1986 in

337 2017 471 2050 castra
484 2009 667 2050 hostium
680 2010 784 2050 irent
798 2016 849 2059 et,
870 2010 1063 2063 quoniam
1078 2010 1202 2051 armis
1221 2009 1298 2050 viri
1316 2009 1536 2050 defendere
1554 2008 1698 2050 urbem

337 2087 418 2113 non
442 2079 630 2126 possent,
657 2073 848 2114 mulieres
875 2072 1065 2127 precibus
1091 2072 1353 2125 lacrimisque
1379 2071 1657 2112 defenderent.

421 2134 508 2175 Ubi
534 2134 586 2175 ad
612 2141 746 2176 eastra
770 2141 940 2175 ventum
966 2141 1027 2176 est
1046 2134 1360 2186 nuntiatumque
1381 2132 1602 2174 Coriolano
1623 2140 1696 2182 est,

336 2196 484 2237 adesse
508 2196 656 2252 ingens
676 2196 894 2237 mulierum
914 2211 1083 2252 agmen,
1109 2196 1260 2250 primo,
1287 2201 1332 2235 ut
1351 2195 1421 2248 qui
1440 2210 1515 2235 nec
1533 2194 1698 2249 publica

336 2258 550 2300 maiestate
574 2259 616 2299 in
640 2258 788 2314 legatis
814 2273 891 2299 nee
915 2258 958 2299 in
979 2257 1261 2299 sacerdotibus
1282 2263 1395 2297 tanta
1414 2256 1549 2297 offusa
1568 2256 1697 2298 oculis

336 2321 555 2374 animoque
574 2321 771 2376 religione
791 2327 927 2362 motus
948 2327 1069 2370 esset,
1095 2320 1224 2361 multo
1244 2318 1487 2360 obstinatior
1499 2319 1696 2360 adversus

335 2383 539 2424 lacrumas
559 2382 780 2424 muliebres
801 2389 899 2424 erat.
937 2383 1032 2423 dein
1053 2382 1316 2423 familiarium
1336 2381 1522 2434 quidam,
1548 2380 1619 2434 qui
1637 2380 1698 2420 in-

337 2445 497 2500 signem
521 2445 727 2486 maestitia
751 2445 856 2486 inter
881 2452 1037 2487 ceteras
1063 2450 1314 2500 cognoverat
1332 2443 1566 2493 Veturiam,
1592 2443 1697 2482 inter

335 2522 483 2547 nurum
520 2514 774 2562 nepotesque
811 2513 1007 2557 stantem,
1046 2507 1144 2547 ‘nisi
1174 2521 1239 2546 me
1270 2504 1535 2546 frustrantur’
1565 2503 1696 2557 inquit

292 2584 310 2610 ῑ.
337 2570 479 2620 ‘oculi,
506 2577 637 2612 mater
661 2570 735 2612 tibi
760 2571 1021 2624 coniunxque
1042 2577 1081 2612 et
1099 2570 1217 2611 liberi
1236 2568 1411 2610 adsunt?
1450 2567 1694 2609 Coriolanus

335 2646 461 2686 prope
486 2640 532 2673 ut
556 2649 699 2675 amens
727 2640 1011 2675 consternatus
1037 2632 1089 2674 ab
1110 2633 1207 2674 sede
1228 2647 1303 2673 sua
1322 2646 1415 2672 cum
1435 2630 1558 2670 ferret
1576 2629 1694 2669 matri

337 2692 482 2734 obviae
509 2695 774 2749 conplexum,
801 2695 948 2737 mulier
972 2695 1014 2735 in
1033 2695 1135 2736 iram
1156 2708 1206 2735 ex
1224 2692 1415 2748 precibus
1435 2705 1554 2731 versa
1575 2690 1694 2737 ‘sine‚
