1835 3226
370 212 451 252 334
670 216 824 251 LIBER
848 216 918 258 VI,
943 216 996 250 98.
1016 217 1069 250 29.
1098 219 1146 260 [a.
1160 228 1194 251 u.
1210 229 1238 252 c.
1251 218 1327 251 374.
1342 219 1423 264 375]

370 330 455 363 erat
486 347 558 369 -—‚
597 318 718 360 ‘sinml
749 319 887 360 hostes
920 335 944 360 a
978 319 1194 362 moenibus
1230 334 1436 361 recessere
1472 330 1512 362 ct
1546 324 1724 367 iuniores

325 400 342 426 ῑ,
369 382 545 425 Romani
577 383 627 422 ad
665 381 844 422 edictum
882 381 968 422 sine
1004 382 1289 423 retractatione
1326 397 1566 425 convenere.
1627 386 1724 427 dum

325 956 340 984 *1

323 2071 340 2098 Ν,

368 443 637 486 conscribitur
656 443 814 484 Romae
834 444 1052 493 exercitus,
1079 451 1213 485 eastra
1231 444 1392 485 interim
1416 444 1598 487 hostium
1616 446 1726 488 haud

366 506 507 562 procul
538 505 635 545 Alia
665 505 832 545 flumine
862 505 1014 560 posita,
1052 505 1147 547 inde
1184 521 1329 561 agrum
1364 507 1446 548 late
1480 508 1726 562 populantes

367 568 533 609 fatalem
565 582 608 608 se
640 567 731 608 urbi
762 567 976 609 Romanae
1011 568 1149 610 locum
1185 569 1359 624 cepisse«
1379 570 1485 611 inter
1521 585 1565 611 se
1601 571 1727 612 iacta-

367 631 482 672 bant:
516 629 690 670 similem
715 645 912 684 pavorem
937 630 1031 671 inde
1057 645 1105 672 ac
1129 630 1274 686 fugam
1298 631 1385 672 fore
1417 647 1464 672 ac
1491 631 1598 673 bello
1627 631 1727 675 Gal-

367 694 445 734 lico
470 693 604 733 fuerit.
655 693 805 733 etenim
831 693 865 733 si
891 693 999 733 diem
1025 700 1258 735 contactum
1284 694 1481 749 religione
1500 694 1727 750 insignem-

367 770 445 809 que
459 754 622 795 nomine
638 755 725 795 eius
745 755 824 796 loci
844 755 1011 796 timeant
1026 755 1215 805 Romani,
1242 763 1395 809 quanto
1414 757 1548 812 magis
1563 757 1726 798 Aliensi

366 817 431 857 die
457 816 597 857 Aliam
622 816 773 870 ipsam,
807 824 1119 858 monumentum
1144 825 1281 858 tantae
1307 817 1454 867 cladis,
1487 819 1728 859 reformida-

367 878 504 919 turos?
535 878 693 932 specics
717 878 903 933 profecto
929 879 992 920 his
1018 879 1075 919 ibi
1100 885 1235 920 truces
1257 878 1471 920 Gallorum
1498 894 1726 934 sonumque

368 940 480 981 vocis
512 940 552 980 in
585 940 715 981 oculis
748 947 871 994 atque
903 941 1071 982 auribus
1103 941 1203 982 fore.
1264 942 1339 982 has
1369 941 1554 982 inanium
1591 957 1726 983 rerum

366 1003 508 1043 inanes
541 1002 651 1057 ipsas
683 1003 894 1043 volventes
927 1003 1195 1058 cogitationes
1234 1004 1422 1044 fortunae
1453 1004 1530 1044 loci
1563 1004 1728 1059 delega-

366 1071 509 1105 verant
534 1080 627 1119 spes
654 1080 763 1106 suas.
811 1065 991 1106 Romani
1025 1071 1183 1115 contra,
1222 1065 1473 1119 ubicumque
1505 1072 1615 1107 esset
1639 1066 1726 1107 La-

367 1127 476 1166 tinus
502 1125 652 1175 hostis,
680 1127 779 1167 satis
806 1127 922 1176 scire,
950 1142 1045 1167 eum
1071 1142 1182 1177 esse,
1209 1142 1331 1180 quem
1358 1128 1410 1168 ad
1434 1127 1643 1182 Regillum
1669 1127 1727 1168 la-

367 1203 461 1228 cmn
493 1187 699 1228 devictum
730 1195 895 1229 centum
925 1204 1126 1229 annorum
1161 1204 1263 1242 pace
1295 1189 1474 1230 obnoxia
1511 1190 1723 1230 tenuerint.

368 1252 503 1292 locum
528 1251 732 1306 insignem
759 1251 956 1291 memoria
986 1251 1113 1292 cladis
1144 1252 1401 1291 inritaturum
1436 1266 1478 1291 sc
1510 1251 1646 1305 potius
1674 1251 1725 1291 ad

370 1313 586 1353 delendam
620 1313 858 1353 memoriam
891 1313 1101 1353 dedecoris
1139 1327 1262 1365 quam
1293 1319 1337 1353 ut
1369 1313 1555 1353 timorem
1587 1312 1724 1360 faciat,

370 1389 420 1415 ne
458 1390 539 1428 qua
574 1382 680 1415 terra
716 1375 767 1415 sit
804 1375 965 1415 nefasta
1000 1374 1192 1415 victoriae
1227 1389 1337 1414 suae.
1398 1375 1496 1427 quin
1529 1374 1607 1428 ipsi
1646 1373 1724 1414 sibi

369 1436 479 1479 Galli
505 1437 539 1477 si
565 1437 789 1478 offerantur
813 1437 881 1477 illo
907 1437 1014 1486 loco,
1043 1452 1085 1477 se
1111 1437 1167 1477 ita
1191 1443 1464 1491 pugnaturos,
1497 1443 1541 1476 ut
1567 1436 1724 1476 Romae

367 1499 639 1554 pugnaverint
669 1499 711 1539 in
741 1499 963 1553 repetenda
992 1499 1140 1553 patria,
1184 1505 1227 1538 ut
1259 1505 1423 1552 postero
1461 1498 1525 1538 die
1557 1499 1609 1538 ad
1641 1496 1726 1537 (ia-

367 1561 470 1608 bios,
497 1567 595 1601 tunc
621 1575 715 1600 cum
741 1561 962 1609 effecerint,
990 1575 1041 1600 nc
1068 1560 1159 1613 quis
1186 1560 1335 1608 hostis,
1363 1560 1432 1612 qui
1457 1560 1617 1600 moenia
1644 1559 1724 1600 Ro-

368 1637 490 1662 mana
519 1622 729 1671 intrasset,
767 1622 955 1662 nuntium
990 1621 1195 1662 secundae
1227 1621 1507 1675 adversaeque
1538 1622 1725 1663 fortunae

368 1684 535 1724 domum
562 1683 771 1737 perferret.

452 1745 697 1786 XXVIIII.
730 1745 811 1786 His
839 1745 1041 1798 utrimque
1062 1745 1208 1785 animis
1229 1745 1280 1785 ad
1300 1744 1440 1785 Aliam
1462 1752 1629 1785 ventum
1651 1754 1724 1786 est.

368 1807 540 1848 dictator
558 1807 785 1857 Romanus,
811 1814 1032 1861 postquam
1057 1807 1098 1847 in
1124 1813 1348 1861 conspectu
1372 1806 1513 1847 hostes
1535 1813 1649 1847 crant
1667 1806 1726 1847 in-

368 1869 510 1909 structi
535 1869 778 1923 intentique:
813 1869 1000 1910 ‘videsnc
1026 1868 1100 1918 tu‚'
1131 1869 1263 1921 inquit
1291 1867 1363 1909 ‘A.
1392 1866 1623 1922 Semproni,
1649 1867 1727 1910 loci

367 1931 532 1972 fortuna
562 1932 652 1973 illos
684 1932 812 1973 fretos
843 1932 896 1972 ad
920 1930 1062 1972 Aliam
1094 1930 1353 1971 constitisse?
1382 1945 1458 1971 nec
1488 1930 1568 1970 illis
1600 1930 1641 1970 di
1666 1930 1726 1970 in-

368 1993 558 2034 mortales
590 1994 771 2035 certioris
810 1994 1031 2047 quicquam
1061 1993 1236 2033 fiduciae
1272 1992 1490 2033 maiorisve
1527 1992 1639 2045 quod
1675 1992 1727 2033 sit

367 2056 508 2096 auxilii
538 2056 736 2096 dederint.
786 2062 825 2096 at
857 2062 901 2096 tu
931 2055 1061 2096 fretus
1093 2055 1217 2096 armis
1249 2054 1478 2107 animisque
1514 2053 1726 2094 concitatis

368 2117 484 2171 equis
509 2117 657 2158 invade
682 2117 859 2158 mediam
892 2117 1041 2167 aciem3
1078 2131 1157 2172 ego
1187 2131 1280 2157 cum
1310 2114 1543 2171 legionibus
1574 2115 1616 2155 in
1642 2122 1726 2155 turs

367 2180 485 2220 batos
512 2179 844 2234 trepidantesque
869 2179 1044 2220 inseram
1071 2179 1201 2233 signa.
1240 2178 1381 2219 adeste
1407 2177 1463 2218 dii
1487 2183 1613 2218 testes
1639 2176 1726 2218 foe-

368 2241 475 2283 deris
502 2249 542 2282 et
572 2241 750 2296 expetite
780 2256 935 2296 poenas
967 2240 1127 2282 debitas
1159 2240 1281 2281 simul
1311 2239 1430 2281 vobis
1460 2239 1623 2280 violatis
1653 2253 1726 2279 no-

325 2318 342 2344 :z
368 2303 513 2357 bisque
538 2318 611 2358 per
636 2310 818 2345 vestrum
849 2318 1003 2344 numen
1035 2302 1244 2357 deceptis.'
1298 2316 1382 2343 non
1412 2301 1612 2354 equitem,
1644 2315 1726 2341 non

367 2366 547 2420 peditem
574 2366 804 2406 sustinuere
829 2364 1100 2406 Praenestini.
1137 2364 1269 2419 primo
1294 2364 1450 2418 impetu
1474 2378 1522 2405 ac
1547 2364 1725 2404 clamore

369 2428 557 2483 dissipati
576 2428 738 2469 ordines
760 2436 872 2477 sunt3
900 2427 1006 2477 dein,
1033 2432 1253 2481 postquam
1272 2426 1384 2466 nullo
1402 2425 1493 2466 loco
1512 2424 1726 2466 constabat

370 2490 490 2539 acics,
517 2497 633 2546 terga
656 2496 820 2531 vertunt
845 2489 1173 2542 consternatique
1199 2495 1239 2529 et
1262 2494 1424 2543 praeter
1443 2494 1578 2528 castra
1602 2486 1724 2527 etiam

371 2567 445 2593 sna
469 2567 620 2607 pavore
645 2552 814 2608 praelati
840 2567 923 2592 non
947 2551 1060 2606 prius
1094 2565 1138 2592 se
1170 2550 1222 2591 ab
1255 2550 1389 2591 effuso
1420 2563 1543 2590 cursu
1575 2548 1725 2589 sistunt

327 2628 343 2655 -1
371 2628 494 2665 quam
518 2615 560 2654 in
595 2621 818 2669 conspectu
842 2613 1067 2654 Praeneste
1099 2612 1188 2653 fuit.
1238 2612 1294 2653 ibi
1325 2627 1376 2652 ex
1406 2611 1508 2666 fuga
1538 2608 1724 2663 dissipati

371 2674 518 2724 locum,
545 2690 666 2730 quem
686 2676 949 2716 tumultuario
975 2689 1096 2730 opere
1117 2674 1427 2721 communirent,
1454 2671 1632 2727 capiunt,
1659 2684 1721 2717 ne,
