1780 3204
477 251 630 285 LIBER
657 250 725 294 vl,
754 249 805 283 1⁶2.
826 248 877 282 13.
905 246 1101 291 [moeso]
1381 236 1462 276 317

118 357 334 400 seminario
360 355 509 411 exiguo
534 354 706 394 militum
732 353 888 402 relicto,
922 352 1086 392 servitia
1110 351 1299 392 Romana
1323 348 1374 390 ab
1401 363 1467 390 so-

117 420 285 461 litudine
311 418 528 459 vindicant.
582 417 727 472 ingens
760 421 886 465 certe,
923 415 1034 468 quod
1064 414 1168 454 inter
1198 427 1340 454 omnes
1372 426 1468 453 auc·
1493 425 1510 453 (3

117 490 224 523 tores
263 480 466 529 convenit,
515 494 762 532 quamquam
805 492 935 532 nuper
971 475 1136 517 Camilli
1178 475 1304 515 ductu
1345 480 1466 527 atque

118 544 299 598 auspicio
325 542 482 583 accisae
506 556 571 582 res
597 547 728 590 erant,
760 540 1007 581 Volscorum
1039 538 1241 579 exercitus
1271 537 1361 578 fuit.
1416 536 1468 576 ad

118 607 194 646 lioc
225 605 365 646 Latini
395 604 647 657 Hernicique
684 609 944 643 accesserant
980 609 1019 641 et
1038 600 1348 643 Cerceiensium
1379 598 1469 652 qui-

117 669 211 708 dam
237 675 276 708 et
302 667 434 707 coloni
459 666 580 707 etiam
606 681 630 705 a
654 664 822 705 Velitris
847 663 1037 705 Romani.

200 730 401 778 Dictator,
428 728 571 769 castris
597 742 644 768 eo
671 727 735 768 (lie
759 726 921 781 positis,
947 732 1111 780 postero
1137 740 1229 765 cum
1256 724 1468 778 auspicato
1495 737 1510 763 τ

116 792 320 846 prodisset
344 790 559 843 hostiaque
590 803 711 830 caesa
740 803 885 843 pacem
916 788 1036 828 deum
1069 787 1300 836 adorasset,
1337 786 1467 827 laetus

117 854 168 894 ad
193 854 340 894 milites
365 853 446 893 iam
471 867 584 892 arma
609 852 660 892 ad
684 851 939 905 propositum
964 865 1127 904 pugnae
1155 850 1336 904 signum,
1364 848 1470 889 sicut

117 916 294 956 edietum
320 921 416 963 erat,
443 914 533 954 luce
557 914 689 968 prima
714 913 919 967 capientes
945 912 1155 966 processit.
1208 916 1366 952 ‘nostra
1384 910 1469 950 vic-
1494 922 1512 951 S

118 978 218 1018 toria
244 984 321 1026 est,
349 976 527 1025 milites‚'
557 975 689 1028 inquit
715 975 768 1015 ‘si
793 975 891 1028 quid
916 974 957 1014 di
982 981 1148 1015 vatesve
1174 989 1314 1014 eorum
1340 973 1381 1013 in
1404 972 1469 1013 fu-

117 1050 253 1079 turum
276 1039 428 1079 vident.
476 1038 631 1090 itaque,
658 1043 702 1077 ut
727 1037 843 1077 decet
868 1042 1001 1077 certae
1027 1036 1115 1090 spei
1139 1035 1283 1089 plenos
1310 1043 1349 1075 et
1375 1050 1468 1075 cum

118 1101 326 1155 inparibus
364 1115 509 1141 manus
552 1106 831 1148 conserturos,
880 1099 974 1153 pilis
1018 1108 1112 1138 ante
1154 1098 1280 1152 pedes
1324 1097 1468 1151 positis

115 1164 261 1217 gladiis
288 1169 444 1203 tantum
470 1162 632 1202 dextras
659 1175 877 1201 armemus.
926 1175 977 1200 ne
1009 1159 1192 1214 procurri
1223 1159 1389 1212 quidem
1415 1158 1466 1199 ab

115 1225 200 1265 acie
231 1225 371 1272 velim,
410 1223 483 1264 sed
513 1223 686 1264 obnixos
718 1237 792 1263 vos
824 1221 960 1262 stabili
991 1221 1124 1276 gradu
1159 1221 1358 1274 impetum
1395 1219 1469 1260 ho-

116 1287 238 1327 stium
263 1286 461 1339 excipere,
509 1284 581 1325 ubi
610 1284 667 1324 illi
699 1299 805 1324 vana
834 1283 1047 1324 iniecerint
1078 1283 1249 1323 missilia
1276 1289 1315 1322 et
1346 1282 1467 1322 effusi
1494 1295 1511 1323 9

115 1347 314 1388 stantibus
340 1346 457 1387 vobis
485 1361 527 1386 se
552 1346 778 1394 intulerint,
818 1352 905 1385 tum
931 1345 1082 1385 micent
1107 1344 1235 1400 gladii
1267 1351 1306 1385 et
1333 1344 1469 1385 veniat

112 1409 154 1449 in
178 1415 356 1450 mentem
380 1408 616 1461 unicuique,
644 1408 742 1448 deos
769 1422 878 1456 esse,
906 1407 975 1460 qui
1000 1407 1234 1448 Romanum
1261 1407 1466 1455 adiuvent,

113 1471 228 1520 deos,
266 1470 335 1523 qui
367 1470 556 1511 secundis
588 1469 733 1510 avibus
759 1470 800 1509 in
832 1469 1032 1524 proelium
1057 1469 1253 1510 miserint.
1315 1475 1376 1518 tu,
1416 1469 1464 1509 T.
1496 1481 1534 1510 10

115 1532 299 1585 Quincti,
337 1533 515 1585 equitem
539 1532 719 1572 intentus
746 1532 798 1572 ad
822 1532 1000 1586 primum
1026 1532 1186 1572 initium
1212 1531 1313 1572 moti
1339 1537 1468 1571 certa-

113 1595 231 1635 minis
257 1601 395 1635 teneas
405 1611 415 1644 ;
441 1594 512 1635 ubi
536 1593 703 1634 haerere
728 1593 809 1634 iam
836 1594 965 1634 aciem
992 1594 1152 1634 conlato
1173 1593 1277 1647 pede
1302 1593 1466 1641 videris,

113 1664 199 1697 tum
223 1663 417 1697 terrorem
442 1662 670 1709 equestrem
696 1656 905 1709 occupatis
932 1655 1011 1696 alio
1037 1670 1187 1709 pavore
1208 1654 1314 1694 infer
1332 1654 1470 1694 invec-

114 1726 260 1772 tusque
285 1718 446 1758 ordines
473 1717 745 1772 pugnantium
770 1717 950 1771 dissipa.'
1000 1716 1058 1757 sic
1084 1731 1222 1769 eques,
1251 1716 1308 1755 sie
1328 1715 1467 1769 pedes,
1498 1729 1532 1757 11

114 1787 158 1819 ut
180 1786 455 1833 praeceperat,
482 1785 680 1833 pugnant,
707 1792 781 1819 nee
807 1779 892 1819 dux
917 1778 1101 1832 legiones
1128 1792 1203 1818 neo
1227 1777 1392 1818 fortuna
1411 1776 1470 1817 fe-

117 1841 218 1881 fellit
242 1841 401 1881 ducem.

198 1901 327 1942 XIII.
382 1901 607 1942 Multitudo
633 1901 830 1949 hostium,
865 1901 965 1941 nulli
996 1902 1053 1941 rei
1084 1908 1369 1955 praeterquam
1394 1916 1469 1941 nu-
1498 1916 1511 1943 1

117 1978 227 2003 mero
254 1963 356 2003 freta
375 1969 414 2003 et
434 1963 560 2003 oculis
583 1970 797 2016 utramque
817 1963 988 2003 metiens
1009 1963 1151 2012 aciem,
1179 1969 1330 2003 temere
1352 1977 1469 2017 proe-

116 2025 215 2064 lium
240 2025 344 2073 iniit,
383 2031 534 2064 temere
565 2025 720 2073 omisit3
759 2024 935 2065 clamore
967 2032 1125 2066 tantum
1157 2025 1468 2078 missilibusque
1495 2038 1512 2067 2

117 2087 206 2127 telis
238 2093 277 2127 et
306 2087 438 2141 primo
469 2101 631 2140 pugnae
663 2087 818 2140 impetu
848 2087 965 2127 ferox
995 2088 1154 2142 gladios
1193 2093 1231 2128 et
1263 2087 1468 2128 conlatum

117 2149 262 2203 pedem
288 2155 327 2189 et
352 2148 507 2189 vultum
534 2149 662 2189 hostis
689 2149 831 2189 ardore
857 2149 981 2190 animi
1006 2150 1226 2190 micantem
1257 2149 1362 2190 ferre
1388 2150 1470 2190 non

118 2210 260 2263 potuit.
309 2210 472 2264 inpulsa
496 2210 609 2250 frons
637 2210 766 2264 prima
791 2217 831 2251 et
855 2211 1070 2265 trepidatio
1103 2211 1298 2252 subsidiis
1330 2211 1466 2252 inlata.
1494 2226 1512 2254 3

117 2281 157 2312 et
182 2286 302 2311 suum
328 2278 520 2312 terrorem
545 2271 679 2312 intulit
704 2286 828 2325 eques
837 2289 847 2322 3
871 2273 979 2326 rupti
1004 2273 1097 2314 inde
1122 2273 1260 2314 multis
1280 2273 1380 2314 locis
1406 2288 1470 2314 or-

117 2333 233 2373 dines
253 2339 443 2386 motaque
464 2333 599 2374 omnia
618 2342 658 2374 et
675 2334 909 2375 fluctuantis
932 2335 1074 2376 similis
1096 2336 1204 2376 acies
1225 2341 1322 2376 erat.
1360 2335 1466 2384 dein,

117 2405 336 2447 postquam
361 2394 598 2435 cadentibus
624 2395 765 2449 primis
790 2394 872 2436 iam
898 2397 950 2436 ad
975 2411 1018 2437 se
1050 2397 1225 2450 quisque
1251 2404 1468 2451 perventu-

116 2470 203 2495 ram
235 2456 402 2496 caedem
434 2456 642 2505 credebat,
682 2464 797 2512 terga
829 2464 1001 2498 vertunt.
1051 2459 1202 2499 instare
1234 2458 1466 2509 Romanus3
1493 2473 1512 2501 4

116 2527 154 2557 et
181 2517 310 2557 donec
335 2518 478 2558 armati
504 2518 756 2571 confertique
776 2519 954 2568 abibant,
980 2520 1164 2573 peditum
1183 2519 1299 2561 labor
1316 2520 1357 2560 in
1376 2535 1467 2575 per-

117 2578 326 2631 sequendo
351 2578 445 2619 fuit:
471 2588 688 2633 postquam
712 2580 851 2620 iactari
877 2596 990 2621 arma
1014 2582 1169 2635 passim
1189 2582 1369 2636 fugaque
1395 2597 1467 2636 per

116 2655 238 2695 agros
265 2641 403 2696 spargi
428 2641 556 2682 aciem
581 2641 760 2682 hostium
786 2642 1116 2684 animadversum
1142 2650 1216 2693 est,
1242 2650 1329 2684 tum
1353 2644 1466 2697 equi-

116 2713 202 2742 tum
223 2708 377 2743 turmae
397 2703 570 2744 emissae
591 2704 685 2745 dato
705 2703 835 2758 signo,
862 2719 912 2744 ne
932 2705 972 2744 in
994 2704 1247 2759 singulorum
1268 2705 1464 2747 morando
