1780 3204
1418 249 1440 265 c)

421 313 431 321 .
478 261 630 295 LIBER
654 261 744 305 vn,
768 259 823 294 40.
851 258 952 304 [ae
969 259 1050 303 342]
1359 248 1442 290 390

91 367 236 416 duces,
268 366 349 406 iam
375 365 522 406 milites
549 365 751 418 utrimque
777 378 1024 419 congressus
1050 377 1244 416 quaerere
1270 362 1322 403 ad
1346 376 1442 403 con-

90 429 245 482 loquia:
273 427 504 481 Quinctius,
526 442 648 480 quem
667 441 871 467 armorum
891 426 1012 467 etiam
1031 440 1105 480 pro
1124 425 1255 480 patria
1275 426 1440 467 satietas
1467 438 1485 467 3

91 497 263 539 teneret,
296 490 447 530 nedum
472 489 669 530 adversus
695 488 886 543 patriam,
915 487 1139 537 Corvinus,
1173 502 1314 528 omnes
1341 488 1442 529 cari-

91 559 173 593 tate
199 552 308 592 cives
333 552 550 606 praecipue
576 551 724 591 milites
751 558 790 591 et
815 556 908 590 ante
933 550 1034 590 alios
1067 564 1186 590 suum
1218 550 1441 590 exereitum

92 613 334 668 conplexus,
361 614 414 654 ad
439 613 700 666 conloquium
725 613 936 667 processit.
981 612 1146 667 cognito
1172 612 1209 652 ei
1235 612 1440 667 extemplo
1466 625 1485 654 4

89 676 188 716 haut
218 676 372 716 minore
403 675 454 716 ab
487 674 730 715 adversariis
764 674 1008 715 verecundia
1038 688 1162 727 quam
1193 673 1245 715 ab
1275 674 1359 715 suis
1388 674 1441 714 si-

89 737 260 789 lentium
280 737 432 777 datum.
472 736 604 777 ‘deos’
629 736 760 789 inquit
787 736 1059 785 ‘inmortales‚
1086 736 1254 784 milites,
1281 742 1439 777 vestros

89 797 277 851 publicos
304 813 498 852 meosque
525 798 575 839 ab
596 797 696 838 urbe
715 797 978 851 proficiscens
998 798 1054 839 ita
1073 798 1240 839 adoravi
1259 798 1441 838 veniam-

89 873 168 911 que
194 860 368 914 supplex
392 860 579 914 poposci,
612 866 657 899 ut
682 859 782 898 mihi
807 859 857 900 de
883 859 1000 900 vobis
1028 860 1269 900 concordiae
1299 867 1439 914 partae

87 921 279 975 gloriam,
316 937 398 963 non
428 922 640 963 victoriam
671 922 824 962 darent.
887 922 985 962 satis
1017 922 1094 962 fuit
1125 922 1299 975 eritque,
1330 922 1439 962 unde
1466 935 1484 963 5

88 983 185 1024 belli
215 984 339 1024 decus
370 984 568 1038 pariatur:
606 984 700 1023 hine
731 998 812 1037 pax
847 984 1024 1037 petenda
1060 990 1133 1024 est.
1195 984 1304 1036 quod
1340 984 1439 1024 deos

86 1045 322 1086 inmortales
348 1046 452 1086 inter
475 1045 750 1099 nuncupanda
770 1052 864 1085 vota
884 1045 1123 1099 expoposci,
1151 1045 1238 1085 eius
1258 1059 1324 1085 me
1344 1059 1440 1085 con·
1466 1060 1484 1088 G

86 1113 224 1160 potem
256 1107 341 1147 voti
371 1122 444 1148 vos
477 1107 610 1147 facere
641 1107 831 1160 potestis,
865 1107 899 1146 si
924 1106 1159 1146 meminisse
1184 1106 1326 1154 vultis,
1357 1121 1440 1146 non

86 1183 160 1209 vos
185 1169 227 1208 111
254 1168 424 1209 Samnio
449 1182 524 1208 nee
551 1168 591 1207 in
610 1167 794 1215 Volscis,
822 1167 895 1207 sed
919 1167 961 1206 in
979 1167 1166 1207 Romano
1193 1167 1280 1207 solo
1306 1173 1440 1207 castra

85 1229 254 1278 habere,
291 1229 325 1270 si
348 1229 439 1270 illos
465 1229 608 1277 colles,
636 1243 738 1281 quos
765 1228 947 1277 cernitis,
974 1229 1128 1282 patriae
1147 1235 1307 1269 vestrae
1333 1243 1437 1278 csse,

86 1291 121 1330 si
156 1291 265 1331 hune
302 1291 526 1331 exercitum
562 1291 713 1331 civium
750 1296 998 1339 vestrorum,
1048 1291 1082 1331 si
1124 1305 1189 1331 me
1227 1290 1437 1331 consulem

83 1359 282 1401 vestrum,
311 1353 426 1393 euius
453 1353 578 1393 ductu
604 1352 870 1406 auspicioque
894 1352 1027 1406 priore
1048 1368 1154 1394 anno
1173 1352 1237 1393 bis
1256 1353 1438 1408 legiones

86 1414 333 1456 Samnitium
364 1415 546 1464 fudistis,
585 1415 647 1456 bis
681 1421 814 1456 castra
844 1415 884 1455 vi
915 1415 1093 1469 cepistis.
1155 1430 1232 1471 ego
1259 1432 1350 1457 sum
1375 1416 1436 1457 M.
1466 1430 1481 1458 7

83 1476 272 1518 Valerius
300 1476 481 1526 Corvus,
508 1477 675 1526 milites,
709 1477 824 1517 euius
850 1492 923 1517 vos
949 1477 1202 1518 nobilitatem
1228 1477 1437 1520 beneficiis

84 1554 182 1594 erga
211 1555 303 1588 vos,
340 1555 422 1581 non
452 1540 610 1580 iniuriis
643 1540 850 1588 sensistis,
888 1540 1039 1580 nullius
1073 1540 1273 1594 superbae
1297 1542 1338 1581 in
1364 1557 1438 1582 vos

83 1601 204 1655 legis,
241 1601 392 1642 nullius
425 1601 600 1641 crudelis
633 1601 764 1642 senati
795 1601 970 1642 consulti
996 1608 1148 1651 auctor,
1181 1602 1221 1641 in
1248 1602 1438 1643 omnibus

83 1663 184 1703 meis
210 1661 391 1717 imperiis
416 1663 458 1703 in
483 1678 547 1703 me
574 1663 754 1704 severior
779 1678 903 1716 quam
928 1664 970 1703 in
994 1678 1082 1704 vos.
1144 1678 1191 1704 ae
1217 1664 1251 1703 si
1277 1664 1342 1704 eui
1366 1680 1438 1719 ge-
1463 1675 1481 1706 8

83 1740 179 1774 nus,
208 1725 241 1765 si
267 1725 333 1765 cui
359 1740 433 1765 sua
458 1725 604 1773 virtus,
634 1725 668 1764 si
694 1725 758 1764 cui
785 1725 905 1765 etiam
930 1725 1143 1773 maiestas,
1172 1725 1206 1765 si
1226 1726 1291 1765 cui
1310 1726 1439 1767 hono-

85 1801 148 1827 res
169 1786 344 1827 subdere
365 1786 530 1840 spiritus
551 1792 787 1839 potuerunt,
814 1786 848 1826 is
872 1801 982 1826 eram
1002 1794 1141 1836 natus,
1168 1787 1210 1826 id
1230 1788 1438 1841 specimen

84 1848 166 1888 mei
191 1848 401 1896 dederam,
429 1862 477 1888 ea
501 1854 633 1888 aetate
660 1848 918 1888 consulatum
943 1848 1115 1902 adeptus
1143 1864 1271 1898 eram,
1298 1858 1342 1889 ut
1366 1865 1438 1904 po-

85 1909 231 1949 tuerim
262 1909 333 1950 tris
360 1916 399 1949 et
425 1909 569 1963 viginti
594 1924 722 1950 annos
749 1916 869 1950 natus
896 1911 1039 1950 consul
1063 1910 1248 1964 patribus
1274 1926 1437 1965 quoque

85 1971 202 2011 ferox
221 1985 330 2019 esse,
356 1985 438 2011 non
459 1971 591 2011 solum
610 1971 732 2025 plebi.
770 1972 881 2024 quod
900 1986 1038 2012 meum
1056 1972 1211 2012 factum
1231 1973 1437 2014 dictumve
1463 1987 1481 2017 9

86 2032 266 2073 consulis
292 2033 459 2087 gravius
485 2047 609 2085 quam
634 2032 785 2073 tribuni
810 2033 1007 2074 audistis?
1032 2034 1176 2074 eodem
1196 2040 1336 2075 tenore
1356 2035 1436 2076 duo

84 2095 348 2147 insequentes
380 2094 616 2134 consulatus
647 2095 777 2148 gessi,
810 2095 955 2135 eodem
983 2095 1086 2136 haee
1110 2095 1330 2150 imperiosa
1354 2097 1438 2138 dic-

86 2162 220 2196 tatura
244 2162 419 2210 geretur,
450 2162 491 2195 ut
517 2169 649 2208 neque
674 2156 715 2196 111
739 2156 814 2197 1105
840 2171 954 2197 meos
980 2163 1020 2197 et
1042 2157 1197 2211 patriae
1221 2173 1337 2199 meae
1363 2150 1438 2199 mi*-

85 2218 176 2258 lites
203 2218 338 2258 mitior
363 2232 484 2271 quam
511 2218 554 2257 in
578 2232 651 2259 vos
677 2243 731 2247 —
755 2218 900 2260 horreo
920 2219 1054 2260 dicere
1075 2245 1128 2249 ——
1147 2219 1289 2262 hostis.
1339 2236 1437 2276 ergo
1464 2236 1504 2265 10

86 2294 160 2320 vos
197 2280 310 2333 prius
348 2279 389 2319 in
424 2294 490 2320 me
528 2280 770 2321 strinxeritis
807 2281 960 2322 ferrum
997 2296 1121 2335 quam
1156 2282 1198 2322 111
1228 2297 1302 2323 vos
1339 2298 1434 2338 ego:

85 2341 207 2382 istine
233 2341 351 2395 signa
375 2348 538 2391 canent,
564 2342 685 2383 istinc
710 2343 863 2384 clamor
886 2344 999 2398 prius
1024 2344 1190 2398 incipiet
1215 2351 1337 2398 atque
1361 2346 1437 2386 im-

84 2409 222 2457 petus,
251 2403 285 2443 si
304 2403 581 2444 dimicandum
607 2411 680 2444 cst.
723 2405 902 2446 inducite
928 2406 968 2445 in
994 2406 1194 2455 animum,
1221 2408 1330 2460 quod
1355 2423 1437 2449 non
1464 2422 1499 2451 11

85 2465 333 2505 induxerunt
367 2472 503 2520 patres
541 2466 686 2519 avique
723 2467 866 2516 vestri,
903 2483 984 2508 non
1014 2468 1071 2508 illi
1103 2468 1172 2521 qui
1202 2469 1244 2508 111
1276 2484 1436 2511 sacrum

86 2534 266 2567 montem
291 2534 565 2577 secesserunt,
593 2543 675 2569 non
699 2528 759 2577 hi,
787 2529 856 2582 qui
880 2537 1023 2584 postea
1048 2529 1303 2571 Aventinum
1327 2532 1436 2573 inse-

86 2589 242 2629 derunt.
281 2596 528 2644 exspectate,
556 2590 653 2630 dum
674 2590 790 2631 vobis
813 2591 998 2646 singulis,
1024 2600 1069 2633 ut
1089 2592 1185 2633 olim
1201 2592 1433 2644 Coriolano,
1463 2608 1501 2637 12

85 2657 235 2691 matres
257 2651 535 2706 coniugesque
556 2652 734 2693 crinibus
751 2654 886 2707 passis
907 2653 1052 2695 obviae
1071 2654 1122 2695 ab
1136 2655 1237 2696 urbe
1250 2656 1433 2698 veniant!

86 2719 171 2752 tum
185 2712 430 2754 Volscorum
450 2713 652 2769 legiones,
679 2715 775 2768 quia
794 2716 1028 2757 Romanum
1047 2716 1254 2759 habebant
1273 2718 1432 2769 ducem,
