1835 3226
319 289 398 330 182
654 291 805 326 LIBER
829 290 902 334 111,
929 291 983 324 61.
1004 291 1057 325 62.
1085 292 1323 336 [a·.u.e.3o5]

315 399 525 439 vissimam
550 395 693 444 aciem,
719 408 814 448 pars
839 392 966 434 libero
993 394 1124 448 spatio
1144 394 1406 436 circumvecti
1425 395 1506 435 iam
1525 395 1666 451 sugam

315 459 494 511 undique
520 462 783 511 capessentes
809 455 1027 510 plerosque
1052 471 1076 496 a
1100 456 1245 497 castris
1277 463 1467 497 avertunt
1492 464 1670 511 praeter-

251 536 290 564 ιο
315 520 627 574 equitantesque
663 517 904 558 absterrent.
961 517 1146 572 peditum
1182 518 1291 559 acies
1328 525 1367 559 et
1403 518 1547 560 consul
1582 519 1670 573 ipse

251 721 284 748 11

250 1152 289 1181 13

252 1401 291 1429 14

272 1768 290 1797 [Ο

276 2517 292 2544 ἶ)

279 2701 296 2729 G

313 583 458 635 visque
483 580 616 621 omnis
641 579 738 621 belli
762 579 891 620 fertur
914 579 956 620 in
981 585 1115 620 castra
1145 580 1357 635 captisque
1389 595 1483 621 cum
1513 581 1670 636 ingenti

315 644 450 692 caede,
477 642 630 683 maiore
654 642 809 696 praeda
832 642 998 696 potitur.
1380 652 1384 656 ‘

397 704 538 745 Huius
562 718 727 758 pugnae
751 703 864 744 fama
887 703 1045 758 perlata
1067 718 1149 744 non
1172 703 1216 744 in
1239 703 1384 745 mbem
1416 704 1558 754 modo,
1597 704 1670 745 sed

314 767 355 807 in
382 765 560 808 Sabinos
592 765 645 806 ad
676 765 849 806 alterum
880 765 1123 815 exercitum,
1160 765 1202 806 in
1232 765 1333 806 urbe
1365 765 1521 806 laetitia
1549 766 1672 807 modo

314 827 518 870 celebrata
548 834 629 877 est,
666 828 708 868 in
739 827 884 868 castris
915 827 1074 868 animos
1100 827 1274 868 militum
1300 828 1352 868 ad
1383 827 1672 869 aemulandum

315 890 439 931 decus
459 889 656 931 accendit.
693 889 776 930 iam
792 888 992 930 Horatius
1014 903 1084 930 eos
1099 889 1411 931 excursionibus
1428 889 1671 930 sufficiendo

314 951 561 1007 proeliisque
591 950 753 992 levibus
791 950 1044 1005 experiundo
1082 950 1388 1001 adsuefecerat,
1429 951 1507 992 sibi
1536 951 1672 1006 potius

313 1014 438 1055 fidere
475 1028 599 1067 quam
629 1013 867 1054 meminisse
902 1013 1153 1068 ignominiae
1190 1013 1515 1054 decemvirorum
1547 1013 1674 1053 ductu

315 1082 524 1130 acceptae,
557 1090 765 1130 parvaque
791 1075 1016 1116 certamina
1040 1075 1081 1115 in
1109 1090 1313 1116 summam
1339 1075 1463 1116 totius
1488 1074 1674 1129 profece-

314 1144 405 1178 rant
429 1138 528 1192 spei.
577 1152 653 1178 nec
678 1137 897 1179 cessabant
918 1136 1075 1187 Sabini,
1103 1137 1261 1178 feroces
1282 1137 1333 1178 ab
1352 1152 1395 1178 re
1414 1137 1547 1192 priore
1567 1151 1675 1177 anno

315 1199 418 1240 bene
444 1205 579 1253 gesta,
606 1198 808 1240 lacessere
835 1205 957 1252 atque
981 1200 1134 1240 instare
1158 1199 1403 1254 rogitantes,
1430 1199 1529 1252 quid
1553 1199 1674 1240 latro-

315 1261 410 1302 cinii
435 1261 557 1302 modo
575 1268 863 1315 procursantes
883 1261 1004 1315 pauci
1022 1267 1359 1314 recurrentesque
1378 1267 1553 1302 tererent
1572 1267 1674 1302 tcm-

314 1338 392 1378 pus
419 1329 458 1364 et
481 1323 524 1364 in
548 1323 675 1364 multa
695 1323 849 1378 proelia
868 1338 1076 1378 parvaque
1096 1330 1309 1378 carperent
1328 1339 1531 1364 summam
1550 1323 1673 1363 unius

317 1384 436 1426 belli?
470 1385 570 1438 quin
594 1384 652 1425 illi
678 1385 1022 1440 congrederentur
1047 1385 1132 1425 acie
1157 1385 1517 1438 inclinandamque
1544 1384 1672 1426 semel

315 1447 502 1488 fortunae
527 1462 613 1488 rem
639 1447 808 1487 darent?

399 1508 548 1549 LXII.
585 1508 657 1549 Ad
681 1509 722 1549 id
748 1509 858 1562 quod
884 1523 958 1549 sua
984 1515 1128 1562 sponte
1150 1508 1248 1549 satis
1270 1508 1498 1549 conlectum
1519 1508 1674 1548 animo-

315 1586 405 1611 rum
437 1577 540 1619 erat,
571 1571 814 1625 indignitate
846 1571 968 1611 etiam
993 1570 1172 1611 Romani
1203 1569 1543 1610 accendebantur.
1592 1570 1674 1610 iam

315 1632 488 1672 alterum
513 1632 737 1672 exercitum
761 1632 958 1672 victorem
983 1632 1024 1671 in
1043 1631 1187 1672 urbem
1207 1632 1444 1681 rediturum,
1472 1631 1549 1673 sibi
1570 1632 1675 1672 ultro

314 1709 387 1749 per
418 1694 686 1735 contumelias
718 1694 879 1735 hostem
910 1693 1119 1734 insultare.
1169 1694 1334 1746 quando
1372 1700 1509 1734 autem
1541 1708 1603 1742 se,
1642 1694 1674 1733 si

316 1763 402 1796 tum
426 1770 509 1796 non
535 1755 632 1804 sint,
664 1770 784 1810 pares
809 1754 998 1796 hostibus
1024 1754 1137 1795 fore?
1173 1754 1246 1795 ubi
1270 1755 1372 1795 haec
1402 1754 1576 1795 fremere
1601 1755 1675 1794 mi-

315 1818 428 1858 litem
458 1818 501 1858 in
532 1817 678 1858 castris
705 1817 848 1858 consul
881 1810 1027 1866 sensit,
1066 1816 1254 1857 contione
1285 1816 1485 1857 advocata
1517 1819 1676 1869 ‘quem-

315 1879 555 1920 admodum'
585 1879 718 1933 inquit
750 1879 810 1919 ‘in
840 1878 996 1934 Algido
1027 1892 1092 1919 res
1117 1884 1236 1933 gesta
1273 1877 1341 1927 sit,
1380 1877 1553 1919 arbitror
1587 1892 1675 1925 vos,

316 1941 484 1990 milites,
522 1941 702 1982 audisse.
752 1941 916 1995 qualem
947 1940 1065 1982 liberi
1099 1940 1242 1995 populi
1279 1939 1503 1980 exercitum
1540 1939 1678 1980 decuit

317 2019 421 2053 esse,
447 2004 539 2045 talis
566 2003 655 2045 fuit.
705 2004 877 2045 consilio
903 2003 1104 2059 collegae,
1130 2003 1280 2043 virtute
1306 2002 1481 2042 militum
1507 2001 1678 2043 victoria

317 2072 434 2120 parta
458 2072 532 2107 est.
581 2066 694 2120 quod
718 2066 770 2107 ad
795 2081 860 2106 me
885 2066 1046 2115 attinet,
1077 2065 1120 2105 id
1145 2064 1304 2106 consilii
1329 2064 1535 2117 animique
1560 2063 1677 2104 habi-

316 2136 430 2170 turus
458 2145 561 2178 sum,
589 2129 701 2183 quod
725 2144 812 2179 vos,
839 2129 1008 2178 milites,
1034 2128 1188 2184 geritis.
1239 2134 1278 2168 et
1303 2127 1408 2168 trahi
1432 2125 1586 2167 bellum
1612 2140 1677 2166 sa·-

317 2192 486 2233 lubriter
510 2199 550 2233 et
574 2199 732 2233 mature
756 2192 898 2247 perfici
922 2198 1071 2246 potest.
1123 2191 1158 2232 si
1188 2189 1433 2231 trahendum
1465 2194 1545 2237 est,
1584 2201 1674 2242 ego,

316 2261 360 2294 ut
390 2255 431 2295 in
462 2255 549 2295 dies
582 2269 676 2309 spes
707 2254 920 2307 virtusque
950 2260 1088 2294 vestra
1119 2258 1293 2300 crescat,
1330 2251 1474 2292 eadem
1505 2264 1587 2303 qua
1616 2249 1678 2289 in-

318 2317 429 2357 stitui
460 2316 675 2371 disciplina
706 2315 902 2365 efficiam3
941 2316 975 2356 si
1005 2315 1087 2356 iam
1119 2315 1219 2356 satis
1251 2313 1377 2355 animi
1408 2318 1470 2353 est
1495 2310 1677 2352 decerni-

317 2393 396 2432 que
420 2378 566 2434 placet‚
615 2379 825 2433 agitedum
851 2378 1084 2427 clamorem,
1111 2377 1274 2431 qualem
1299 2377 1340 2417 in
1365 2375 1451 2417 acie
1479 2374 1678 2416 sublaturi

318 2441 435 2490 estis,
473 2441 599 2482 tollite
635 2441 703 2482 hic
738 2441 915 2482 indicem
951 2440 1174 2481 voluntatis
1210 2438 1454 2491 virtutisque
1490 2435 1677 2477 vestrae.’

318 2508 536 2556 postquam
555 2503 712 2558 ingenti
731 2502 938 2544 alacritate
959 2501 1113 2543 clamor
1133 2506 1195 2542 est
1215 2500 1415 2549 sublatus,
1442 2498 1553 2553 quod
1572 2497 1676 2539 bene

319 2571 466 2614 vertat,
504 2571 718 2620 gesturum
750 2580 793 2606 se
819 2565 898 2606 illis
929 2579 1085 2605 morem
1110 2570 1358 2618 posteroque
1389 2562 1455 2603 die
1480 2561 1522 2602 in
1547 2559 1676 2601 aciem

320 2626 589 2668 deducturum
609 2628 808 2669 adfirmat.
846 2627 1049 2681 reliquum
1069 2626 1149 2667 diei
1169 2625 1416 2680 apparandis
1437 2622 1560 2664 armis
1580 2635 1675 2661 con-

323 2697 529 2742 sumptum
556 2696 628 2731 est.
678 2698 842 2745 postero
873 2691 939 2731 die
965 2689 1087 2731 simul
1118 2688 1265 2730 instrui
1288 2687 1520 2728 Romanam
1544 2681 1673 2723 aciem

325 2747 466 2790 Sabini
481 2751 629 2800 videre,
653 2759 690 2792 et
704 2753 784 2806 ipsi
798 2753 878 2793 iam
892 2751 1050 2806 pridem
1065 2750 1173 2792 avidi
1188 2747 1419 2791 certaminis
1434 2743 1672 2800 procedunt.
