1835 3226
308 1229 324 1257 *l

304 1508 323 1538 m

306 2241 324 2270 10

353 261 435 302 298
704 266 859 301 L1BER
881 267 928 311 V,
953 266 1011 301 48.
1031 266 1087 300 49.
1116 268 1165 310 [a.
1178 278 1212 301 u.
1227 278 1256 302 e.
1269 267 1352 312 364]

350 377 615 419 morerentur,
641 370 723 410 iam
742 369 908 424 pigritia
928 369 1113 424 singulos
1134 369 1358 424 sepeliendi
1376 371 1580 425 promisee
1598 387 1708 414 acer-

350 435 466 467 vatos
493 425 680 466 cumulos
706 425 918 466 hominum
944 425 1136 475 urebant3
1162 426 1460 480 bustorumque
1484 427 1581 469 inde
1607 426 1708 470 Gal-

349 483 520 523 licorum
545 482 709 523 nomine
734 482 940 537 insignem
966 482 1103 522 locum
1128 482 1276 523 fecere.

432 538 624 579 Indutiae
649 538 797 579 deinde
823 553 917 578 cum
941 538 1142 580 Romanis
1167 539 1301 579 factae
1322 546 1361 579 et
1380 539 1600 593 conloquia
1617 555 1709 595 per-

350 595 480 635 missu
504 595 798 649 imperatorum
822 594 981 643 habita3
1007 595 1050 635 in
1069 594 1219 648 quibus
1240 596 1576 636 eumidentidem
1598 595 1709 638 Galli

349 652 503 692 famem
521 651 729 692 obicerent
747 665 877 704 eaque
896 652 1142 692 necessitate
1162 651 1215 692 ad
1233 652 1482 693 deditionem
1502 662 1708 701 vocarent,

348 707 496 748 dicitur
521 708 767 748 avertendae
792 708 879 748 eius
905 707 1109 762 opinionis
1135 722 1261 749 causa
1290 708 1430 750 multis
1461 709 1562 750 loeis
1588 709 1707 763 panis

350 765 400 804 de
428 763 633 818 Capitolio
658 764 833 805 iactatus
860 779 950 804 esse
982 764 1025 804 in
1048 763 1230 805 hostium
1263 765 1473 806 stationes.
1530 766 1603 806 sed
1627 766 1710 806 iam

350 835 483 874 neque
509 820 758 861 dissimulari
783 835 917 874 neque
943 820 1039 860 ferri
1064 820 1169 861 ultra
1193 820 1325 862 fames
1352 827 1523 875 poterat.
1551 821 1707 875 itaque

349 877 448 917 dum
478 877 651 918 dictator
681 877 877 918 dilectum
906 891 980 932 per
1011 891 1055 917 se
1085 876 1251 918 Ardeae
1281 877 1422 926 habet,
1461 877 1707 932 magistrum

350 933 534 987 equitum
558 933 612 974 L.
639 932 854 974 Valerium
885 948 909 974 a
938 932 1055 974 Veiis
1087 933 1290 974 abducere
1326 933 1550 974 exercitum
1581 933 1708 982 iubet,

350 996 466 1044 parat
490 990 737 1043 instruitque
763 990 913 1043 quibus
939 989 1049 1030 haud
1074 990 1193 1044 inpar
1223 990 1431 1031 adoriatur
1455 990 1615 1039 hostes,
1647 991 1710 1030 in-

350 1047 467 1087 terim
490 1046 748 1101 Capitolinus
775 1047 977 1087 exercitus
1004 1046 1262 1095 stationibus,
1288 1046 1439 1101 vigiliis
1465 1046 1616 1096 fessus,
1643 1061 1712 1087 su-

349 1103 500 1157 peratis
526 1110 665 1143 tamen
688 1103 879 1144 humanis
905 1102 1097 1144 omnibus
1124 1103 1262 1151 malis,
1289 1117 1383 1143 cum
1407 1102 1561 1143 famem
1585 1118 1710 1143 unam

348 1166 494 1199 natura
518 1159 627 1199 vinei
651 1174 735 1199 non
760 1160 922 1208 sineret,
949 1159 1058 1199 diem
1083 1159 1133 1199 de
1159 1159 1225 1199 die
1244 1166 1525 1213 prospectans,
1551 1159 1711 1212 ecquod

351 1215 549 1256 auxilium
586 1215 637 1255 ab
669 1216 866 1256 dictatore
903 1223 1134 1269 appareret,
1177 1223 1386 1269 postremo
1423 1230 1496 1270 spe
1533 1229 1708 1269 quoque,

348 1272 430 1312 iam
455 1286 538 1312 non
564 1272 698 1312 solum
723 1271 815 1312 cibo
841 1272 1053 1311 deficiente
1079 1280 1136 1320 ct,
1169 1286 1264 1312 cum
1295 1272 1490 1312 stationes
1516 1271 1711 1325 procede-

348 1336 455 1377 rent,
487 1342 615 1382 prope
640 1327 907 1369 obruentibus
933 1327 1141 1367 infirmum
1166 1342 1313 1381 eorpus
1345 1327 1488 1376 armis,
1527 1327 1590 1367 vel
1615 1327 1710 1368 dedi

350 1384 415 1424 vel
438 1384 584 1425 redimi
610 1399 653 1424 se
678 1398 937 1437 quacumque
962 1383 1150 1437 pactione
1180 1390 1351 1438 possent
1380 1383 1518 1432 iussit,
1555 1383 1710 1424 iaetan-

350 1440 459 1481 tibus
484 1456 566 1481 non
592 1440 765 1481 obscure
793 1438 937 1488 Gallis,
965 1439 1076 1480 haud
1100 1455 1253 1495 magna
1277 1439 1464 1480 mercede
1490 1454 1535 1480 se
1560 1439 1708 1480 adduci

349 1511 490 1551 posse,
532 1504 578 1537 ut
614 1496 870 1537 obsidionem
905 1496 1148 1549 relinquant.
1214 1503 1301 1536 tum
1340 1502 1507 1536 senatus
1542 1495 1708 1536 habitus

350 1552 606 1606 tribunisque
643 1553 819 1593 militum
854 1552 1064 1607 negotium
1101 1552 1261 1601 datum,
1303 1558 1348 1592 ut
1389 1552 1705 1606 paciscerentur.

349 1609 443 1649 inde
479 1609 584 1649 inter
616 1608 668 1661 Q.
703 1607 933 1663 Sulpicium
968 1607 1177 1648 tribunum
1213 1608 1388 1648 militum
1424 1614 1464 1648 et
1494 1608 1708 1649 Brennum

349 1664 538 1719 regulum
577 1663 790 1706 Gallorum
827 1664 1044 1717 conloquio
1080 1671 1286 1704 transacta
1321 1678 1387 1705 res
1423 1671 1486 1705 est
1522 1671 1562 1705 et
1598 1664 1708 1705 mille

349 1722 486 1775 pondo
511 1721 599 1761 auri
630 1721 806 1775 pretium
835 1720 978 1775 populi
1007 1719 1199 1775 gentibus
1230 1735 1328 1760 mox
1356 1720 1595 1774 imperaturi
1625 1720 1710 1761 fac-

351 1786 449 1817 tum.
510 1778 568 1818 rei
595 1777 857 1818 foedissimae
887 1791 961 1830 per
986 1791 1029 1817 se
1060 1776 1219 1816 adiecta
1243 1776 1465 1830 indignitas
1497 1785 1577 1817 est:
1608 1791 1710 1831 pon-

350 1834 448 1874 dera
473 1833 524 1874 ab
551 1832 683 1875 Gallis
711 1833 847 1874 adlata
870 1833 1013 1885 iniqua
1043 1839 1082 1872 et
1112 1832 1275 1873 tribuno
1306 1839 1520 1873 recusante
1545 1833 1709 1873 additus

350 1890 401 1931 ab
427 1890 626 1931 insolente
655 1888 777 1931 Gallo
808 1889 980 1944 ponderi
1010 1888 1173 1944 gladius
1205 1889 1426 1942 auditaque
1456 1888 1712 1930 intoleranda

350 1946 550 1987 Romanis
577 1962 675 1987 vox:
707 1961 783 1987 vac
808 1946 927 1986 victis
953 1960 1057 1986 esse.

433 2002 778 2044 XXXXVHII.
836 2001 922 2043 Sed
965 2002 1103 2055 diique
1146 2009 1186 2042 et
1220 2001 1409 2042 homines
1450 2001 1708 2056 prohibuere,

349 2059 583 2114 redemptos
616 2060 753 2100 vivere
783 2058 1007 2099 Romanos.
1067 2073 1165 2098 nam
1200 2058 1306 2099 forte
1342 2058 1539 2110 quadam,
1577 2057 1711 2112 prius-

350 2131 475 2169 quam
499 2116 669 2157 infanda
694 2130 850 2156 merces
875 2115 1155 2170 perficeretur,
1182 2129 1255 2169 per
1279 2113 1584 2155 altercationem
1608 2128 1711 2154 non-

351 2173 449 2212 dum
486 2173 597 2213 omni
639 2187 736 2213 auro
779 2186 962 2226 appenso
1004 2172 1176 2211 dictator
1217 2170 1434 2210 intervenit
1477 2170 1709 2223 auferrique

351 2244 496 2269 aurum
521 2229 571 2269 de
597 2229 732 2269 medio
759 2235 798 2268 et
824 2227 968 2269 Gallos
995 2227 1243 2268 summoveri
1267 2225 1392 2267 iubet.
1448 2240 1541 2266 cum
1566 2225 1624 2266 illi
1648 2240 1710 2266 re-

350 2286 525 2326 nitentes
550 2293 693 2340 paetos
719 2285 900 2325 dicerent
926 2298 1029 2331 sese,
1056 2291 1191 2338 negat,
1220 2298 1310 2323 eam
1329 2282 1561 2337 pactionem
1580 2292 1710 2323 ratam

351 2356 456 2390 esse,
483 2356 605 2395 quae,
642 2348 862 2396 postquam
887 2340 976 2394 ipse
1002 2341 1174 2380 dictator
1199 2348 1358 2380 creatus
1385 2346 1512 2388 esset,
1549 2339 1709 2379 iniussu

353 2413 426 2439 suo
453 2398 504 2439 ab
529 2398 732 2439 inferioris
758 2397 856 2438 iuris
877 2397 1121 2451 magistratu
1140 2397 1248 2437 faeta
1267 2402 1388 2444 esset,
1415 2395 1708 2447 denuntiatque

354 2453 503 2503 Gallis,
541 2462 587 2495 ut
617 2469 661 2496 se
692 2455 745 2495 ad
774 2453 976 2508 proelium
1012 2453 1243 2507 expediant.
1305 2467 1402 2493 suos
1438 2451 1481 2492 in
1517 2465 1709 2492 acervum

353 2511 536 2551 conicere
562 2512 743 2552 sarcinas
769 2520 808 2550 et
833 2525 946 2550 arma
971 2517 1110 2563 aptare
1134 2509 1338 2562 ferroque,
1364 2523 1446 2549 non
1471 2523 1569 2548 auro
1594 2521 1710 2548 recu-

351 2582 493 2621 perare
517 2568 691 2622 patriam
715 2566 840 2616 iubet,
867 2567 910 2607 in
934 2572 1157 2620 conspectu
1181 2564 1379 2606 habentes
1405 2564 1502 2604 sana
1527 2564 1650 2604 deum
1670 2575 1709 2603 et

353 2624 547 2678 coniuges
580 2631 619 2665 et
647 2624 798 2665 liberos
830 2630 870 2664 et
901 2622 1033 2663 solum
1063 2622 1218 2676 patriae
1249 2621 1432 2662 deforme
1463 2620 1560 2661 belli
1590 2618 1707 2659 malis

308 2693 327 2720 4
354 2686 392 2719 et
416 2681 564 2729 omnia,
591 2695 696 2733 quae
722 2679 889 2720 defendi
913 2678 1124 2733 repetique
1149 2685 1189 2718 et
1206 2677 1350 2718 ulcisci
1368 2677 1432 2718 fas
1452 2676 1514 2717 sit.
1546 2674 1708 2715 instruit

354 2735 499 2775 deinde
525 2737 668 2786 aciem,
696 2743 738 2777 ut
762 2736 842 2777 loci
866 2742 1013 2776 natura
1035 2733 1284 2789 patiebatur,
1309 2733 1351 2773 in
1377 2732 1595 2774 semirutae
1621 2729 1708 2771 solo
