1780 3204
400 228 553 263 LIBER
578 227 706 273 VIIII,
731 228 784 262 19.
802 228 856 262 20.
885 230 933 271 [a.
948 226 986 261 C.
999 228 1076 262 318.
1089 227 1171 271 317]
1377 218 1460 259 463

110 340 149 375 et
174 348 268 375 cum
291 332 456 374 feminis
483 332 560 373 sibi
584 331 739 374 bellum
762 331 891 372 fuisse
917 331 1101 381 dixisset,
1128 330 1239 384 quod
1255 329 1374 386 Epiri
1397 346 1461 372 re·
1486 344 1523 373 11

108 410 204 452 gem
227 394 513 436 Alexandrum
544 394 752 435 mortifero
777 393 944 434 vulnere
974 394 1100 434 ictum
1131 393 1284 435 dixisse
1309 393 1458 444 ferunt,

109 465 260 501 sortem
284 458 483 499 bellorum
502 458 543 498 in
555 457 662 498 Asia
679 463 888 512 gestorum
909 456 960 498 ab
981 456 1060 498 hoc
1083 456 1174 511 ipso
1198 457 1345 498 iuvene
1365 472 1460 498 cum

110 536 185 562 sua
215 519 504 561 conferentem.
560 520 768 573 equidem,
801 534 894 560 cum
929 533 1003 574 per
1033 533 1162 560 annos
1198 526 1390 572 quattuor
1420 525 1461 561 et
1488 530 1526 560 12

108 583 254 637 viginti
279 582 411 637 primo
424 582 584 623 Punico
609 581 716 623 bello
742 580 944 622 classibus
971 587 1168 622 certatum
1195 596 1288 622 cuin
1306 581 1459 623 Poenis

108 645 315 694 recordor,
349 645 418 685 rix
450 651 625 685 aetatem
649 643 878 684 Alexandri
908 644 1174 684 suffecturam
1203 644 1333 685 fuisse
1368 659 1461 686 reor

109 707 160 747 ad
185 721 312 746 unum
342 706 512 747 bellum:
551 713 590 747 et
614 705 805 755 forsitan,
839 720 932 746 cum
957 712 997 746 et
1027 705 1261 747 foederibus
1286 707 1458 748 vetustis
1488 717 1526 746 13

108 769 248 809 iuncta
277 784 342 810 res
372 769 531 809 Punica
555 768 767 810 Romanae
799 775 907 809 esset
938 774 977 808 et
1008 768 1128 809 timor
1157 784 1231 823 par
1261 769 1459 810 adversus

110 845 370 871 communem
395 830 555 872 hostem
581 831 683 871 duas
708 830 1015 884 potentissimas
1041 830 1164 871 armis
1190 831 1369 884 virisque
1394 846 1461 871 ur-

109 891 182 933 bes
209 899 394 942 armaret,
418 893 538 933 simul
552 892 711 933 Punico
724 892 995 945 Romanoque
1014 891 1184 933 obrutus
1211 892 1317 934 bello
1337 899 1458 934 esset.

105 968 189 993 non
214 954 379 1007 quidem
404 953 644 995 Alexandro
668 954 771 994 duce
796 968 871 994 nec
896 954 1066 1008 integris
1091 953 1371 995 Macedonum
1395 970 1458 996 re-
1486 967 1525 995 14

105 1014 201 1063 bus,
236 1016 308 1056 sed
333 1016 489 1070 experti
514 1023 651 1056 tamen
677 1023 771 1056 sunt
794 1015 973 1056 Romani
998 1016 1272 1057 Macedonem
1297 1017 1459 1058 hostem

106 1077 303 1119 adversus
329 1078 600 1128 Antiochum,
628 1078 886 1132 Philippum,
912 1077 1082 1126 Persen,
1109 1093 1192 1118 non
1215 1080 1337 1119 modo
1363 1094 1456 1120 cum

105 1138 220 1180 clade
245 1140 339 1189 ulla,
367 1140 440 1181 sed
463 1155 514 1180 ne
536 1154 629 1180 cum
653 1139 833 1194 periculo
852 1139 1016 1192 quidem
1044 1154 1130 1180 suo.
1173 1139 1281 1180 absit
1304 1140 1459 1182 invidia
1487 1153 1526 1182 15

103 1200 230 1242 verbo
256 1209 295 1241 et
325 1201 459 1242 civilia
488 1201 596 1242 bella
627 1201 790 1250 sileant,
821 1215 1046 1254 numquam
1077 1200 1129 1241 ab
1161 1201 1296 1254 equite
1326 1201 1457 1251 hoste,

104 1277 327 1316 numquam
349 1278 372 1303 a
389 1263 538 1317 pedite,
554 1255 778 1316 numquam
794 1270 934 1317 aperta
947 1263 1045 1312 acie,
1061 1278 1285 1317 numquam
1301 1266 1456 1319 aequis,

102 1324 242 1377 utique
267 1339 493 1377 numquam
518 1325 668 1373 nostris
694 1325 794 1365 locis
819 1324 1109 1365 laboravimus.
1160 1326 1358 1379 equitem,
1392 1343 1456 1368 sa·
1483 1338 1522 1368 10

101 1385 238 1440 gittas,
259 1385 386 1426 saltus
404 1385 622 1439 inpeditos,
637 1386 729 1427 avia
749 1386 1046 1427 commeatibus
1065 1387 1156 1428 loca
1174 1388 1312 1443 gravis
1332 1390 1455 1431 armis

100 1446 217 1487 miles
243 1446 384 1487 timere
408 1454 562 1501 potest:
600 1448 710 1489 mille
736 1449 845 1490 acies
871 1449 1082 1503 graviores
1109 1464 1233 1503 quam
1257 1450 1456 1494 Macedo-
1485 1464 1524 1492 17

100 1523 199 1549 num
223 1516 344 1562 atque
369 1508 599 1551 Alexandri
623 1511 769 1552 avertit
794 1518 1047 1564 avertetque,
1080 1513 1203 1553 modo
1231 1513 1282 1553 sit
1310 1529 1456 1568 perpe-

100 1576 194 1612 tuus
220 1570 361 1621 huius,
394 1586 475 1625 qua
499 1572 696 1622 vivimus,
728 1573 843 1627 pacis
875 1588 991 1614 amor
1016 1580 1055 1614 et
1080 1573 1211 1615 civilis
1238 1589 1335 1616 cura
1360 1590 1457 1617 con-

101 1633 274 1674 cordiae.

183 1695 292 1736 XX.
333 1695 395 1737 M.
415 1696 581 1738 Foslius
606 1697 802 1738 Flaccina
826 1697 920 1737 inde
946 1704 986 1737 et
1008 1697 1062 1738 L.
1089 1697 1278 1738 Plautius
1304 1698 1453 1741 Venox
1482 1713 1495 1740 1

99 1757 289 1798 consules
315 1757 425 1798 facti.
463 1773 510 1799 eo
537 1774 642 1799 anno
668 1759 719 1799 ab
745 1758 1029 1812 frequentibus
1051 1757 1299 1800 Samnitium
1323 1775 1455 1816 popu-
1481 1774 1499 1803 ‘2

99 1818 149 1859 lis
175 1818 226 1858 de
251 1818 415 1859 foedere
441 1820 676 1860 renovando
701 1820 827 1875 legati
857 1834 950 1860 cum
983 1827 1170 1861 senatum
1194 1820 1309 1862 humi
1340 1824 1455 1864 strati

98 1880 338 1929 movissent,
364 1881 503 1921 reiecti
529 1882 580 1922 ad
604 1881 803 1936 populum
827 1881 1136 1935 hautquaquam
1161 1889 1244 1923 tam
1265 1883 1454 1926 efficaces

98 1941 306 1983 habebant
324 1957 479 1997 preces.
517 1944 654 1997 itaque
669 1945 719 1984 (10
733 1944 897 1985 foedere
917 1951 1125 1999 negatum,
1140 1945 1320 1986 indutiae
1340 1946 1454 1987 bien·
1480 1961 1498 1991 3

99 2004 168 2053 nii,
189 2019 282 2044 cum
301 2019 374 2059 per
392 2005 546 2058 aliquot
565 2006 651 2046 dies
678 2006 923 2061 fatigassent
944 2006 1127 2061 singulos
1154 2007 1357 2061 precibus,
1378 2009 1454 2049 im-

99 2073 294 2120 petratae.
339 2074 376 2107 et
403 2081 454 2107 ex
474 2066 629 2121 Apulia
642 2068 880 2109 Teanenses
902 2067 1197 2121 Canusinique,
1223 2070 1454 2128 populatio-
1480 2081 1501 2109 4

100 2127 222 2169 nibus
249 2128 362 2178 fessi,
390 2129 604 2170 obsidibus
629 2130 682 2170 L.
709 2129 874 2172 Plautio
900 2131 1059 2171 consuli
1085 2131 1190 2172 datis
1215 2131 1258 2171 in
1282 2132 1454 2174 deditio-

99 2204 194 2230 nem
219 2199 429 2231 venerunt.

185 2251 347 2292 Eodem
374 2268 481 2294 anno
511 2253 688 2308 primum
718 2254 916 2309 praefecti
943 2254 1131 2310 Capuam
1163 2255 1289 2296 creari
1321 2257 1454 2311 coepti
1479 2269 1497 2298 5

100 2313 263 2368 legibus
295 2314 347 2355 ab
377 2315 431 2355 L.
457 2315 584 2356 Furio
614 2323 801 2370 praetore
833 2317 957 2367 datis,
995 2333 1090 2359 cum
1119 2325 1338 2372 utrumque
1373 2319 1454 2374 ipsi

98 2390 173 2430 pro
197 2376 377 2417 remedio
403 2378 536 2431 aegris
561 2378 684 2419 rebus
710 2379 913 2420 discordia
941 2380 1135 2421 intestina
1159 2381 1370 2435 petissent.
1413 2388 1453 2422 et
1478 2393 1496 2423 6

100 2438 204 2478 duae
229 2437 388 2479 Romae
415 2440 577 2480 additae
602 2440 745 2489 tribus,
771 2441 974 2482 Ufentina
999 2457 1045 2482 ac
1069 2442 1257 2483 Falerna.

183 2499 395 2541 Inclinatis
423 2501 550 2542 semel
574 2502 614 2542 in
634 2501 791 2557 Apulia
814 2502 938 2544 rebus
964 2503 1115 2545 Teates
1141 2519 1304 2557 quoque
1323 2503 1452 2559 Apuli
1480 2519 1495 2546 7

98 2561 151 2601 ad
170 2576 297 2602 novos
320 2563 523 2612 consules,
541 2562 764 2604 C.lunium
779 2564 1028 2614 Bubulcum,
1046 2564 1098 2618 Q
1108 2564 1334 2606 Aemilium
1348 2566 1452 2607 Bar-

98 2621 257 2672 bulam,
289 2623 435 2665 foedus
460 2626 633 2680 petitum
656 2633 874 2676 venerunt,
907 2627 1021 2682 pacis
1046 2642 1119 2682 per
1144 2643 1308 2670 omnem
1332 2628 1452 2683 Apu-

94 2682 191 2725 liam
220 2687 492 2740 praestandae
521 2688 674 2743 populo
703 2688 894 2730 Romano
925 2696 1127 2732 auctores.
1180 2691 1224 2731 id
1259 2691 1452 2732 audacter
1476 2703 1495 2734 s
