1780 3204
507 269 660 304 LIBER
683 268 753 309 vi,
780 269 809 301 o.
838 270 884 310 [a.
903 266 940 301 0.
954 266 1148 311 ass-356]
1426 258 1502 297 311

159 377 300 417 urbem
327 374 477 422 attulit,
505 372 694 413 Antiates
714 372 755 412 in
775 371 897 412 armis
919 385 1009 411 esse
1027 370 1356 422 Latinorumque
1376 383 1507 423 popu-

157 439 218 478 los
249 438 503 478 iuventutem
529 450 644 476 suam
670 434 833 474 misisse
859 434 911 474 ad
936 433 978 474 id
1002 432 1174 481 bellum,
1206 446 1254 472 00
1279 431 1506 473 abnuentes

158 499 367 554 publicum
399 498 528 538 fuisse
560 497 793 545 consilium,
831 495 942 548 quod
971 510 1053 535 non
1077 494 1304 548 prohibitos
1330 500 1508 534 tantum—

159 561 280 602 modo
311 559 561 600 voluntarios
592 559 771 599 dicerent
797 557 968 597 militare
994 556 1065 597 ubi
1091 556 1251 596 vellent.
1301 556 1507 596 desierant

158 624 238 663 iam
266 622 346 662 ulla
372 621 576 662 contemni
600 620 719 661 bella.
757 620 893 672 itaque
914 625 1079 659 senatus
1100 618 1177 658 diis
1198 632 1320 673 agere
1339 618 1505 672 gratias,

158 685 267 738 quod
289 683 488 724 Camillus
514 682 555 722 in
580 682 822 736 magistratu
848 686 974 721 esset:
1007 679 1246 720 dictatorem
1272 680 1423 734 quippe
1448 679 1509 719 di-

159 746 333 786 cendum
359 760 452 785 eum
478 744 625 793 fuisse,
659 744 693 784 si
717 743 900 798 privatus
927 752 1048 784 esset.
1098 750 1137 783 et
1163 742 1344 797 collegae
1374 742 1506 791 fateri,

160 808 344 863 regimen
370 806 551 848 omnium
577 820 730 854 rerum,
762 805 833 845 ubi
858 804 956 858 quid
981 804 1117 845 bellici
1142 805 1306 845 terroris
1331 805 1506 859 ingruat,

158 870 198 909 111
219 870 304 910 viro
325 884 406 909 uno
427 883 518 909 esse
538 868 697 920 sibique
717 867 966 907 destinatum
986 867 1028 906 111
1047 866 1184 906 animo
1205 881 1308 915 esse,
1332 865 1507 907 Camillo
1537 882 1551 908 ῖ

159 932 408 972 summittere
428 931 662 984 imperium,
688 943 764 970 1100
782 929 1001 982 quicquam
1023 929 1073 969 de
1099 929 1312 969 maiestate
1339 944 1413 969 sua
1438 929 1508 969 de-

158 1000 331 1033 tractum
362 993 544 1041 credere,
582 992 693 1044 quod
723 991 927 1031 maiestati
959 990 1046 1031 01115
1078 991 1155 1030 viri
1191 991 1505 1032 concessissent.

158 1054 411 1095 conlaudatis
437 1054 488 1095 ab
515 1060 661 1095 senatu
686 1053 859 1094 tribunis
886 1060 925 1093 et
949 1053 1037 1106 ipse
1060 1051 1280 1101 Camillus,
1307 1052 1506 1093 confusus

157 1116 304 1166 animo,
324 1116 476 1170 gratias
497 1116 592 1170 egit.
630 1115 776 1170 ingens
795 1115 890 1155 inde
911 1115 967 1155 ait
986 1129 1089 1155 onus
1110 1130 1134 1154 a
1152 1115 1304 1168 populo
1317 1115 1507 1155 Romano

157 1177 252 1227 sibi,
279 1179 348 1232 qui
374 1192 418 1218 se
443 1178 682 1218 dictatorem
706 1177 787 1216 iam
814 1182 1004 1229 quartum
1031 1183 1228 1225 creasset,
1261 1191 1458 1230 magnum
1484 1191 1509 1216 a

157 1246 300 1280 senatu
325 1239 474 1280 talibus
500 1240 551 1279 de
577 1254 620 1279 se
646 1239 807 1279 iudiciis
834 1238 920 1278 eius
947 1238 1119 1286 ordinis,
1151 1253 1391 1278 maxumum
1424 1245 1507 1278 tam

155 1301 444 1341 honoratorum
470 1301 718 1355 collegarum
745 1300 942 1353 obsequio
968 1299 1138 1354 iniungi.
1189 1299 1327 1353 itaque
1354 1300 1507 1353 siquid
1533 1317 1542 1341 1

153 1361 303 1402 laboris
324 1362 638 1416 vigiliarumque
659 1362 764 1402 adici
782 1361 931 1416 possit,
959 1367 1183 1402 certantem
1204 1376 1344 1402 secum
1370 1362 1506 1416 ipsum

154 1423 410 1472 adnisurum,
446 1430 492 1464 ut
521 1430 633 1464 tanto
664 1424 714 1464 de
746 1438 789 1464 se
821 1438 1026 1464 consensu
1057 1424 1232 1464 civitatis
1259 1424 1506 1478 opinionem,

154 1499 258 1538 quae
283 1485 462 1526 maxima
488 1486 557 1534 sit,
585 1486 706 1526 etiam
733 1492 990 1527 constantem
1016 1486 1180 1527 efficiat.
1218 1487 1331 1540 quod
1350 1487 1403 1527 ad
1421 1486 1507 1528 bel-

153 1546 237 1587 lum
256 1553 378 1600 atque
397 1547 589 1588 Antiates
609 1548 795 1597 attineat,
822 1548 915 1602 plus
941 1548 998 1589 ibi
1023 1549 1226 1589 minarum
1252 1563 1376 1601 quam
1401 1549 1507 1603 peri-

155 1608 235 1649 culi
265 1623 369 1649 esse.
419 1624 463 1650 se
494 1616 648 1658 tamen,
686 1616 732 1650 ut
762 1610 863 1650 nihil
894 1611 1082 1659 timendi,
1117 1611 1175 1651 sie
1200 1610 1301 1650 nihil
1326 1617 1508 1651 contem-

153 1670 277 1711 nendi
307 1678 514 1712 auctorem
546 1686 650 1713 esse.
700 1672 991 1713 circumsederi
1021 1672 1164 1713 urbem
1190 1672 1423 1713 Romanam
1454 1673 1505 1713 ab

154 1731 307 1772 invidia
332 1739 371 1773 et
396 1734 489 1773 odio
514 1734 798 1775 finitimorum:
829 1734 967 1787 itaque
993 1742 1031 1775 et
1058 1734 1231 1775 ducibus
1256 1734 1442 1788 pluribus
1469 1742 1508 1776 et

156 1794 401 1835 exercitibus
427 1795 791 1835 administrandam
817 1811 903 1836 rem
933 1796 1142 1850 publicam
1174 1810 1278 1837 esse.
1329 1796 1417 1845 ‘te,’
1448 1797 1509 1837 in·
1557 1818 1572 1839 ·.

156 1855 244 1906 quit
265 1855 331 1895 ‘P.
347 1855 499 1905 Valeri,
528 1857 683 1897 socium
703 1858 863 1911 imperii
883 1858 1122 1910 consiliique
1141 1858 1324 1913 legiones
1345 1873 1507 1899 1110011111

157 1916 354 1956 adversus
379 1916 592 1958 Antiatem
616 1918 777 1959 hostem
803 1920 951 1959 ducere
980 1919 1133 1973 placet3
1171 1926 1228 1969 te,
1263 1919 1314 1972 Q.
1344 1919 1505 1969 Servili,

158 1977 284 2018 altero
309 1979 488 2019 exercitu
514 1979 711 2020 instructo
735 1987 959 2034 paratoque
984 1981 1026 2021 in
1052 1981 1152 2022 urbe
1178 1989 1312 2022 castra
1341 1981 1506 2031 habere,

158 2039 369 2089 intentum,
398 2040 483 2081 sive
496 2041 663 2082 Etruria
683 2057 726 2082 se
744 2043 919 2091 interim,
940 2050 985 2082 ut
1004 2057 1146 2097 nuper,
1175 2044 1260 2084 sive
1280 2059 1387 2084 nova
1406 2044 1507 2085 haec

159 2115 272 2150 cura,
298 2101 439 2142 Latini
460 2109 581 2156 atque
600 2103 771 2143 Hernici
791 2105 1003 2145 moverint.
1040 2119 1114 2159 pro
1140 2111 1249 2146 certo
1274 2105 1426 2155 habeo,
1450 2106 1509 2161 ita

158 2177 244 2202 10111
269 2170 501 2217 gesturum,
534 2172 577 2205 ut
601 2173 733 2219 patre,
760 2181 837 2206 avo
862 2173 982 2219 teque
1007 2167 1097 2221 ipso
1123 2182 1169 2208 ae
1197 2182 1271 2208 sex
1295 2167 1509 2209 tribunati-

158 2224 235 2265 bus
257 2225 427 2280 dignum
448 2235 521 2266 est.
560 2227 702 2268 tertius
729 2228 930 2269 exercitus
957 2243 1009 2268 ex
1034 2229 1230 2269 causariis
1257 2229 1506 2270 senioribus-

158 2300 237 2339 que
257 2302 280 2327 a
294 2288 346 2327 L.
364 2287 558 2339 Quinctio
573 2289 784 2339 scribatur,
805 2291 875 2342 qui
890 2290 979 2331 urbi
992 2290 1290 2344 moenibusque
1302 2292 1507 2345 praesidio

160 2348 223 2388 sit.
261 2348 528 2390 L.Horatius
548 2365 673 2399 arma,
700 2351 791 2400 tela,
819 2351 1082 2401 frumentum,
1109 2366 1295 2405 quaeque
1316 2352 1412 2393 belli
1430 2353 1509 2394 alia

159 2416 342 2464 tempora
365 2417 537 2464 poscent
560 2412 784 2465 provideat.
839 2420 897 2463 te,
926 2412 1045 2455 Servi
1067 2413 1249 2463 Corneli,
1275 2415 1505 2468 praesidem

159 2471 280 2512 huius
310 2472 464 2526 publici
495 2474 670 2523 consilii,
703 2476 915 2516 custodem
938 2476 1201 2531 religionum,
1235 2476 1504 2526 comitiorum,

158 2533 308 2588 legum,
330 2549 465 2574 rerum
485 2536 666 2576 omnium
686 2536 934 2578 urbanarum
953 2538 1134 2593 collegae
1155 2538 1356 2579 facimus?
1387 2553 1509 2579 eune-

158 2596 209 2636 tis
234 2596 275 2635 in
300 2602 436 2650 partes
462 2598 641 2638 muneris
662 2598 725 2638 sui
744 2598 920 2654 benigne
938 2599 1224 2654 pollicentibus
1245 2615 1410 2654 operam
1423 2599 1509 2642 Va-

157 2656 281 2697 lerius
314 2658 448 2699 socius
479 2659 639 2714 imperii
667 2660 797 2701 lectus
828 2661 992 2711 adiecit,
1029 2661 1091 2703 M.
1123 2661 1294 2703 Furium
1326 2662 1404 2703 sibi
1433 2677 1507 2717 pro

159 2719 353 2761 dictatore
379 2735 504 2774 seque
530 2722 566 2762 ei
585 2737 658 2776 pro
676 2723 875 2777 magistro
895 2724 1077 2777 equitum
1096 2723 1279 2765 futurum
1287 2741 1298 2774 3
1323 2724 1505 2779 proinde,

1536 1502 1574 1528 lt)

1539 1689 1544 1715 1
1559 1689 1570 1715 1

1537 1936 1574 1964 13

1535 2243 1575 2272 14

1535 2429 1574 2457 15

1537 2553 1574 2582 16

1536 2738 1573 2767 17
