1835 3226
323 937 341 966 {0

373 265 425 305 10
734 272 886 305 LIBER
904 271 937 314 1,
958 271 988 304 6.
1016 271 1045 304 7.
1073 273 1359 316 [a.u.0.1-37]

367 376 448 429 pio.
504 374 695 426 quoniam
724 372 879 426 gemini
910 380 1048 413 essent
1078 386 1154 413 nec
1184 374 1328 414 aetatis
1359 375 1606 416 verecundia
1640 377 1724 418 dis-

369 436 522 476 crimen
545 434 681 474 facere
704 440 864 487 posset,
901 443 945 474 ut
970 434 1044 482 dii,
1081 447 1257 486 quorum
1288 434 1438 475 tutelae
1469 450 1517 476 ea
1547 435 1637 476 loca
1660 451 1724 477 es-

370 502 476 543 sent,
509 494 690 550 auguriis
715 494 916 549 legerent,
948 495 1018 548 qui
1042 509 1194 536 nomen
1217 510 1349 537 novae
1374 495 1466 537 urbi
1490 497 1622 544 daret,
1654 497 1723 549 qui

367 556 574 597 conditam
620 556 791 610 imperio
832 563 1009 611 regeret,
1058 555 1264 597 Palatium
1298 557 1519 607 Romulus,
1568 557 1724 598 Remus

367 617 623 658 Aventinum
648 617 700 657 ad
723 617 1054 672 inaugurandum
1079 618 1232 672 templa
1256 619 1436 673 capiunt.

453 678 554 719 VH.
601 678 736 719 Priori
760 678 894 720 Remo
926 680 1145 734 augurium
1176 680 1340 721 venisse
1371 680 1501 721 fertur
1532 695 1605 721 sex
1636 681 1725 721 vul-

367 746 496 789 tures,
528 741 692 793 iamque
717 741 904 782 nuntiato
929 741 1100 796 augurio
1126 756 1220 782 cum
1245 741 1398 796 duplex
1416 756 1617 782 numerus
1641 741 1726 782 Ro-

367 801 480 842 mulo
518 816 609 842 sese
645 802 914 852 ostendisset,
960 810 1178 856 utrumque
1213 817 1355 858 regem
1397 818 1472 844 sua
1506 803 1726 843 multitudo

369 862 710 904 consalutaverat.
777 870 960 918 tempore
1001 864 1060 904 illi
1100 872 1336 919 praecepto,
1386 873 1428 906 at
1465 864 1508 905 hi
1554 879 1725 904 numero

370 924 509 965 avium
532 939 708 980 regnum
732 925 959 966 trahebant.
990 926 1085 967 inde
1111 941 1205 966 cum
1225 926 1487 967 altercatione
1513 926 1726 981 congressi

367 986 588 1028 certamine
612 987 766 1027 irarum
790 987 843 1028 ad
867 988 1036 1028 caedem
1060 996 1285 1028 vertuntur.
1328 988 1385 1028 ibi
1409 988 1452 1028 in
1476 987 1596 1028 turba
1619 988 1725 1028 ictus

366 1047 523 1089 Remus
549 1048 707 1089 cecidit.
744 1049 948 1104 vulgatior
967 1049 1078 1090 fama
1098 1056 1171 1098 est,
1191 1049 1368 1090 ludibrio
1387 1049 1525 1089 fratris
1547 1049 1726 1089 Remum

367 1123 496 1150 novos
522 1109 777 1151 transiluisse
802 1125 954 1159 muros,
980 1111 1074 1151 inde
1100 1110 1152 1151 ab
1177 1111 1279 1151 irato
1299 1110 1491 1159 Romulo,
1518 1125 1613 1150 cum
1637 1124 1726 1150 ver-

367 1170 430 1211 bis
462 1186 624 1224 quoque
654 1172 903 1226 increpitans
935 1173 1153 1213 adiecisset
1190 1173 1268 1213 ‘sic
1298 1172 1446 1213 deinde
1477 1172 1727 1225 quicumque

368 1232 472 1273 alius
499 1233 698 1273 transiliet
723 1234 885 1274 moenia
910 1233 1053 1283 meal',
1085 1234 1358 1275 interfectum.
1403 1234 1459 1275 ita
1485 1233 1597 1274 solus
1622 1233 1727 1287 poti-

367 1300 433 1333 tus
457 1293 629 1347 imperio
654 1293 878 1344 Romulus,
906 1295 1069 1336 condita
1093 1295 1191 1336 urbs
1218 1295 1440 1336 conditoris
1465 1295 1630 1335 nomine
1655 1309 1727 1349 ap-

367 1354 530 1408 pellata.

451 1415 660 1457 Palatium
684 1417 880 1471 primum,
917 1418 959 1458 in
984 1432 1066 1471 quo
1090 1418 1180 1472 ipse
1206 1425 1292 1459 erat
1317 1418 1534 1467 educatus,
1566 1418 1724 1458 muniit.

368 1491 484 1518 sacra
508 1478 586 1519 diis
612 1479 702 1519 aliis
727 1478 895 1520 Albano
919 1480 1012 1529 ritu,
1041 1478 1202 1521 Graeco
1227 1480 1414 1528 Herculi,
1441 1488 1484 1520 ut
1510 1479 1561 1521 ab
1586 1479 1727 1520 Evan-

367 1539 441 1579 dro
465 1540 651 1580 instituta
676 1548 808 1590 erant,
835 1541 947 1582 facit.
1002 1541 1230 1582 Herculem
1253 1542 1296 1582 in
1322 1556 1370 1582 ea
1393 1541 1485 1582 loca
1531 1540 1726 1596 Geryone

366 1601 609 1656 interempto
648 1602 776 1643 boves
802 1603 905 1644 mira
924 1604 1059 1657 specie
1079 1603 1269 1659 abegisse
1288 1611 1516 1644 memorant
1535 1618 1583 1644 ac
1600 1618 1727 1658 prope

368 1661 552 1703 Tiberim
587 1663 778 1712 fluxium,
821 1679 903 1717 qua
943 1679 1041 1719 prae
1080 1679 1123 1705 se
1160 1673 1390 1706 armentum
1426 1679 1554 1719 agens
1590 1665 1726 1705 nando

367 1724 597 1773 traiecerat,
634 1724 726 1766 loco
751 1725 940 1774 herbido,
978 1735 1023 1766 ut
1048 1727 1183 1779 quiete
1215 1734 1254 1767 et
1284 1726 1437 1780 pabulo
1467 1726 1634 1766 laetiore
1665 1740 1728 1766 re-

367 1784 506 1825 ficeret
531 1785 677 1835 boves,
710 1794 749 1827 et
774 1787 912 1841 ipsum
937 1787 1096 1828 fessum
1122 1788 1188 1828 via
1211 1787 1496 1842 procubuisse.
1550 1787 1607 1828 ibi
1633 1802 1726 1828 cum

368 1861 463 1887 eum
488 1846 580 1888 cibo
605 1848 782 1901 vinoque
806 1857 1024 1903 gravatum
1043 1864 1166 1903 sopor
1184 1849 1470 1903 oppressisset,
1496 1855 1638 1903 pastor
1662 1862 1729 1889 ac-

368 1908 458 1949 cola
488 1908 576 1949 eius
606 1908 686 1950 loci
716 1910 882 1950 nomine
909 1909 1066 1959 Cacus,
1105 1910 1223 1951 ferox
1253 1909 1429 1959 viribus,
1467 1918 1612 1964 captus
1637 1909 1728 1964 pul-

367 1969 596 2011 chritudine
620 1970 747 2011 boum
773 1986 866 2012 cum
892 1978 1075 2013 avertere
1100 1986 1192 2012 eam
1215 1972 1412 2026 praedam
1436 1971 1578 2021 vellet,
1617 1971 1726 2024 quia,

369 2031 404 2072 si
428 2032 589 2086 agendo
614 2039 844 2075 armentum
868 2033 910 2073 in
937 2033 1176 2088 speluncam
1201 2033 1487 2088 compulisset,
1519 2033 1611 2088 ipsa
1635 2047 1728 2073 ves-

372 2093 474 2148 tigia
504 2102 769 2146 quaerentem
808 2095 1021 2136 dominum
1053 2109 1101 2136 eo
1132 2095 1359 2135 deductura
1389 2102 1521 2143 erant,
1559 2108 1727 2135 aversos

369 2153 509 2203 boves,
536 2155 733 2196 eximium
757 2170 963 2210 quemque
985 2156 1301 2211 pulchritudine,
1328 2156 1470 2197 caudis
1495 2156 1538 2196 in
1563 2155 1728 2209 spelun-

369 2230 460 2256 cam
484 2217 618 2257 traxit.

453 2277 656 2319 Hercules
682 2278 735 2319 ad
758 2279 934 2333 primam
959 2294 1147 2320 auroram
1174 2295 1318 2321 somno
1338 2280 1496 2321 excitus
1517 2294 1613 2320 cum
1636 2294 1728 2334 gre-

367 2353 461 2394 gem
487 2339 777 2393 perlustrasset
802 2341 931 2382 oculis
958 2348 998 2381 et
1021 2349 1180 2395 partem
1207 2341 1353 2382 abesse
1377 2356 1549 2382 numero
1575 2341 1727 2382 sensis-

369 2408 448 2449 set,
485 2402 619 2457 pergit
643 2402 696 2442 ad
719 2403 948 2456 proximam
975 2403 1233 2457 speluncam,
1272 2403 1306 2444 si
1337 2402 1442 2444 forte
1473 2417 1521 2444 eo
1551 2402 1727 2457 vestigia

367 2463 532 2504 ferrent.
579 2478 684 2517 quae
710 2464 781 2505 ubi
806 2465 943 2505 onmia
968 2465 1079 2506 foras
1117 2480 1239 2506 versa
1263 2465 1366 2505 vidit
1397 2479 1471 2506 nec
1496 2465 1539 2505 in
1568 2472 1725 2519 partem

368 2525 490 2565 aliam
514 2524 632 2574 ferre,
659 2526 857 2567 confusus
883 2534 1005 2580 atque
1029 2527 1208 2568 incertus
1235 2527 1361 2567 animi
1385 2541 1436 2568 ex
1460 2526 1551 2568 loco
1575 2525 1725 2566 infesto

368 2601 490 2641 agere
525 2601 647 2641 porro
683 2596 912 2628 armentum
949 2589 1119 2643 occepit.
1179 2589 1275 2629 inde
1312 2603 1406 2629 cum
1448 2595 1562 2629 actae
1597 2586 1723 2627 boves

369 2648 570 2700 quaedam
595 2648 647 2689 ad
672 2649 932 2698 desiderium,
959 2657 1004 2690 ut
1028 2650 1084 2699 fit,
1110 2650 1344 2691 relictarum
1365 2649 1609 2704 mugissent,
1633 2647 1725 2687 red-

370 2709 453 2749 dita
487 2709 739 2751 inclusarum
775 2725 825 2751 cx
863 2711 1059 2765 spelunca
1093 2712 1218 2753 boum
1255 2727 1336 2752 vox
1368 2709 1589 2751 Herculem
1629 2723 1724 2749 con-
