1780 3204
463 251 616 286 LIBER
643 252 771 296 vim,
797 251 848 286 40.
877 251 1132 295 [a.e.310s09]
1395 242 1479 283 485

212 356 417 397 XXXX.
449 355 545 396 Pari
571 355 744 397 subinde
768 356 949 411 periculo
974 356 1209 411 gloriaeque
1228 363 1375 397 eventu
1395 355 1480 396 bel-

129 419 213 459 lum
238 419 280 458 in
306 416 561 459 Samnitibus
588 425 691 467 erat,
723 418 792 472 qui
822 425 983 472 praeter
1007 424 1162 459 eeteros
1188 417 1283 459 belli
1309 433 1479 473 appara-

129 488 194 520 tus
220 486 263 520 ut
288 479 396 520 acies
423 494 498 520 sua
521 478 698 534 fulgeret
728 480 847 520 novis
878 494 1084 520 armorum
1115 480 1346 535 insignibus
1370 479 1480 520 fece-

129 549 233 583 runt.
287 542 368 583 duo
405 542 607 582 exereitus
645 548 777 591 erant,
816 548 931 582 scuta
962 542 1128 583 alterius
1159 557 1276 592 auro,
1314 542 1478 583 alterius

129 611 298 659 argento
335 604 618 644 caelaverunt:
656 604 789 644 forma.
819 611 904 644 erat
941 604 1063 653 scuti,
1102 619 1308 645 summum
1344 604 1478 652 latius,

129 682 210 719 qua
250 672 392 720 pectus
430 672 550 719 atquc
586 666 717 706 umeri
759 672 968 721 teguntur,
1006 666 1174 721 fastigio
1211 665 1390 719 aequali,
1429 665 1480 706 ad

1505 554 1523 581 Ιῦ

129 729 256 768 imum
288 728 496 768 cuneatior
526 727 762 768 mobilitatis
794 742 937 777 causa3
976 729 1149 783 spongia
1179 728 1334 783 pectori
1364 734 1481 782 tegu—
1506 740 1523 767 3

129 796 311 830 mentum
337 796 376 829 et
402 789 610 829 sinistrum
637 804 729 830 erus
756 804 875 830 ocrea
899 796 1051 830 tectum
1061 806 1071 839 3
1108 790 1251 845 galeae
1277 790 1479 838 cristatae,

129 866 234 905 quae
272 852 450 906 speciem
493 851 766 906 magnitudini
802 865 1018 905 corporum
1055 852 1276 901 aclderent3
1319 852 1481 892 tunicae

129 914 281 954 auratis
307 912 505 953 militibus
531 912 817 961 versicolores,
850 913 1072 967 argentatis
1097 913 1244 953 linteae
1270 913 1479 953 candidae.

128 975 191 1015 his
218 975 406 1015 dextrum
427 989 551 1015 cornu
571 975 724 1023 datum,
750 974 807 1014 illi
831 975 874 1014 in
899 975 1062 1015 sinistro
1082 975 1322 1015 consistunt.
1360 982 1481 1015 notus

128 1037 210 1077 iam
235 1036 432 1077 Romanis
459 1043 678 1090 apparatus
704 1036 929 1090 insignium
954 1051 1161 1076 armorum
1191 1035 1325 1076 fuerat
1355 1036 1483 1076 docti-

129 1113 207 1151 que
233 1113 255 1138 a
281 1097 455 1138 ducibus
481 1104 613 1146 crant,
645 1097 854 1137 horridum
880 1097 1051 1137 militem
1076 1111 1168 1138 esse
1199 1097 1366 1145 debere,
1400 1111 1482 1137 non

129 1159 327 1201 caelatum
366 1174 462 1200 auro
500 1167 538 1199 et
574 1167 762 1213 argento,
802 1159 874 1198 sed
910 1158 1018 1199 ferro
1054 1165 1094 1199 et
1129 1159 1275 1199 animis
1313 1159 1480 1199 fretum:

127 1222 278 1276 quippe
303 1222 371 1261 illa
394 1221 589 1275 praedam
614 1221 750 1260 verius
776 1234 899 1272 quam
926 1235 1039 1260 arma
1063 1235 1167 1269 esse,
1194 1221 1363 1261 nitentia
1390 1226 1482 1260 ante

126 1298 231 1331 rem,
257 1282 457 1323 deformia
480 1282 584 1322 inter
609 1281 852 1336 sanguinem
884 1288 923 1321 et
948 1282 1117 1322 vulnera
1126 1298 1136 1331 3
1174 1282 1365 1323 virtutem
1392 1296 1482 1322 esse

127 1345 265 1385 militis
297 1345 422 1384 decus
454 1350 493 1384 et
523 1343 660 1384 onmia
689 1343 757 1383 illa
788 1343 1001 1384 victoriam
1039 1344 1155 1397 sequi
1186 1350 1224 1384 et
1256 1344 1381 1384 ditem
1410 1342 1484 1384 ho-

128 1412 231 1447 stem
256 1405 443 1459 quamvis
469 1405 661 1460 pauperis
688 1405 853 1446 victoris
879 1405 1107 1459 praemium
1134 1420 1238 1447 esse.
1287 1405 1351 1446 his
1379 1404 1484 1446 Cur-

128 1482 195 1509 sor
223 1466 395 1508 vocibus
432 1467 648 1508 instinctos
679 1467 828 1508 milites
859 1467 900 1507 in
930 1467 1131 1521 proelium
1162 1467 1286 1508 ducit.
1341 1467 1484 1507 dextro

126 1531 215 1585 ipse
241 1545 367 1571 cornu
391 1530 588 1579 consistit,
617 1529 779 1570 sinistro
800 1529 997 1584 praefecit
1021 1530 1265 1584 magistrum
1285 1529 1482 1582 equitum.

129 1592 250 1633 simul
286 1598 349 1633 est
385 1606 648 1641 coneursum,
686 1592 833 1646 ingens
870 1592 947 1632 fuit
985 1606 1079 1631 cum
1109 1591 1227 1631 hoste
1264 1597 1481 1638 certamen,

126 1670 209 1695 non
246 1654 412 1709 segnius
449 1654 554 1694 inter
584 1654 823 1694 dictatorem
854 1660 893 1694 et
924 1653 1168 1708 magistrum
1198 1652 1400 1706 equitum,
1433 1651 1484 1692 ab

127 1724 218 1757 utra
242 1723 356 1770 parte
381 1716 548 1756 victoria
575 1715 783 1769 inciperet.
827 1715 938 1769 prior
962 1715 1067 1755 forte
1092 1714 1237 1754 Iunius
1264 1713 1485 1754 commovit

129 1779 308 1826 hostem,
339 1777 457 1817 laevo
488 1777 677 1817 dextrum
709 1792 853 1825 cornu,
887 1783 1067 1817 sacratos
1098 1790 1211 1816 more
1238 1774 1486 1817 Samnitium

129 1839 278 1880 milites
304 1853 434 1891 eoque
460 1838 635 1879 candida
659 1845 773 1878 veste
799 1845 839 1879 et
868 1838 1036 1892 paribus
1069 1838 1244 1878 candore
1277 1837 1400 1878 armis
1425 1837 1486 1877 in-

131 1902 282 1956 signes.
332 1914 402 1941 eos
430 1915 473 1940 se
501 1898 612 1940 Orco
643 1906 822 1940 mactare
847 1899 992 1939 Iunius
1019 1899 1227 1948 dictitans,
1261 1914 1354 1939 cum
1379 1899 1487 1938 intu-

129 1963 245 2003 lisset
270 1962 400 2017 signa,
427 1960 607 2001 turbavit
632 1961 794 2002 ordines
821 1968 859 2001 et
884 1961 995 2001 haud
1020 1960 1143 2001 dubie
1168 1961 1315 2015 inpulit
1341 1961 1483 2001 aciem.

131 2024 243 2078 quod
272 2024 344 2065 ubi
375 2023 501 2064 sensit
534 2023 723 2063 dictator:
763 2022 832 2063 ‘ab
864 2023 1035 2063 laevone
1067 2037 1194 2063 cornu
1225 2022 1395 2063 victoria
1425 2022 1485 2062 in-

133 2087 271 2141 cipiet'
301 2086 433 2139 inquit
465 2089 523 2126 ‘et
547 2086 736 2125 dextrum
764 2100 902 2134 cornu,
929 2085 1137 2125 dictatoris
1163 2085 1288 2133 acies,
1311 2084 1486 2124 alienam

132 2164 314 2204 pugnam
340 2154 545 2201 sequetur,
566 2163 647 2188 non
672 2154 829 2201 partem
855 2148 1075 2188 maximam
1096 2147 1289 2187 victoriae
1315 2145 1487 2186 trahet?

135 2211 311 2251 eoncitat
336 2209 498 2257 milites,
518 2224 594 2249 nee
618 2209 800 2263 peditum
822 2209 961 2249 virtuti
981 2209 1137 2262 equites
1164 2215 1233 2249 aut
1257 2208 1486 2262 legatorum

134 2272 269 2312 studia
293 2271 467 2311 ducibus
494 2271 655 2311 cedunt.
705 2270 766 2311 M.
793 2270 983 2311 Valerius
1016 2286 1039 2311 a
1065 2271 1226 2318 dextro,
1252 2269 1300 2310 P.
1326 2269 1484 2310 Decius

133 2334 184 2374 ab
209 2333 326 2373 laevo
353 2348 496 2381 cornu,
528 2332 649 2373 ambo
675 2332 928 2382 consulares,
961 2333 1014 2373 ad
1039 2332 1195 2385 equites
1226 2332 1267 2372 in
1293 2331 1485 2372 cornibus

133 2395 288 2450 positos
315 2394 542 2434 evehuntur
572 2394 855 2448 adhortatique
882 2409 971 2443 eos,
1003 2401 1047 2434 ut
1071 2401 1228 2448 partem
1255 2407 1395 2433 secum
1421 2407 1488 2432 ea-

133 2462 345 2511 pesserent
368 2456 545 2505 decoris,
577 2456 620 2496 in
645 2463 878 2497 transversa
907 2455 1034 2496 latera
1058 2455 1239 2495 hostium
1262 2455 1486 2494 incurrunt.

133 2519 167 2559 is
193 2533 324 2559 novus
356 2518 518 2558 additus
550 2525 678 2558 terror
707 2533 799 2559 cum
832 2533 883 2558 ex
911 2526 1026 2572 parte
1060 2524 1229 2570 utraque
1261 2517 1487 2557 circumva-

135 2581 257 2621 sisset
293 2580 422 2620 aciem
459 2588 497 2619 et
528 2580 580 2620 ad
615 2586 810 2620 terrorem
845 2579 1025 2620 hostium
1061 2579 1245 2634 legiones
1275 2578 1488 2618 Romanae

132 2644 407 2698 redintegrato
445 2642 621 2683 elamore
663 2643 896 2683 intulissent
939 2642 1132 2697 gradum,
1171 2647 1257 2681 tum
1299 2640 1400 2696 fuga
1436 2640 1487 2681 ab

135 2704 391 2747 Samnitibus
417 2712 572 2759 coepta.
615 2705 697 2746 iam
722 2711 857 2759 strage
883 2704 1093 2745 hominum
1119 2716 1404 2756 armorumque
1428 2702 1488 2742 in·-

1514 2033 1554 2062 10

1514 2527 1553 2556 13

1518 2711 1557 2742 14
