1780 3204
482 208 634 242 LIBER
658 208 710 250 x,
735 208 788 241 23.
808 207 862 241 24.
889 209 937 251 [a.
954 206 1177 251 cesamo]
1423 195 1504 236 519

152 313 281 354 Paeto
317 319 358 353 et
394 310 442 353 C.
474 311 623 352 Fulvio
661 310 800 352 Curvo
837 325 888 351 ex
923 309 1148 350 multaticia
1182 308 1280 349 item
1315 308 1503 362 pecunia,

152 389 276 427 quam
301 380 525 429 exegerunt
549 373 750 428 pecuariis
776 372 998 421 damnatis,
1024 371 1111 411 ludi
1134 370 1233 412 facti
1256 376 1504 425 pateraeque

153 450 298 476 aureae
325 436 376 476 ad
403 435 564 476 Cereris
591 435 760 489 positae.

237 496 438 537 XXIIII.
483 495 534 549 Q.
561 496 655 537 inde
679 495 835 537 Fabius
861 495 1048 548 quintum
1074 501 1113 534 et
1131 493 1180 534 P.
1199 493 1358 534 Decius
1384 507 1505 546 quar-

154 566 241 599 tum
279 559 537 599 consulatum
574 559 731 607 ineunt,
769 557 898 598 tribus
936 555 1216 597 consulatibus
1253 569 1505 608 censuraque

154 620 336 675 collegae
361 634 436 660 nec
461 619 592 674 gloria
617 619 749 674 magis
774 633 922 668 rerum,
950 633 1055 672 quae
1079 618 1226 672 ingens
1252 623 1354 666 erat,
1382 631 1504 669 quam

158 683 376 723 concordia
400 683 506 722 inter
531 697 573 723 se
599 682 708 723 clari.
752 696 857 735 quae
876 696 926 721 ne
952 687 1150 735 perpetua
1175 686 1295 729 esset,
1318 680 1505 720 ordinum

154 745 286 799 magis
313 759 436 797 quam
467 744 651 798 ipsorum
675 744 780 784 inter
805 758 847 784 se
873 752 1078 783 certamen
1104 741 1370 782 intervenisse
1401 756 1503 790 reor,

154 807 334 860 patriciis
367 805 647 855 tendentibus,
680 812 724 846 ut
753 805 909 846 Fabius
935 804 1146 845 Etruriam
1177 812 1291 844 extra
1322 803 1505 844 ordinem

155 868 408 921 provinciam
433 868 619 916 haberet,
645 867 816 922 plebeiis
842 866 1076 908 auctoribus
1102 865 1248 915 Decio,
1273 872 1319 906 ut
1343 866 1395 906 ad
1421 880 1507 906 sor-

155 937 237 970 tem
255 937 475 972 revocaret.
512 929 591 970 fuit
609 937 716 970 certe
737 929 941 970 contentio
967 929 1009 968 in
1034 934 1196 977 senatu3
1223 934 1263 968 et
1287 934 1505 982 postquam

154 991 211 1031 ibi
235 991 390 1033 Fabius
416 992 508 1046 plus
533 998 710 1046 poterat,
738 997 927 1032 revocata
952 1005 1017 1030 res
1044 990 1097 1030 ad
1120 989 1319 1043 populum
1344 996 1417 1029 cst.
1466 989 1508 1028 in

155 1053 360 1102 contione,
399 1060 443 1093 ut
478 1053 583 1094 inter
617 1053 811 1093 militares
848 1052 956 1092 viros
988 1058 1027 1091 et
1057 1051 1176 1091 factis
1214 1051 1350 1104 potius
1382 1064 1506 1102 quam

155 1115 274 1155 dictis
299 1115 436 1164 fretos,
463 1130 595 1169 pauca
619 1114 743 1155 verba
768 1113 919 1154 habita.
967 1112 1142 1160 Fabius,
1170 1126 1293 1164 quam
1319 1110 1505 1151 arborem

156 1177 427 1226 consevisset,
461 1177 537 1217 sub
569 1191 617 1216 ea.
646 1176 783 1231 legere
814 1175 939 1215 alium
970 1174 1148 1214 fructum
1174 1173 1390 1226 indignum
1416 1187 1507 1212 esse

156 1238 307 1288 dicore3
334 1253 377 1279 se
403 1238 611 1292 aperuisse
633 1236 854 1278 Ciminiam
880 1236 1025 1276 silvam
1051 1235 1241 1286 viamque
1267 1248 1340 1287 per
1365 1233 1506 1274 devios

156 1300 283 1340 saltus
309 1300 497 1340 Romano
522 1299 629 1340 bello
654 1299 815 1339 fecisse.
865 1297 963 1351 quid
990 1312 1033 1338 sc
1058 1297 1100 1337 id
1125 1296 1268 1337 aetatis
1296 1295 1509 1336 sollicitas-

156 1368 263 1410 sent,
297 1361 331 1401 si
356 1360 434 1401 alio
461 1360 563 1401 duce
589 1360 745 1415 gesturi
770 1359 923 1400 bellum
950 1358 1114 1400 essent?
1149 1358 1340 1398 nimirum
1366 1357 1510 1398 adver-

156 1422 308 1463 sarium
334 1437 389 1471 se,
409 1437 492 1463 non
512 1422 669 1463 socium
694 1421 838 1476 imperi
862 1421 1014 1476 legisse
1041 1420 1192 1461 sensim
1219 1419 1448 1474 exprobrat,
1471 1425 1510 1459 et

154 1484 351 1525 invidisse
376 1483 555 1524 Decium
586 1483 857 1525 concordibus
889 1483 1072 1538 collegiis
1104 1482 1252 1531 tribus3
1290 1488 1506 1535 postremo,

156 1561 199 1587 se
225 1547 389 1587 tendere
414 1546 514 1586 nihil
539 1546 644 1586 ultra.
668 1560 792 1599 quam
817 1551 874 1594 ut,
895 1545 930 1586 si
955 1545 1126 1599 dignum
1151 1543 1362 1598 provincia
1387 1543 1510 1583 ducc-

155 1615 256 1656 rent,
282 1608 324 1648 in
349 1623 440 1648 eam
465 1608 688 1648 mitterent:
725 1608 766 1647 in
793 1614 958 1648 senatus
984 1606 1149 1647 arbitrio
1176 1620 1219 1646 se
1245 1605 1373 1645 fuisse
1399 1610 1439 1646 et
1468 1605 1510 1645 in

156 1675 356 1724 potestate
381 1670 522 1723 populi
546 1670 741 1709 futurum.
774 1669 823 1710 P.
838 1669 995 1709 Decius
1018 1674 1183 1709 senatus
1202 1666 1391 1707 iniuriam
1411 1681 1509 1720 que-

156 1731 339 1772 rebatur:
372 1731 508 1783 quoad
538 1731 745 1785 potuerint
774 1737 910 1785 patres
937 1730 1122 1778 adnisos,
1153 1743 1204 1768 ne
1234 1728 1343 1782 plebi
1375 1729 1509 1769 aditus

157 1792 210 1833 ad
234 1807 406 1846 magnos
424 1792 600 1832 honores
627 1798 752 1841 essct3
778 1798 996 1846 postquam
1020 1791 1111 1845 ipsa.
1131 1790 1256 1830 virtus
1282 1790 1507 1844 pervicerit,

157 1869 207 1894 ne
227 1855 268 1893 in
288 1853 369 1894 ullo
389 1868 537 1908 genere
559 1853 770 1894 hominum
788 1853 1028 1894 inhonorata
1054 1859 1174 1900 esset,
1196 1852 1347 1905 quaeri,
1369 1866 1511 1905 quem-

158 1916 380 1956 admodum
410 1915 529 1956 inrita
560 1916 639 1956 sint
670 1931 752 1956 non
783 1915 981 1970 suffragia
1011 1915 1133 1955 modo
1158 1913 1316 1968 populi,
1350 1914 1423 1954 sed
1448 1929 1510 1954 ar-

158 1977 278 2018 bitria
303 1976 425 2017 etiam
445 1976 631 2017 fortunae
652 1983 691 2017 et
710 1977 751 2017 in
775 1992 999 2031 paucorum
1024 1983 1268 2031 potestatem
1287 1982 1507 2016 vertantur.

159 2037 291 2078 omnis
317 2043 408 2078 ante
435 2053 478 2078 se
504 2038 692 2079 consules
720 2039 882 2079 sortitos
908 2038 1138 2093 provincias
1165 2052 1274 2086 esse3
1305 2051 1415 2077 nunc
1440 2051 1510 2076 ex-

159 2107 221 2140 tra
252 2106 401 2140 sortem
432 2099 562 2141 Fabio
601 2107 787 2141 senatum
823 2100 1077 2155 provinciam
1113 2099 1308 2149 dare3-si
1343 2099 1508 2140 honoris

160 2161 246 2202 cius
273 2176 409 2210 causa,
435 2162 491 2202 ita
516 2177 608 2202 eum
634 2163 683 2202 de
709 2177 753 2203 sc
778 2163 910 2216 deque
935 2178 977 2203 re
1002 2161 1166 2216 publica
1190 2161 1378 2201 meritum
1405 2175 1508 2209 esse,

160 2230 204 2262 ut
228 2222 364 2263 faveat
385 2223 436 2276 Q.
452 2223 571 2264 Fabii
595 2224 761 2279 gloriae,
783 2239 886 2277 quae
912 2224 1034 2264 modo
1058 2238 1142 2264 non
1166 2238 1241 2264 sua
1265 2222 1511 2263 contumelia

161 2284 391 2338 splendeat:
428 2285 493 2325 cui
524 2292 660 2326 autem
690 2286 861 2327 dubium
893 2301 1002 2335 esse,
1034 2285 1104 2326 ubi
1129 2300 1255 2325 unum
1281 2284 1434 2325 bellum
1459 2284 1510 2324 sit

162 2361 351 2400 asperum
371 2361 418 2387 ac
436 2347 614 2396 difficile,
642 2362 735 2388 cum
760 2348 802 2388 id
826 2347 942 2388 alteri
967 2355 1081 2388 extra
1106 2353 1256 2388 sortem
1282 2346 1509 2393 mandetur,

162 2408 259 2460 quin
285 2408 384 2449 alter
403 2409 544 2449 consul
568 2424 642 2463 pro
663 2424 966 2464 supervacaneo
986 2416 1107 2462 atque
1133 2408 1265 2449 inutili
1289 2407 1511 2448 habeatur?

161 2469 326 2524 gloriari
350 2470 526 2511 Fabium
556 2470 679 2512 rebus
710 2471 751 2511 in
776 2471 943 2512 Etruria
972 2471 1119 2526 gestis3
1156 2469 1260 2510 velle
1286 2476 1325 2510 et
1350 2468 1397 2509 P.
1423 2469 1511 2510 De-

162 2532 270 2572 cium
295 2531 477 2586 gloriari,
512 2539 550 2572 et
575 2532 764 2582 forsitan,
797 2548 919 2586 quem
944 2533 1010 2573 ille
1035 2532 1226 2573 obrutum
1256 2532 1393 2585 ignem
1418 2531 1510 2571 reli-

162 2593 305 2646 querit,
331 2593 387 2634 ita
411 2601 455 2634 ut
481 2594 626 2635 totiens
651 2609 804 2635 novum
824 2609 874 2635 ex
892 2594 1101 2649 inproviso
1127 2594 1362 2634 incendium
1381 2593 1507 2642 daret,

1531 630 1548 658 10

162 2669 254 2695 cum
281 2669 323 2696 sc
350 2656 635 2697 extincturum.
684 2664 891 2710 postremo
917 2671 960 2697 se
987 2655 1168 2710 collegae
1193 2655 1367 2696 honores
1393 2670 1509 2709 prac-
1539 2668 1575 2697 ιι
