1780 3204
429 198 584 233 LIBER
608 199 644 243 1,
668 197 814 231 41-43.
843 199 893 241 [a.
908 195 947 231 o,
960 195 1155 240 578—534]
1419 189 1478 229 45

118 305 200 346 iam
225 303 476 357 exspirasset
495 301 758 355 Tarquinius,
785 300 915 342 celata
939 306 1068 341 morte
1093 314 1166 354 per
1184 299 1363 354 speciem
1382 300 1479 342 alie-

119 380 196 407 nae
223 364 458 419 fungendae
484 363 584 404 vicis
612 378 708 404 suas
735 377 833 417 opes
859 362 1054 403 firmavit:
1091 368 1178 401 tum
1209 362 1376 402 demum
1404 377 1479 417 pa-

118 427 202 467 lam
227 426 383 466 factum
408 439 459 465 ex
491 424 797 479 conploratione
816 424 858 464 in
877 423 992 478 regia
1011 430 1111 464 orta.
1151 421 1335 473 Servius,
1361 438 1480 478 prae-

120 488 224 528 sidio
248 487 366 527 firmo
391 486 592 535 munitus,
629 485 786 540 primus
810 485 970 526 iniussu
1000 484 1142 539 populi
1173 484 1381 526 voluntate
1406 500 1479 539 pa-

120 556 226 590 trum
251 548 450 604 regnavit.
498 547 608 588 Anci
632 547 749 588 liberi
773 547 855 587 iam
886 554 992 597 tum,
1042 547 1282 601 conprensis
1315 547 1478 588 sceleris

120 610 339 659 ministris,
366 616 411 650 ut
435 610 573 651 vivere
598 623 738 663 regem
764 616 803 650 et
827 615 961 650 tantas
988 623 1080 650 esse
1105 623 1204 663 opes
1232 608 1352 652 Servi
1376 625 1480 659 nun-

120 673 264 713 tiatum
289 678 363 721 est,
392 670 592 713 Suessam
616 671 850 712 Pometiam
876 671 1086 711 exulatum
1110 671 1254 712 ierant.

207 734 462 775 XXXXII.
516 733 604 774 Nec
627 733 709 774 iam
734 732 910 786 publicis
936 732 1069 786 magis
1102 733 1282 773 consiliis
1309 731 1479 774 Servius

120 811 244 850 quam
262 795 432 850 privatis
458 795 616 835 munire
642 809 740 848 opes
761 801 801 834 et
824 808 889 843 ne,
915 794 1048 847 qualis
1068 793 1179 834 Anci
1198 794 1373 835 liberum
1393 795 1480 835 ani-

123 873 214 899 mus
230 858 428 899 adversus
441 856 712 909 Tarquinium
731 855 877 904 fuerat,
904 855 996 896 talis
1011 855 1208 896 adversus
1225 871 1268 897 se
1283 856 1481 910 Tarquini

120 919 294 960 liberum
331 924 458 966 esset,
495 917 599 957 duas
635 916 740 957 filias
776 916 995 957 iuvenibus
1031 917 1155 971 regiis
1186 917 1322 958 Lucio
1359 924 1480 971 atque

120 982 293 1022 Arrunti
318 980 552 1033 Tarquiniis
577 979 723 1034 iungit.
760 993 836 1019 nec
861 979 971 1032 rupit
996 986 1133 1019 tamen
1158 979 1233 1019 fati
1257 980 1480 1020 necessita-

121 1052 203 1084 tem
228 1042 419 1083 humanis
445 1041 646 1090 consiliis,
684 1040 784 1093 quin
807 1040 962 1081 invidia
985 1041 1103 1094 regni
1128 1040 1252 1081 etiam
1281 1041 1387 1081 inter
1410 1041 1483 1081 do-

122 1104 314 1145 mesticos
338 1103 466 1143 infida
495 1102 635 1143 omnia
659 1108 781 1155 atque
811 1101 964 1142 infesta
993 1101 1160 1142 faceret.
1208 1109 1482 1156 peroportune

123 1166 175 1207 ad
193 1165 421 1220 praesentis
441 1164 621 1218 quietem
642 1170 772 1205 status
793 1163 945 1204 bellum
967 1177 1060 1204 cum
1074 1161 1319 1204 Veientibus
1333 1163 1481 1204 —iam

121 1227 229 1268 enim
252 1226 434 1267 indutiae
460 1226 644 1267 exierant
668 1250 723 1255 —-
747 1225 920 1278 aliisque
944 1225 1135 1266 Etruscis
1163 1232 1386 1279 sumptum·
1439 1225 1482 1265 in

121 1304 168 1330 eo
193 1288 302 1330 bello
327 1296 367 1330 et
391 1289 520 1330 virtus
546 1295 585 1329 et
608 1288 774 1329 fortuna
797 1288 942 1329 enituit
967 1287 1097 1337 Tulli,
1123 1287 1300 1341 fusoque
1324 1287 1483 1342 ingenti

121 1351 302 1392 hostium
327 1351 510 1392 exercitu
534 1350 633 1392 haut
670 1350 819 1391 dubius
844 1365 936 1399 rex,
964 1365 1038 1391 seu
1062 1357 1225 1405 patrum
1251 1364 1324 1391 seu
1348 1348 1482 1404 plebis

121 1413 279 1455 animos
304 1412 618 1467 periclitaretur,
651 1412 829 1453 Romam
861 1412 993 1453 rediit.
1043 1411 1362 1467 adgrediturque
1387 1412 1482 1452 inde

122 1475 174 1515 ad
198 1475 311 1529 pacis
335 1474 458 1529 longe
485 1474 712 1514 maximum
732 1488 856 1528 opus,
882 1481 946 1522 ut,
973 1473 1323 1527 quemadmodum
1347 1473 1484 1514 Numa

122 1537 249 1577 divini
274 1543 417 1577 auctor
440 1536 538 1577 iuris
565 1536 731 1585 fuisset,
768 1536 825 1577 ita
851 1534 1043 1578 Servium
1069 1536 1323 1576 conditorem
1350 1535 1483 1576 omnis

123 1598 165 1637 in
201 1598 363 1638 civitate
394 1597 640 1638 discriminis
678 1597 969 1651 ordinumque,
1006 1597 1157 1650 quibus
1188 1597 1294 1638 inter
1329 1597 1482 1652 gradus

125 1659 334 1713 dignitatis
360 1659 630 1712 fortunaeque
656 1659 812 1712 aliquid
834 1659 1062 1708 interlucet,
1088 1659 1243 1713 posteri
1268 1659 1380 1699 fama
1404 1659 1484 1699 fer-

125 1726 226 1760 rent.
275 1734 443 1760 censum
469 1721 577 1761 enim
600 1721 793 1769 instituit,
829 1735 917 1761 rem
943 1720 1255 1761 saluberrimam
1280 1727 1393 1760 tanto
1418 1720 1483 1759 fu-

127 1789 217 1822 turo
241 1781 431 1835 imperio,
469 1796 520 1821 ex
545 1795 627 1834 quo
652 1781 748 1822 belli
771 1782 968 1835 pacisque
993 1781 1134 1822 munia
1158 1795 1241 1821 non
1266 1781 1416 1821 viritim
1440 1789 1483 1821 ut

127 1850 233 1893 ante,
260 1843 333 1883 sed
357 1857 430 1897 pro
455 1842 598 1883 habitu
621 1843 888 1896 pecuniarum
912 1842 1068 1882 fierent.
1106 1849 1193 1884 tum
1219 1841 1363 1883 classis
1389 1857 1485 1883 cen-

128 1905 337 1957 turiasque
374 1911 413 1944 et
442 1904 551 1944 hunc
582 1904 765 1945 ordinem
797 1918 848 1945 ex
879 1918 1006 1944 censu
1041 1903 1257 1958 descripsit
1292 1904 1358 1945 vel
1393 1905 1484 1958 paci

128 1967 322 2007 decorum
347 1965 413 2005 vel
437 1965 556 2006 bello.

211 2027 487 2067 XXXXIH.
518 2026 587 2066 Ex
605 2026 668 2075 iis,
695 2026 765 2080 qui
784 2033 946 2067 centum
964 2026 1120 2067 milium
1142 2027 1247 2067 aeris
1267 2034 1337 2067 aut
1357 2028 1484 2069 maio-
1507 2053 1510 2057 ⁴

128 2105 215 2130 rem
229 2104 399 2130 censum
413 2088 623 2138 haberent,
650 2089 858 2143 octoginta
872 2088 1048 2129 confecit
1068 2089 1284 2138 centurias,
1311 2090 1485 2143 quadra-

127 2166 256 2206 genas
283 2151 488 2191 seniorum
514 2164 562 2191 ae
586 2150 808 2190 iuniorum:
835 2150 991 2204 primae
1016 2150 1161 2191 classis
1182 2165 1324 2192 omnes
1345 2152 1484 2206 appel-

128 2214 211 2262 lati,
239 2213 418 2254 seniores
439 2213 491 2253 ad
510 2212 622 2253 urbis
643 2212 871 2253 custodiam
891 2222 935 2253 ut
953 2219 1117 2266 praesto
1137 2219 1288 2262 essent,
1313 2213 1484 2255 iuvenes

128 2282 173 2315 ut
197 2275 296 2315 foris
322 2274 430 2315 bella
454 2280 653 2329 gererent.
691 2289 805 2314 arma
829 2273 892 2314 his
917 2274 1116 2328 imperata
1134 2274 1266 2329 galea,
1293 2274 1484 2329 clipeum,

129 2351 284 2385 ocreae,
310 2336 447 2384 lorica,
474 2336 612 2376 omnia
637 2350 688 2376 ex
713 2350 818 2385 aere,
845 2335 947 2376 haec
971 2342 1016 2376 ut
1040 2342 1278 2391 tegumenta
1303 2337 1484 2391 corporis

129 2405 285 2448 essent,
317 2399 399 2439 tela
422 2399 463 2438 in
488 2398 648 2439 hostem
672 2398 873 2452 hastaque
898 2405 938 2439 et
967 2399 1142 2454 gladius.
1197 2399 1359 2440 additae
1389 2399 1484 2440 huic

129 2461 251 2501 classi
281 2460 387 2501 duae
412 2460 576 2501 fabrum
608 2460 832 2509 centuriae,
869 2475 974 2514 quae
1007 2461 1094 2502 sine
1125 2461 1249 2501 armis
1282 2461 1485 2515 stipendia

128 2522 328 2571 facerent3
372 2522 514 2562 datum
550 2538 714 2571 munus,
757 2530 802 2563 ut
837 2522 1048 2564 machinas
1091 2523 1133 2563 in
1174 2522 1282 2564 bello
1318 2523 1482 2564 ferrent.

129 2584 310 2625 secunda
333 2584 479 2625 classis
504 2584 609 2625 intra
634 2591 798 2625 centum
825 2599 954 2638 usque
979 2585 1031 2626 ad
1056 2585 1236 2638 quinque
1256 2592 1296 2626 et
1321 2592 1485 2640 septua-

127 2645 242 2700 ginta
267 2646 423 2687 milium
450 2660 619 2688 censum
645 2646 832 2687 instituta
857 2653 896 2687 et
922 2661 972 2688 ex
996 2647 1065 2697 iis,
1094 2647 1323 2689 senioribus
1349 2647 1481 2690 iunio-

1507 993 1524 1021 [Ο

1510 2167 1528 2195 [ὑ

1511 2413 1529 2441 3

1511 2601 1530 2629 4
