1780 3204
556 215 590 240 T.
616 214 707 240 L1V11
729 214 911 240 PATAVINI
934 213 1132 240 PROLL‘SIO.

115 287 296 323 cumentis
321 291 471 332 praeter
496 287 649 322 annales
671 287 821 332 conqui—

114 333 238 367 rendis
252 344 382 377 parum
396 333 580 377 intentus,
601 332 754 366 Catonis
768 337 822 367 ta-

113 390 198 412 men
228 378 418 411 nonnullis
452 381 551 411 certe
589 378 822 411 orationibus

112 434 202 456 usus
223 427 281 457 est
299 426 447 467 practer
461 433 537 462 eas,
559 433 654 466 quac
675 422 823 467 origini-

114 468 185 501 bus
205 467 372 501 inclusae
398 470 567 511 erant,185
584 470 620 501 et
640 468 740 512 quod
765 478 823 502 ac-

114 516 242 546 curate
257 523 338 546 cum
353 513 398 546 de
413 512 508 555 aliis,
525 522 619 556 quae
634 512 823 556 extabant,

117 562 195 591 tum
215 558 260 591 de
274 558 315 591 P.
331 556 516 601 Scipionis
531 561 569 591 et
582 556 639 590 Ti.
649 556 822 601 Gracchi,

114 613 209 647 quae
234 602 470 646 ferebantur,
508 601 740 636 orationibus
770 613 824 636 re-

112 650 261 690 fert3186
274 647 391 691 ipsius
404 650 528 681 tamen
543 646 730 690 Scipionis
745 658 822 681 ver-

114 693 164 726 ba
183 692 230 726 ad
249 692 429 736 populum
454 692 634 725 adversus
653 691 823 725 tribunos

111 737 235 781 plebis
267 736 341 780 (vel
366 736 544 770 adversus
569 736 618 769 M.
644 736 823 769 Naevium

112 788 158 816 tr.
173 782 243 826 pl.)
258 781 370 824 facta,
393 792 487 825 quae
503 781 618 813 tradit
629 775 822 823 Liviusflsv

113 827 252 860 collata
265 826 328 869 iis,
355 835 450 869 quae
469 824 555 858 inde
575 825 721 868 profert
736 825 822 859 Gel-

112 871 195 913 lius,
205 874 255 897 188
269 871 418 912 docent,
433 868 592 909 Livium,
613 873 655 902 ut
667 869 822 902 Heni-ici

111 914 255 959 Meyeri
278 914 401 948 verbis
433 916 592 957 utar,189
624 913 822 957 antiquita—

111 964 185 994 tem
233 963 270 994 et
315 958 527 1003 robiginem
575 964 821 992 commutasse

112 1005 311 1050 splendore
326 1008 438 1049 atque
451 1003 621 1038 ubertate
644 1003 822 1037 orationis

113 1061 221 1093 suae;
247 1049 357 1094 genio
378 1060 465 1082 vero
491 1048 530 1081 in
555 1048 821 1092 componendis

113 1095 343 1129 orationibus
385 1104 468 1128 eum
507 1093 708 1126 indulsisse
749 1093 822 1127 iam

111 1140 197 1173 inde
219 1139 400 1179 conicias,
426 1138 527 1182 quod
546 1149 613 1182 per
633 1138 821 1172 orationes

111 1184 331 1229 praesertim
361 1182 533 1217 lectionis
565 1187 678 1227 atque
704 1183 821 1216 imita—

113 1229 224 1263 tionis
236 1229 463 1264 Graecorum
479 1228 699 1272 scriptorum
714 1228 822 1262 vesti-

112 1273 174 1318 gia
209 1276 469 1318 apparent:190
511 1284 593 1307 cum
629 1277 823 1317 poctarum

111 1319 283 1363 Homeri,
327 1318 502 1359 Hesiodi,
545 1317 823 1362 Aristophanis,

111 1368 189 1398 tum
197 1363 462 1398 Demosthenis
477 1363 823 1407 etThucydidis.191

114 1410 216 1454 quod
238 1419 327 1443 vcro
355 1413 543 1442 oratorum
567 1408 824 1452 primariorum

111 1454 377 1488 Demosthenis
405 1465 450 1487 ac
475 1452 666 1487 Ciceronis
697 1453 825 1488 lectio-

112 1510 196 1533 nem
215 1499 325 1533 modo
345 1502 432 1533 ante
448 1498 570 1533 omnia
591 1499 824 1533 commenda-

112 1544 183 1587 vit,
207 1544 246 1578 id
269 1543 434 1578 indicare
456 1544 620 1587 videtur,
647 1548 685 1578 et
702 1544 824 1588 ipsum

115 1600 255 1623 summa
274 1589 368 1624 haec
387 1589 558 1633 exempla
576 1600 652 1623 non
670 1600 739 1633 per
754 1589 824 1623 sin-

113 1635 223 1679 gulos
247 1635 371 1678 locos,
405 1635 471 1668 sed.
494 1645 561 1678 per
585 1638 703 1668 totam
728 1635 824 1668 hanc

114 1679 238 1724 operis
259 1679 316 1713 sui
333 1682 478 1724 partem
502 1679 680 1724 imprimis
707 1684 826 1714 secta-

148 1782 197 1805 185
216 1782 252 1805 cf.
272 1789 300 1812 p.
320 1782 409 1806 XXII.
429 1789 492 1806 cum
517 1789 583 1807 ann.
602 1783 666 1811 153;
687 1789 771 1806 unam
791 1782 825 1807 de

114 1814 176 1844 lege
191 1814 282 1845 Oppia
295 1816 448 1839 orationem
464 1816 618 1846 (xxxnll,
628 1818 734 1846 2sqq.),
744 1823 824 1846 quae,

115 1849 138 1872 si
157 1849 271 1872 omnino
297 1849 413 1873 extabat
439 1850 487 1880 (cs.
507 1852 602 1873 tamen
622 1850 650 1873 ll.
671 1850 706 1873 ab
736 1850 825 1874 chr.

113 1882 229 1911 Meyero
248 1882 303 1905 huo
322 1883 426 1906 relatos
446 1890 499 1906 orr.
516 1883 547 1906 R.
568 1883 601 1906 fr.
615 1891 643 1913 p.
658 1884 690 1907 ‘23
711 1884 755 1907 cd.
776 1884 824 1907 alt.

115 1918 143 1939 et
161 1916 250 1939 chr.
265 1916 414 1940 Iordanum
427 1916 518 1940 Iahnii
538 1923 603 1940 ann.
624 1917 751 1945 LXXIII,
766 1918 825 1946 390,

114 1955 150 1973 nc
163 1949 270 1979 Mcycri
284 1950 328 1973 ed.
343 1950 464 1980 priorem
478 1957 504 1980 p.
520 1951 551 1974 91
572 1953 599 1974 ct
613 1950 826 1974 Lachmannum

113 1983 134 2006 l.
151 1990 174 2006 c.
188 1983 224 2011 11,
239 1984 271 2007 IS
285 1990 312 2007 n.
327 1984 341 2007 *2
359 1983 496 2012 afferam),
519 1984 545 2007 ci
564 1986 639 2007 certe
653 1984 747 2013 ignota
764 1985 825 2013 suit,

114 2016 213 2040 Livius
233 2016 279 2040 vcl
292 2017 352 2047 ipse
366 2017 505 2041 confinxit
523 2017 570 2040 vel
582 2017 617 2041 ad
635 2017 763 2041 historici
776 2018 828 2042 ali-

115 2050 193 2074 cuius
203 2051 364 2081 exemplum
372 2051 522 2082 expressit.
537 2058 565 2075 v.
574 2051 724 2075 Iordanum
732 2051 751 2075 l.
760 2058 826 2076 ann.

149 2119 198 2142 186
216 2118 371 2148 XXXVIII,
387 2119 430 2143 56.

149 2153 198 2175 187
219 2152 287 2176 ibid.
303 2153 344 2176 51.

148 2186 198 2209 188
217 2186 251 2210 N.
264 2186 376 2215 A.1111,
393 2187 435 2215 18,
451 2187 476 2212 3.

148 2220 197 2243 189
217 2227 256 2244 or.
271 2220 351 2244 Rom.
369 2221 402 2244 fr.
418 2228 444 2250 p.
459 2223 474 2244 9
489 2220 532 2244 ed.
547 2219 596 2244 alt.
617 2220 652 2244 cf.
674 2220 758 2244 etiam
771 2218 828 2244 Ae-

115 2253 185 2276 milii
206 2253 285 2277 Pauli
305 2260 345 2277 or.
365 2253 400 2277 de
419 2253 502 2278 rebus
521 2261 536 2277 a
556 2261 585 2278 sc
600 2255 687 2283 gestis
701 2261 745 2284 ap.
761 2261 826 2285 pop.

115 2286 177 2310 Val.
192 2287 267 2311 Max.
282 2287 315 2315 V,
331 2288 372 2315 10,
387 2288 401 2311 2
415 2294 477 2311 cum
492 2288 701 2317 Lixuxxxxv,
717 2289 746 2312 41
763 2289 826 2312 coll.

114 2319 229 2350 Mcycro
250 2321 269 2344 l.
285 2321 304 2344 1.
325 2328 352 2351 p.
368 2322 431 2350 1573
458 2321 621 2351 plerumque
641 2326 734 2345 tamen
747 2340 753 2351 ,
780 2322 827 2345 ubi

117 2360 156 2376 or.
177 2354 211 2377 ab
230 2355 291 2384 ipso
312 2358 425 2378 auctore
445 2356 604 2385 conscripta
623 2356 753 2383 extabat,
780 2356 827 2379 Li-

115 2387 179 2411 vius
200 2394 261 2411 eam
280 2389 485 2418 praetermisit,
513 2389 587 2419 qnod
605 2393 682 2413 recte
701 2389 827 2413 animad-

115 2422 200 2445 vertit
213 2421 411 2446 Lachmannus
425 2422 443 2445 l.
458 2429 483 2446 c.
497 2422 533 2450 ΙΙ,
550 2424 608 2446 114.

150 2456 198 2479 190
218 2455 387 2479 documenta
405 2456 504 2480 horum
524 2456 679 2480 studiorum
698 2456 732 2480 ab
752 2457 826 2486 aliis,

116 2488 259 2518 victorio,
280 2490 411 2519 Sigeum,
431 2490 454 2513 1.
473 2490 503 2514 F.
526 2490 668 2514 Gronovio
688 2491 827 2520 patefacta

115 2523 229 2551 collegit
243 2526 270 2547 ct
283 2524 363 2547 nuxit
376 2523 520 2547 Dobraeus
535 2523 644 2548 advers.
659 2524 695 2553 ΙΙ,
709 2526 757 2548 3ῖ9
766 2532 826 2555 sqq.

114 2557 274 2587 passimque
294 2557 378 2585 ἰωὰ-ς
395 2557 428 2581 (le
442 2557 567 2581 Hesiodo
583 2559 617 2582 cs.
633 2558 740 2588 Sigonii
760 2565 825 2582 ann.

113 2590 147 2614 ad
162 2591 209 2614 lib.
225 2591 312 2619 XXII,
328 2592 370 2619 ⁴29,
386 2592 400 2615 8
414 2594 441 2615 ct
455 2591 522 2615 bibl.
538 2592 599 2615 crit.
615 2592 773 2616 Amstclod.
787 2592 824 2621 11,

113 2624 138 2653 2,
153 2626 194 2653 49,
210 2632 291 2655 quam
307 2625 324 2648 l.
340 2625 540 2649 Lachmannus
553 2625 575 2654 Ι,
591 2627 649 2650 119.

147 2659 194 2682 191
215 2659 278 2683 Liv.
295 2659 356 2685 vii,
372 2660 403 2682 30
417 2659 482 2682 coll.
497 2660 585 2683 Thuc.
600 2660 621 2689 1,
637 2661 668 2684 32
683 2667 742 2690 sqq.
760 2660 824 2683 Liv.

112 2690 251 2720 XXXXV,
273 2694 314 2721 23,
336 2694 367 2716 15
388 2693 452 2716 coll.
472 2693 560 2717 Time.
581 2693 603 2721 1,
625 2695 670 2721 70.
691 2695 706 2718 3
731 2694 825 2725 ibique

112 2723 187 2750 Duk.
203 2728 230 2751 ct
243 2726 332 2751 nuos.
348 2726 409 2756 (ΠΙ,
426 2728 450 2756 1,
466 2728 512 2751 381
529 2727 572 2751 cd.
586 2727 688 2758 I’opp.)
835 2727 841 2760 Ι

1415 211 1559 240 XXVII

849 291 925 321 tum
944 298 1038 321 esse.
1075 287 1113 320 id
1135 290 1234 321 certe
1253 297 1329 320 non
1348 287 1563 331 negandum

850 337 918 376 est,
941 332 1128 366 orationes
1150 331 1392 366 laetissimam
1406 343 1449 365 ac
1463 331 1561 365 flori-

851 377 1038 412 dissimam
1054 377 1176 421 operis
1190 376 1338 411 Liviani
1352 381 1494 421 partem
1509 376 1560 410 ef-

849 422 980 467 ficere,
1002 434 1083 456 cum
1098 423 1145 456 ob
1161 422 1323 456 limatam
1336 422 1561 466 elegantiam

851 467 1042 510 sermonis,
1054 468 1115 512 qui
1131 478 1211 501 eam
1226 478 1336 512 quam
1352 478 1464 511 supra
1476 478 1560 510 pro—

849 512 1042 556 posuimus
1062 512 1226 546 indolem
1246 511 1418 546 dictionis
1438 512 1564 546 Livia-

849 568 920 591 nae
945 557 1178 601 apertissime
1204 556 1319 591 refert
1343 568 1387 591 ac
1411 556 1561 590 lucidis-

851 602 952 646 sime,
967 602 1040 636 iam
1054 612 1098 636 eo
1115 601 1360 636 certissimum
1373 602 1561 646 praebens

850 651 1123 691 argumentum,
1148 646 1295 680 Livium
1308 657 1385 680 non
1398 647 1481 691 ipsa
1494 658 1564 681 nec

851 691 1058 726 orationum
1077 703 1148 726 nec
1167 691 1357 725 annalium
1377 692 1493 726 verba
1506 703 1561 726 re—

849 736 964 780 ferre,
990 742 1066 770 tum
1087 737 1135 770 ob
1150 737 1311 770 vividam
1325 741 1438 782 atque
1452 748 1562 771 accu-

848 785 978 824 ratam,
999 781 1121 815 ubivis
1138 781 1287 826 quidem
1308 781 1560 826 conspicuam,

850 826 915 859 sed
929 825 966 858 in
981 826 1214 860 orationibus
1228 826 1384 861 maxime
1399 827 1560 861 eminen-

847 874 921 904 tem
961 881 1104 903 morum
1142 870 1430 915 descriptionem
1443 898 1452 915 ,
1489 883 1563 916 qua

849 914 1123 948 ‘candidissimi
1149 915 1312 948 omnium
1344 927 1563 960 magnorum

848 959 1083 1003 ingeniorum
1098 959 1358 993 aestimatoris'
1377 961 1526 995 laudem
1541 972 1564 995 a

848 1005 897 1037 M.
908 1002 1051 1038 Seneca
1064 1004 1097 1038 ei
1110 1004 1287 1038 tributam
1296 1008 1344 1031 192
1358 1015 1433 1039 non
1446 1006 1566 1039 minus

848 1048 993 1083 videtur
1017 1049 1196 1083 meruisse
1223 1060 1333 1093 quam
1359 1050 1433 1083 illis
1461 1050 1566 1095 quasi

848 1094 1070 1127 funebribus
1086 1093 1385 1138 laudationibus,
1400 1106 1493 1139 quas
1502 1095 1563 1128 Li-

848 1139 958 1182 vium,
969 1138 1143 1184 quotiens
1157 1138 1284 1183 magni
1298 1139 1455 1173 alicuius
1469 1150 1564 1173 mor-

848 1188 921 1218 tem
950 1187 1160 1227 narrasset,
1198 1188 1285 1218 ante
1321 1195 1359 1218 se
1392 1185 1564 1218 omnibus

848 1229 1067 1273 pracsertim
1100 1233 1138 1263 et
1164 1229 1388 1273 Thucydide
1422 1234 1461 1263 et
1487 1229 1564 1263 Sal-

850 1274 961 1308 lustio
977 1273 1178 1319 benignius
1192 1274 1336 1318 magnis
1356 1274 1444 1308 viris
1458 1286 1564 1319 prac-

851 1319 1007 1361 stitisse,
1041 1320 1119 1353 iure
1146 1330 1213 1353 suo
1248 1319 1443 1353 adnotavit
1467 1320 1565 1354 idem

851 1364 1059 1399 Seneca.193
1096 1368 1135 1398 at
1160 1363 1350 1399 orationes
1371 1365 1562 1410 Thucydi—

851 1409 925 1451 dis,
948 1409 1132 1452 Sallustii,
1159 1409 1316 1443 aliorum
1329 1409 1562 1444 historiisin-

852 1459 972 1489 sertae
987 1455 1103 1488 multo
1118 1454 1318 1499 benignius
1339 1455 1458 1489 lucem
1473 1455 1564 1499 ipsis

851 1500 963 1534 rebus
988 1500 1105 1544 gestis
1131 1499 1291 1533 afferunt
1309 1511 1419 1544 quam
1439 1500 1564 1535 Livia-

850 1556 933 1580 nae.
971 1544 1118 1580 etiamsi
1138 1544 1235 1579 enim
1249 1544 1286 1578 id
1306 1556 1440 1590 urgere
1461 1545 1564 1579 nolu—

851 1602 949 1632 mus,
976 1601 1018 1624 ex
1039 1590 1103 1635 iis,
1130 1601 1226 1634 quae
1242 1594 1354 1624 antea
1374 1591 1565 1635 disputata

853 1640 949 1679 sunt,
966 1634 1077 1677 effici,
1099 1634 1210 1670 fidem
1226 1646 1351 1669 carum
1372 1635 1564 1680 aliquanto

851 1682 1030 1714 minorem
1066 1691 1148 1714 esse
1186 1692 1296 1725 quarn
1337 1680 1564 1724 reliquarum

853 1725 976 1770 operis
989 1725 1150 1769 partium
1161 1728 1228 1769 ,194
1253 1724 1441 1759 orationes
1455 1725 1566 1769 inpri-

852 1771 919 1804 mis
935 1771 1209 1812 demonstrant,
1236 1769 1382 1803 Livium
1403 1771 1564 1820 psycho-

852 1815 999 1860 logicae
1026 1815 1134 1859 eique
1161 1819 1198 1848 et
1215 1814 1504 1849 humanissimae
1529 1819 1566 1849 ct

853 1859 1066 1894 lenissimae
1109 1859 1301 1893 hominum
1339 1860 1565 1903 contempla—

852 1905 945 1938 tioni
974 1911 1011 1938 et
1035 1904 1278 1948 descriptioni
1302 1915 1421 1949 aeque
1446 1904 1564 1939 inten-

852 1954 930 1983 tum
965 1949 1082 1983 fuisse
1120 1954 1234 1994 atquc
1267 1949 1432 1994 eleganti
1468 1949 1565 1984 flori-

854 1995 998 2038 dacque
1023 2005 1145 2028 rerum
1171 1994 1414 2028 enarrationi:
1453 1999 1564 2039 atque

852 2043 1049 2083 utrumque
1074 2038 1173 2072 hunc
1199 2049 1353 2083 scopum
1384 2043 1459 2073 tam
1485 2040 1565 2074 feli-

853 2085 945 2118 citer
959 2087 1153 2118 assecutus
1169 2087 1236 2128 cst,
1256 2088 1298 2117 ut
1310 2084 1363 2118 ibi
1379 2085 1506 2128 cardo,
1524 2089 1566 2119 ut

854 2129 906 2163 ita
926 2129 1063 2171 dicam,
1090 2132 1255 2163 vertatur
1274 2129 1354 2163 eius
1372 2134 1564 2174 praestan-

853 2175 944 2217 tiae,
971 2175 1123 2208 eaedcm
1137 2185 1224 2208 vcro
1246 2174 1434 2208 orationes
1454 2175 1565 2209 maxi-

852 2230 908 2253 me
921 2219 1085 2263 probant
1099 2230 1120 2252 a
1139 2219 1333 2263 republica
1352 2230 1434 2254 eum
1447 2219 1564 2255 fuisse

854 2265 1032 2298 alienum:
1056 2275 1143 2297 nam
1156 2264 1393 2298 historiarum
1409 2264 1563 2309 scripto-

852 2320 911 2343 res
927 2320 1000 2353 quo
1015 2309 1133 2353 magis
1147 2308 1218 2353 ipsi
1231 2308 1268 2342 in
1281 2310 1476 2353 republica
1485 2321 1563 2343 vcr-

854 2355 924 2388 sati
945 2358 1030 2387 sunt
1049 2359 1160 2398 atque
1181 2354 1390 2397 exercitati,
1417 2366 1460 2389 eo
1489 2366 1564 2389 cre-

853 2399 955 2433 brius
969 2398 1046 2433 fere
1060 2398 1315 2443 libentiusque
1331 2399 1562 2434 orationibus

852 2447 1006 2477 utuntur
1031 2444 1078 2478 ad
1109 2455 1242 2478 nexum
1272 2444 1457 2478 internum
1481 2456 1562 2479 ner—

852 2500 994 2533 vosque
1038 2488 1144 2533 quasi
1187 2489 1400 2523 subtiliores
1441 2501 1564 2524 rerum

852 2538 1042 2578 gestarum
1078 2534 1282 2568 lectoribus
1319 2535 1562 2579 explicandos

852 2590 895 2613 ac
917 2579 1227 2613 demonstrandos
1248 2590 1367 2625 coque
1386 2579 1469 2625 ipso
1484 2580 1562 2615 fere

884 2660 932 2683 192
951 2667 978 2683 v.
994 2660 1012 2683 l.
1027 2666 1092 2684 ann.
1107 2661 1155 2684 102
1173 2660 1191 2684 1.

884 2694 933 2717 193
953 2694 1022 2718 ibid.

884 2728 934 2752 194
953 2728 988 2752 cf.
1004 2728 1216 2753 Lachmannum
1231 2728 1250 2753 1.
1265 2736 1289 2753 c.
1304 2729 1326 2759 1,
1341 2729 1400 2754 115.
1415 2728 1451 2759 11,
1467 2729 1526 2753 125.
