1835 3226
347 214 431 255 414
614 219 766 255 LIBER
792 220 901 264 VIII,
929 220 982 254 15.
1005 221 1057 254 16.
1086 221 1420 264 [a.u.e.417—4·2·2

345 326 476 366 ruisse
512 322 795 378 profugosque
833 337 927 362 cum
963 322 1207 378 coniugibus
1243 338 1291 364 ac
1325 324 1464 365 liberis
1497 325 1696 368 Suessam

345 386 640 433 communisse,
667 399 772 437 quac
798 399 907 424 nunc
931 383 1131 425 Aurunca
1156 385 1377 439 appellata,
1410 387 1571 428 moenia
1595 389 1697 429 anti-

300 463 318 490 5
345 463 426 501 qua
451 462 592 487 eorum
615 445 840 499 urbemque
861 446 912 487 ab
930 444 1124 488 Sidicinis
1144 447 1332 488 deletam.
1372 447 1423 488 ob
1444 462 1491 488 ea
1510 448 1696 491 infensus

344 509 582 551 consulibus
598 515 776 558 senatus,
798 523 972 562 quorum
987 509 1243 550 cunctatione
1257 510 1407 564 proditi
1426 510 1526 551 socii
1546 518 1696 561 essent,

343 571 584 612 dictatorem
609 570 689 610 dici
714 570 846 610 iussit.
895 570 1028 611 dictus
1051 569 1099 611 C.
1117 570 1317 612 Claudius
1336 571 1587 627 =Regillensis
1612 588 1699 614 ma-

301 646 319 676 6
345 634 521 688 gistrum
546 632 730 685 equitum
757 631 806 673 C.
835 631 1058 673 Claudium
1082 632 1349 674 Hortatorem
1380 634 1494 674 dixit.
1553 633 1698 689 religio

342 695 436 735 inde
467 694 616 735 iniecta
645 694 696 735 de
727 694 943 744 dictatore,
982 701 1021 735 et
1052 709 1145 736 cum
1177 710 1355 751 augures
1388 695 1487 736 vitio
1516 702 1699 736 creatum

343 755 473 797 videri
504 756 724 805 dixissent,
763 756 936 798 dictator
966 757 1246 812 magisterque
1278 757 1462 811 equitum
1493 772 1537 799 se
1568 757 1698 813 magi-

345 824 475 859 stratu
500 817 754 859 abdicarunt.

427 880 493 921 Eo
534 895 641 921 anno
682 879 869 921 Minucia
904 880 1086 923 Vestalis
1130 888 1322 936 suspecta
1361 882 1493 936 primo
1534 887 1700 936 propter

298 956 318 985 8
344 942 601 983 mundiorem
632 943 739 983 iusto
771 943 943 992 cultum,
982 944 1218 984 insimulata
1248 944 1394 984 deinde
1425 944 1535 998 apud
1564 943 1699 998 ponti-

343 1005 442 1046 fices
480 1004 531 1046 ab
567 1005 701 1046 indice
740 1020 877 1055 servo,
927 1020 1022 1046 eum
1059 1006 1223 1047 decreto
1261 1021 1403 1047 eorum
1439 1007 1553 1046 iussa
1589 1013 1701 1046 esset

344 1068 469 1109 sacris
507 1067 711 1108 abstinere
747 1067 1029 1122 familiamque
1065 1069 1107 1109 in
1146 1076 1349 1123 potestate
1384 1068 1554 1116 habere,
1591 1068 1701 1108 sacto

344 1129 495 1170 iudicio
526 1130 621 1170 viva
652 1129 728 1170 sub
755 1137 904 1171 terram
929 1131 981 1171 ad
1005 1138 1166 1185 portam
1193 1130 1396 1172 Collinam
1423 1131 1566 1171 dextra
1591 1130 1702 1171 viam

345 1197 513 1232 stratam
544 1191 712 1232 defossa
743 1192 939 1233 scelerato
970 1207 1127 1247 campo.
1177 1193 1298 1234 eredo
1330 1192 1381 1234 ab
1416 1192 1573 1234 incesto
1597 1192 1640 1232 id
1664 1191 1702 1232 ei

345 1254 437 1295 loco
464 1269 615 1294 nomen
641 1254 809 1295 factum.

299 1328 316 1356 9
428 1316 591 1356 Eodem
628 1331 734 1357 a-nno
767 1315 819 1369 Q.
846 1316 1050 1357 Publilius
1082 1315 1203 1357 Philo
1234 1322 1397 1370 praetor
1435 1316 1613 1370 primum
1649 1315 1699 1356 de

344 1378 464 1433 plebe
490 1379 733 1419 adversante
761 1377 945 1433 Sulpicio
972 1379 1158 1428 consule,
1192 1379 1262 1432 qui
1292 1377 1472 1433 negabat
1500 1378 1699 1418 rationem

345 1440 432 1481 cius
466 1455 508 1481 se
539 1440 794 1489 habiturum,
833 1447 893 1481 est
925 1441 1059 1481 factus
1119 1447 1280 1489 senatu,
1319 1455 1411 1481 cum
1448 1440 1490 1480 in
1527 1439 1697 1479 summis

344 1503 526 1556 imperiis
553 1503 595 1543 id
619 1518 700 1543 non
727 1503 988 1552 obtinuisset,
1016 1503 1151 1544 minus
1177 1503 1219 1543 in
1239 1509 1427 1557 praetura
1448 1503 1694 1543 intendente.

302 1576 316 1604 1
430 1564 555 1605 XVI.
604 1564 834 1617 Insequcns
861 1580 1011 1614 annus,
1038 1566 1091 1606 L.
1111 1565 1279 1620 Papirio
1307 1565 1479 1614 Crasso,
1508 1564 1695 1606 Caesone

345 1626 504 1667 Duillio
536 1626 792 1675 consulibus,
830 1626 1051 1667 Ausonum
1084 1628 1216 1681 magis
1247 1642 1354 1667 novo
1385 1642 1508 1680 quam
1545 1641 1697 1682 magno

346 1687 453 1729 bello
485 1688 562 1728 fuit
592 1689 779 1742 insignis.
841 1703 890 1729 ea
913 1703 1016 1743 gens
1044 1688 1166 1730 Cales
1193 1688 1336 1729 urbem
1361 1688 1576 1729 incolebat.
1633 1688 1699 1729 Si-

344 1750 489 1791 dicinis
521 1750 702 1791 finitimis
735 1765 848 1790 arma
879 1751 1164 1800 coniunxerat,
1200 1765 1365 1803 unoque
1401 1751 1554 1804 proelio
1588 1750 1700 1791 haud

346 1827 443 1853 sane
474 1812 729 1853 memorabili
760 1812 936 1853 duorum
965 1812 1212 1867 populorum
1238 1812 1439 1853 exercitus
1464 1812 1582 1853 fusus
1608 1827 1701 1866 pro-

344 1875 572 1929 pinquitate
610 1874 773 1916 urbium
810 1881 848 1915 et
885 1874 938 1915 ad
968 1875 1112 1929 fugam
1142 1874 1309 1928 pronior
1338 1880 1377 1914 et
1406 1874 1448 1914 in
1478 1873 1580 1928 fuga
1609 1874 1700 1928 ipsa

301 1948 319 1976 3
347 1938 470 1978 tutior
506 1937 596 1978 fuit.
656 1951 733 1978 nee
770 1945 908 1978 tamen
943 1938 1098 1978 omissa
1127 1937 1214 1978 eius
1246 1936 1342 1977 belli
1373 1951 1471 1977 cura
1499 1935 1697 1990 patribus,

347 2000 446 2054 quia
475 2000 623 2041 totiens
655 2000 738 2040 iam
771 1998 943 2041 Sidicini
974 2006 1044 2040 aut
1080 1999 1159 2054 ipsi
1195 2006 1408 2039 moverant
1443 1997 1596 2040 bellum
1632 2006 1702 2039 aut

347 2062 608 2103 moventibus
629 2062 829 2103 auxilium
849 2062 1025 2103 tulerant
1048 2068 1120 2102 aut
1144 2076 1269 2102 causa
1293 2076 1500 2102 armorum
1525 2060 1698 2101 fuerant.

302 2135 322 2162 4
348 2125 486 2178 itaque
518 2124 629 2165 omni
660 2139 737 2178 ope
763 2124 896 2165 adnisi
922 2131 1034 2173 sunt,
1067 2130 1113 2164 ut
1137 2123 1362 2164 maximum
1387 2137 1435 2164 ea
1460 2129 1701 2177 tempestate

346 2187 634 2241 imperatorem
660 2185 721 2226 M.
742 2185 954 2227 Valerium
982 2186 1166 2227 Corvum
1191 2185 1401 2227 consulem
1426 2191 1616 2238 quartum
1641 2183 1702 2224 fa-

303 2261 321 2288 .·›
348 2255 496 2290 cerent.
546 2249 705 2304 collega
730 2248 892 2289 additus
921 2248 1058 2290 Corvo
1078 2248 1138 2289 M.
1159 2247 1314 2289 Atilius
1335 2248 1536 2303 Regulus.
1586 2253 1625 2287 et
1649 2261 1700 2286 ne

347 2312 452 2352 forte
478 2326 577 2352 casu
603 2318 815 2360 erraretur,
841 2311 1015 2365 petitum
1042 2311 1093 2352 ab
1120 2310 1378 2360 consulibus,
1404 2316 1451 2350 ut
1475 2316 1590 2350 extra
1615 2323 1700 2349 sor-

306 2385 323 2413 ο
349 2383 430 2414 tem
452 2373 579 2415 Corvi
604 2388 652 2414 ea
676 2373 888 2428 provincia
913 2379 1034 2414 esset.
1084 2373 1265 2414 exercitu
1290 2373 1442 2413 victore
1467 2387 1492 2413 a
1517 2370 1701 2426 superio-

347 2436 460 2477 ribus
498 2435 735 2477 consulibus
773 2443 941 2490 accepto
978 2436 1030 2476 ad
1062 2435 1205 2484 Cales,
1242 2435 1350 2475 unde
1382 2434 1534 2475 bellum
1566 2440 1700 2474 ortum

349 2506 451 2547 erat,
477 2498 687 2553 profectus
708 2513 803 2539 eum
827 2498 967 2539 hostes
993 2498 1044 2539 ab
1071 2498 1291 2553 superioris
1319 2498 1441 2538 etiam
1467 2495 1698 2538 certaminis

348 2561 545 2602 memoria
580 2561 752 2616 pavidos
790 2561 966 2602 clamore
1003 2568 1124 2614 atque
1160 2561 1315 2615 impetu
1347 2560 1479 2615 primo
1510 2559 1698 2606 fudisset,

306 2634 321 2661 7
350 2623 511 2663 moenia
534 2624 625 2677 ipsa
651 2638 889 2679 oppugnare
915 2630 977 2664 est
1001 2624 1237 2679 adgressus.
1278 2629 1317 2663 et
1341 2622 1515 2662 militum
1535 2620 1699 2674 quidem

350 2684 384 2724 is
411 2692 495 2725 erat
520 2686 651 2735 ardor,
679 2693 721 2726 ut
747 2686 829 2727 iam
853 2685 947 2726 inde
973 2700 1067 2727 cum
1093 2685 1213 2727 scalis
1241 2684 1459 2726 succedere
1485 2684 1537 2724 ad
1561 2695 1698 2722 muros

301 895 317 923 κ1

301 1699 318 1728 10
