1835 3226
275 417 292 444 ἶ)

275 541 291 569 6

274 1472 292 1500 [0

320 229 401 269 318
653 235 806 269 LIBER
831 235 902 278 Vl,
931 234 981 267 13.
1004 233 1057 266 14.
1089 235 1232 276 [11.11.0.
1248 233 1330 276 369]

319 340 443 381 caede
469 339 645 394 spatium
672 339 724 378 ad
755 337 1014 378 evadendum
1046 337 1206 378 interim
1239 337 1489 378 multitudini
1515 338 1677 379 darent:

320 402 418 442 satis
445 415 555 449 esse,
593 399 819 441 missilibus
846 414 894 440 ac
925 406 1076 440 terrore
1107 399 1283 454 inpediri
1314 415 1479 441 cursum
1511 399 1680 454 obequi-

318 464 523 516 tandoque
549 478 698 518 agmen
724 462 864 511 teneri,
891 462 989 502 dum
1016 462 1188 515 adsequi
1212 462 1338 516 pedes
1365 468 1404 503 et
1428 462 1536 503 iusta
1555 463 1680 504 caede

318 525 517 566 conficere
555 524 716 566 hostem
753 530 906 578 posset.
974 524 1099 579 fugae
1143 524 1424 578 sequendique
1467 540 1549 565 non
1585 530 1680 565 ante

316 594 479 628 noctem
515 586 607 628 finis
645 586 734 627 suit.
797 593 918 641 capta
954 601 1117 640 quoque
1155 601 1203 627 ac
1239 586 1397 641 direpta
1434 587 1579 628 eodem
1615 587 1681 628 dic

317 656 451 691 castra
475 649 724 690 Volscorum
748 650 984 704 praedaque
1011 649 1143 690 omnis
1170 656 1332 704 praeter
1356 649 1484 690 libera
1509 665 1682 704 corpora

318 712 435 752 militi
466 726 663 752 concessa
693 718 767 752 est.
817 726 912 766 pars
946 711 1126 752 maxima
1152 712 1408 766 captivorum
1440 726 1491 752 ex
1515 712 1680 752 Latinis

318 780 440 827 atque
466 773 661 814 Hernicis
687 774 777 823 fuit,
805 788 880 814 nec
906 773 1119 814 hominum
1146 774 1196 814 de
1222 774 1354 828 plebe,
1381 780 1426 814 ut
1452 774 1563 815 credi
1587 789 1683 829 pos-

319 843 380 877 set
414 837 603 877 mercede
640 836 859 885 militasse,
900 836 973 877 sed
1009 836 1214 891 principes
1253 836 1421 889 quidam
1457 836 1681 877 iuventutis

317 899 490 949 inventi,
529 898 750 939 manifesta
774 899 897 948 fides,
935 898 1102 953 publica
1133 914 1210 953 ope
1235 898 1413 939 Volscos
1445 898 1586 939 hostes
1612 899 1684 939 ad-

318 961 437 1002 iutos.
490 960 799 1003 Cerceiensium
831 975 995 1014 quoque
1027 961 1195 1014 quidam
1228 961 1381 1016 cogniti
1419 967 1458 1001 et
1489 961 1626 1002 coloni
1658 977 1681 1002 a

316 1023 485 1066 Velitris
495 1041 505 1074 3
538 1024 798 1078 Romamque
826 1038 968 1064 omnes
996 1023 1113 1064 missi
1137 1023 1500 1078 percunctantibus
1531 1024 1683 1078 primo-

317 1086 430 1127 ribus
456 1093 618 1141 patrum
645 1087 801 1136 eadem,
829 1101 933 1139 quae
961 1086 1161 1135 dictatori,
1189 1086 1463 1127 defectionem
1490 1087 1553 1126 sui
1572 1087 1684 1140 quis-

319 1163 398 1201 que
425 1148 578 1202 populi,
606 1148 717 1188 haud
742 1148 936 1202 perplexe
962 1148 1210 1189 indicavere.

403 1209 556 1250 XIIII.
589 1210 781 1250 Dictator
806 1211 1030 1251 exercitum
1057 1211 1098 1250 in
1125 1211 1284 1252 stativis
1311 1210 1488 1259 tenebat,
1516 1211 1682 1251 minime

319 1272 483 1322 dubius,
510 1272 664 1313 bellum
690 1287 783 1313 cum
804 1272 852 1313 iis
872 1273 1036 1326 populis
1055 1279 1192 1327 patres
1212 1273 1410 1322 iussuros,
1439 1288 1533 1313 cum
1554 1273 1684 1313 maior

319 1335 431 1375 domi
456 1341 598 1375 exorta
621 1334 751 1375 moles
778 1335 913 1389 coegit
939 1335 1061 1375 acciri
1087 1335 1264 1375 Romam
1291 1350 1384 1375 eum
1415 1335 1614 1390 gliscente
1640 1336 1682 1376 111

319 1397 407 1437 dies
435 1397 653 1446 seditione,
692 1412 815 1450 quam
842 1396 962 1437 solito
995 1397 1126 1452 magis
1159 1397 1422 1437 metuendam
1455 1404 1596 1438 auctor
1621 1398 1682 1438 fa-

319 1458 464 1500 ciebat.
503 1474 584 1499 non
610 1459 717 1499 enim
744 1459 824 1499 iam
850 1459 1053 1500 orationes
1081 1459 1203 1499 modo
1222 1458 1283 1499 M.
1299 1459 1445 1509 Manli,
1475 1460 1547 1500 sed
1574 1460 1683 1501 facta

318 1521 534 1576 popularia
563 1522 605 1561 in
637 1521 834 1576 speciem,
872 1521 1126 1562 tumultuosa
1157 1521 1300 1562 cadem
1332 1536 1414 1575 qua
1444 1527 1580 1563 mente
1611 1522 1683 1563 fic-

275 1597 293 1625 3
319 1590 408 1623 rent
433 1583 606 1624 intuenti
632 1590 758 1624 erant.
808 1583 1088 1624 centurionem
1119 1583 1299 1624 nobilem
1326 1584 1569 1625 militaribus
1596 1585 1682 1626 fac-

277 2408 292 2435 *l

319 1646 370 1686 tis
407 1646 633 1686 iudicatum
668 1646 867 1700 pecuniae
905 1660 999 1686 cum
1043 1645 1137 1686 duci
1175 1646 1365 1695 vidisset,
1417 1647 1552 1687 medio
1592 1647 1682 1687 soro

319 1723 413 1749 cum
444 1714 608 1749 caterva
639 1723 715 1750 sua
745 1708 919 1749 accurrit
951 1714 990 1748 et
1021 1723 1190 1748 manum
1220 1708 1376 1757 iniecit,
1415 1709 1684 1750 vociferatus-

318 1785 397 1824 que
423 1771 473 1811 de
495 1770 686 1825 superbia
706 1778 869 1825 patrum
890 1785 938 1811 ac
958 1770 1197 1810 crudelitate
1222 1770 1525 1811 faeneratorum
1545 1777 1585 1812 et
1608 1772 1684 1812 mi-

320 1833 435 1874 seriis
468 1832 618 1887 plebis,
656 1832 876 1873 virtutibus
910 1832 997 1873 eius
1029 1832 1106 1872 viri
1137 1832 1403 1885 fortunaque:
1443 1836 1551 1872 ‘tum
1586 1848 1684 1874 vero

319 1895 422 1950 ego,’
454 1895 587 1948 inquit
619 1894 889 1948 ‘nequiquam
914 1894 992 1934 hac
1017 1894 1162 1935 dextra
1188 1893 1440 1949 Capitolium
1466 1909 1684 1948 arcemque

320 1957 588 2005 servaverim,
629 1957 662 1998 si
700 1957 832 1997 civem
864 1957 1268 2011 commilitonemque
1298 1972 1436 1998 meum
1474 1963 1684 2011 tamquam

321 2019 453 2061 Gallis
485 2019 711 2060 victoribus
750 2026 914 2074 captum
952 2020 993 2060 in
1033 2020 1273 2061 servitutem
1312 2035 1360 2060 ac
1390 2019 1556 2061 vincula
1587 2020 1683 2061 duci

320 2082 508 2123 videam?
566 2081 662 2122 inde
686 2096 773 2122 rem
800 2082 987 2122 creditori
1013 2082 1148 2137 palam
1173 2082 1327 2137 populo
1354 2082 1475 2122 solvit
1499 2082 1684 2136 libraque

319 2151 359 2185 et
390 2159 482 2185 aere
512 2143 730 2185 liberatum
762 2144 927 2193 emittit,
966 2145 1065 2186 deos
1098 2151 1220 2198 atque
1251 2144 1438 2185 homines
1476 2144 1685 2185 obtestan-

320 2215 420 2256 tem,
454 2212 498 2247 ut
522 2205 584 2246 M.
610 2205 789 2256 Manlio,
822 2206 1029 2247 liberatori
1055 2222 1149 2256 suo,
1186 2206 1345 2261 parenti
1369 2205 1503 2261 plebis
1529 2206 1684 2248 Roma-

320 2283 409 2317 nae,
436 2268 611 2324 gratiam
636 2268 827 2310 referant.
867 2278 1061 2324 acceptus
1088 2269 1294 2323 extemplo
1320 2268 1362 2309 in
1387 2268 1684 2310 tumultuosam

320 2331 483 2372 turbam
522 2337 561 2371 et
596 2330 685 2385 ipse
728 2331 949 2372 tumultum
993 2331 1191 2387 augebat,
1242 2331 1451 2372 cicatrices
1494 2338 1684 2386 acceptas

319 2393 502 2442 Veienti,
531 2391 693 2435 Gallico
719 2393 891 2447 aliisque
918 2394 1112 2449 deinceps
1138 2394 1256 2435 bellis
1282 2400 1512 2435 ostentans:
1540 2409 1583 2435 se
1609 2394 1685 2434 mi-

319 2455 522 2505 litantem,
561 2470 605 2497 se
630 2456 913 2497 restituentem
939 2471 1106 2497 eversos
1132 2462 1323 2511 penates,
1360 2455 1577 2510 multiplici
1602 2456 1684 2496 iam

321 2524 429 2558 sorte
460 2517 648 2558 exsoluta
678 2517 960 2573 mergentibus
992 2533 1155 2573 semper
1186 2524 1337 2559 sortem
1369 2517 1524 2567 usuris,
1562 2517 1684 2559 obru-

319 2587 407 2621 tum
420 2580 587 2621 faenore
602 2595 712 2630 055ος
739 2581 877 2621 videre
891 2581 1038 2630 lucem,
1059 2581 1209 2630 forum,
1231 2580 1381 2621 civium
1396 2595 1466 2621 ora
1478 2579 1540 2621 M.
1550 2579 1683 2621 Manli

279 2655 298 2682 ὅ
321 2656 462 2696 opera,
501 2642 639 2683 omnia
668 2643 899 2697 parentium
929 2643 1130 2684 beneficia
1161 2643 1212 2684 ab
1243 2643 1312 2683 illo
1345 2657 1388 2683 se
1419 2641 1587 2691 habere,
1623 2641 1681 2681 illi

322 2703 524 2745 devovere
561 2705 743 2760 corporis
775 2705 965 2759 vitaeque
1002 2720 1049 2746 ac
1088 2705 1299 2761 sanguinis
1337 2704 1447 2758 quod
1484 2703 1678 2758 supersit:
