1835 3226
285 428 303 457 5

269 1661 308 1689 10

272 1909 303 1937 11

274 2407 311 2434 13

327 240 383 282 46
666 247 816 280 Llssfflz
843 246 877 288 1,
902 245 956 279 43.
986 245 1342 288 [a.u.e.176-220]

327 351 539 402 ribusque,
584 348 727 402 viginti
765 347 1019 401 conscriptae
1056 348 1276 388 centuriae.
1337 362 1451 388 arma
1486 348 1683 402 imperata

330 418 491 452 scutum
516 424 589 463 pro
616 409 746 462 clipeo
772 414 812 449 et
830 416 992 463 praeter
1009 408 1177 450 loricam
1197 408 1335 450 omnia
1354 409 1511 450 eadem.
1543 410 1685 451 tertiae

328 471 472 513 elassis
497 471 540 511 in
570 470 870 525 quinquaginta
893 470 1053 511 milium
1079 483 1248 512 censum
1275 485 1367 512 esse
1397 470 1539 511 voluit.
1594 471 1686 511 toti-

327 534 422 574 dem
447 532 653 573 centuriae
679 538 720 572 et
738 531 815 573 hae
839 532 1065 585 eodemque
1085 532 1319 573 discrimine
1339 532 1534 573 aetatium
1552 531 1686 573 factae

329 609 403 636 nec
422 594 473 635 de
492 594 616 635 armis
635 593 855 647 quicquam
874 600 1090 643 mutatum,
1117 609 1260 636 ocreae
1279 601 1437 635 tantum
1457 595 1683 649 ademptae.

329 658 370 697 in
400 662 546 709 quarta
576 655 708 696 classe
740 670 889 697 census
920 656 1103 709 quinque
1135 662 1175 697 et
1204 656 1350 711 viginti
1381 656 1557 704 milium3
1595 656 1688 697 toti-

329 719 421 759 dem
448 718 657 758 centuriae
682 717 835 767 factae,
868 733 982 758 arma
1006 725 1181 768 mutata,
1214 718 1315 758 nihil
1339 726 1501 773 praeter
1524 718 1688 758 hastam

329 787 367 821 et
393 785 582 821 verutum
609 779 762 820 datum.
799 779 942 832 quinta
967 779 1112 820 elassis
1137 787 1269 830 aucta,
1297 780 1503 821 centuriae
1523 779 1689 834 triginta

329 842 474 883 saetae.
523 842 674 882 fundas
699 841 942 896 lapidesque
966 842 1144 884 missiles
1170 842 1212 883 hi
1237 857 1378 884 seeum
1403 840 1621 898 gerebant3
1647 842 1688 882 in

329 904 392 944 his
418 903 593 953 accensi,
620 904 845 944 cornicines
871 903 1173 958 tubicinesque,
1200 904 1243 945 in
1267 911 1349 945 tres
1375 904 1580 945 centurias
1606 904 1690 944 dis-

330 965 481 1006 tributi.
541 965 736 1006 undecim
770 965 937 1007 milibus
973 965 1076 1007 haee
1112 966 1257 1008 classis
1294 966 1551 1008 censebatur.
1611 966 1690 1007 hoc

330 1027 461 1068 minor
485 1041 634 1068 census
652 1027 852 1081 reliquam
871 1027 1175 1070 multitudinem
1194 1028 1355 1070 habuit:
1381 1028 1476 1070 inde
1495 1043 1578 1069 una
1597 1042 1691 1069 een-

331 1090 436 1130 turia
459 1089 569 1130 facta
586 1096 649 1130 est
667 1089 861 1130 immunis
887 1089 1043 1131 militia.

416 1151 481 1191 Ita
504 1151 684 1205 pedestri
715 1152 897 1192 exercitu
927 1159 1070 1193 ornato
1102 1152 1404 1206 distributoque
1430 1153 1614 1207 equitum
1639 1166 1690 1192 ex

330 1213 576 1267 primoribus
603 1213 778 1254 civitatis
804 1214 1023 1255 duodecim
1049 1215 1211 1268 scripsit
1237 1215 1454 1256 centurias.
1494 1229 1567 1255 sex
1592 1214 1689 1254 item

332 1275 433 1315 alias
464 1275 687 1324 centurias,
725 1275 855 1316 tribus
887 1275 939 1316 ab
970 1275 1148 1316 Romulo
1179 1276 1395 1325 institutis,
1435 1275 1512 1316 sub
1543 1275 1689 1322 isdem,

331 1336 482 1390 quibus
497 1337 765 1391 inauguratae
780 1343 906 1386 erant,
933 1337 1167 1378 nominibus
1181 1337 1290 1378 fecit.
1335 1338 1388 1378 ad
1409 1352 1536 1390 equos
1551 1351 1689 1377 emen-

332 1399 406 1440 dos
444 1398 551 1440 dena
586 1399 698 1440 milia
734 1399 839 1440 acris
877 1413 928 1440 ex
963 1399 1129 1453 publico
1159 1399 1256 1440 data
1286 1406 1343 1449 ct,
1380 1399 1530 1453 quibus
1562 1413 1689 1452 equos

333 1460 505 1509 alerent,
532 1461 680 1502 viduae
706 1461 945 1510 attributae,
978 1476 1083 1515 quae
1108 1461 1206 1502 bina
1230 1461 1341 1502 milia
1365 1461 1469 1502 aeris
1495 1461 1536 1501 in
1561 1475 1690 1501 annos

333 1521 517 1577 singulos
542 1523 778 1577 penderent.
821 1522 923 1564 haee
948 1523 1085 1564 omnia
1109 1523 1150 1563 in
1176 1523 1280 1564 dites
1306 1538 1331 1564 a
1354 1522 1603 1578 pauperibus
1631 1522 1691 1562 in-

333 1584 482 1626 clinata
507 1599 644 1626 onera.

417 1645 582 1687 Deinde
613 1654 675 1688 est
705 1647 835 1688 honos
867 1647 1049 1689 additus:
1088 1662 1170 1687 non
1196 1647 1324 1696 enim,
1361 1655 1403 1687 ut
1436 1646 1487 1688 ab
1512 1646 1691 1687 Romulo

333 1707 525 1749 traditum
552 1709 676 1749 ceteri
701 1716 965 1750 servaverant
995 1723 1134 1764 reges,
1173 1709 1324 1749 viritim
1356 1708 1600 1763 suffragium
1626 1722 1692 1748 ca-

333 1771 426 1811 dem
453 1770 493 1810 vi
518 1770 745 1824 eodemque
771 1771 857 1811 iure
883 1771 1087 1825 promisce
1112 1770 1304 1811 omnibus
1336 1770 1477 1811 datum
1503 1776 1583 1819 est,
1621 1769 1694 1810 sed

333 1834 486 1887 gradus
511 1833 629 1883 faeti,
668 1840 711 1874 ut
735 1848 868 1887 neque
894 1833 1087 1875 exclusus
1113 1833 1332 1887 quisquam
1359 1832 1556 1888 suffragio
1581 1832 1695 1872 vide-

334 1906 444 1936 retur
468 1902 508 1936 et
531 1895 594 1937 vis
621 1896 755 1937 onmis
779 1910 908 1950 penes
934 1896 1134 1950 primores
1161 1895 1337 1936 civitatis
1364 1904 1486 1936 esset.
1535 1894 1693 1948 equites

334 1958 443 1998 enim
468 1957 723 1999 vocabantur
746 1958 878 2012 primi,
905 1958 1116 2012 octoginta
1140 1957 1234 1999 inde
1260 1957 1415 2012 primae
1435 1956 1579 1998 elassis
1600 1970 1695 1997 cen-

336 2021 464 2060 turiae
490 2020 667 2074 primum
692 2021 877 2075 peditum
903 2020 1174 2069 vocabantur3
1211 2019 1268 2060 ibi
1293 2020 1326 2060 si
1353 2019 1546 2068 variaret,
1583 2017 1695 2072 quod

337 2097 427 2123 raro
458 2082 683 2132 incidebat,
721 2090 766 2123 ut
803 2083 1009 2124 secundae
1046 2082 1191 2123 classis
1229 2089 1473 2122 vocarentur
1502 2095 1578 2121 nec
1608 2080 1694 2120 fere

335 2159 531 2198 umquam
555 2144 664 2185 infra
687 2144 744 2186 ita
768 2144 1077 2194 descenderent,
1103 2151 1148 2184 ut
1166 2143 1218 2184 ad
1236 2143 1399 2184 infimos
1419 2142 1692 2197 pervenirent.

336 2220 410 2246 nec
434 2206 572 2246 mirari
596 2212 767 2260 oportet,
793 2205 904 2247 hunc
930 2206 1129 2254 ordinem,
1155 2205 1226 2258 qui
1252 2218 1360 2245 nune
1391 2210 1484 2258 post
1509 2203 1692 2257 expletas

336 2268 516 2321 quinque
541 2274 581 2309 et
605 2268 774 2323 triginta
798 2268 928 2309 tribus
986 2267 1194 2322 duplicato
1227 2281 1367 2307 earum
1397 2280 1568 2306 numero
1600 2279 1694 2305 cen-

337 2330 451 2371 turiis
475 2330 682 2371 iuniorum
708 2330 998 2383 seniorumque
1037 2336 1112 2378 est,
1138 2329 1191 2369 ad
1216 2329 1443 2369 institutam
1469 2327 1521 2368 ab
1548 2325 1695 2368 Servio

338 2391 475 2433 Tullio
501 2407 706 2434 summam
736 2408 819 2433 non
850 2391 1080 2433 convenire.
1130 2390 1422 2444 quadrifariam
1455 2389 1563 2430 enim
1593 2387 1694 2429 urbe

338 2454 470 2495 divisa
495 2454 746 2510 regionibus,
773 2469 879 2508 quae
899 2453 1092 2507 (collibus
1115 2453 1204 2506 qui)
1229 2452 1520 2493 habitabantur
1544 2457 1694 2505 parteS,

339 2531 407 2557 eas
439 2516 568 2558 tribus
600 2517 839 2571 appellavit,
886 2523 930 2557 ut
961 2531 1039 2571 ego
1071 2515 1244 2556 arbitror
1280 2529 1304 2554 a
1335 2513 1486 2554 tributo
1517 2538 1569 2542 -
1601 2525 1695 2551 nam

339 2578 426 2619 eius
463 2593 628 2632 quoque
665 2579 890 2632 aequaliter
925 2593 978 2620 ex
1013 2592 1140 2619 censu
1185 2575 1422 2617 conferendi
1458 2574 1510 2615 ab
1553 2572 1695 2614 eodem

341 2639 439 2681 inita
469 2641 570 2681 ratio
601 2648 664 2682 est
697 2657 766 2682 —z
803 2655 937 2695 neque
968 2655 1040 2681 eae
1072 2638 1201 2679 tribus
1233 2637 1285 2678 ad
1315 2636 1588 2678 centuriarum
1613 2633 1695 2673 dis-

342 2700 602 2742 tributionem
626 2717 924 2756 numerumque
950 2702 1168 2756 quicquam
1195 2700 1436 2754 pertinuere.
