1780 3204
495 160 647 194 LIBER
672 160 725 204 x,
751 159 804 193 44.
825 160 879 195 45.
907 162 954 203 [a.
971 159 1104 203 C.293]
1400 150 1482 191 543

134 264 303 314 diversi,
334 263 525 318 Papirius
552 263 605 304 ad
630 262 875 318 Saepinum,
914 262 1118 305 Carvilius
1150 263 1201 303 ad
1226 262 1387 304 Veliam
1413 277 1484 317 op-

132 326 411 381 pugnandam,
437 325 621 381 legiones
648 325 814 366 ducunt.

216 386 465 430 XXXXV.
496 387 679 428 Litterae
694 386 908 428 consulum
921 387 1077 442 ingenti
1094 386 1247 427 laetitia
1267 386 1360 427 etin
1373 386 1483 427 curia

133 456 172 489 et
196 450 239 489 in
258 449 444 489 contione
464 449 639 497 auditae,
667 456 704 489 et
725 449 941 502 quadridui
961 448 1255 503 supplicatione
1274 447 1486 502 publicum

132 510 330 564 gaudium
354 509 523 563 privatis
550 510 695 550 studiis
723 509 974 551 celebratum
1000 517 1073 550 est.
1123 524 1197 550 ncc
1222 509 1374 564 populo
1400 509 1484 550 Ro-

131 585 254 612 mano
286 586 438 626 magna.
469 571 620 620 solum,
660 571 733 611 scd
763 579 1037 626 peroportuna
1074 571 1195 612 etiam
1234 586 1282 612 ea
1317 571 1486 612 victoria

132 633 228 682 fuit,
266 632 361 685 quia
385 646 459 686 per
482 632 591 672 idem
616 631 720 673 forte
746 640 907 687 tempus
937 632 1159 674 rebellasse
1183 632 1384 673 Etruscos
1415 633 1486 673 ad-

131 696 261 737 latum
287 702 360 735 est.
411 694 574 735 subibat
600 695 793 749 cogitatio
825 696 1024 744 animum,
1063 710 1241 748 quonam
1271 695 1393 736 modo
1425 701 1486 736 to-

130 757 309 799 lerabilis
334 756 473 797 futura
496 756 662 797 Etruria
687 756 852 806 fuisset,
881 758 915 797 si
940 757 1038 810 quid
1062 758 1104 797 in
1131 756 1299 799 Samnio
1325 757 1486 798 adversi

132 820 355 868 evenisset,
394 834 499 873 quae
524 819 801 860 coniuratione
830 818 1078 861 Samnitium
1103 827 1254 869 erecta,
1292 820 1485 873 quoniam

131 882 253 924 ambo
279 882 467 923 consules
493 882 707 935 omnisque
732 882 920 923 Romana
945 882 1006 923 vis
1033 897 1176 923 aversa
1200 883 1243 922 in
1270 881 1485 923 Samnium

131 951 258 993 esset,
297 944 605 998 occupationem
635 944 777 998 populi
800 944 978 985 Romani
1008 959 1081 998 pro
1112 944 1325 984 occasione
1356 943 1486 984 rebel-

130 1006 243 1047 landi
273 1005 498 1047 habuisset.
547 1006 775 1060 legationes
809 1006 1013 1047 sociorum
1070 1022 1093 1046 a
1122 1005 1184 1046 M.
1209 1006 1339 1046 Atilio
1370 1020 1486 1060 prae-

131 1076 217 1109 tore
242 1068 285 1108 in
310 1076 497 1109 senatum
522 1068 777 1108 introductae
834 1067 1126 1121 querebantur,
1163 1068 1227 1108 uri
1257 1082 1303 1108 ac
1334 1068 1487 1108 vastari

131 1145 252 1184 agros
279 1145 301 1170 a
326 1129 509 1170 finitimis
534 1129 743 1178 Etruscis,
782 1130 892 1183 quod
917 1129 1145 1170 desciscere
1171 1144 1194 1169 a
1223 1128 1376 1182 populo
1401 1128 1486 1168 Ro-

130 1206 253 1232 mano
277 1191 449 1240 nollent,
483 1191 874 1244 obtestabanturque
898 1202 1035 1245 patres
1062 1191 1334 1244 conscriptos,
1372 1197 1417 1230 ut
1443 1205 1485 1230 se

130 1269 154 1294 a
179 1253 219 1293 vi
238 1260 359 1306 atque
378 1252 525 1292 iniuria
544 1253 822 1293 communium
842 1252 1022 1293 hostium
1041 1259 1280 1292 tutarentur.
1318 1267 1486 1306 respon-

130 1329 222 1355 sum
245 1314 410 1368 legatis,
450 1328 570 1354 curae
596 1314 756 1354 senatui
780 1314 982 1364 futurum,
1018 1329 1070 1355 ne
1102 1315 1235 1355 socios
1267 1314 1362 1354 fidei
1388 1328 1485 1354 suae

127 1375 369 1430 paeniteret:
394 1375 667 1416 Etruscorum
680 1390 806 1430 prope
822 1376 929 1416 diem
945 1377 1117 1417 eandem
1137 1376 1344 1417 fortunam
1363 1390 1486 1429 quam

130 1436 380 1478 Samnitium
405 1436 503 1478 fore.
555 1437 722 1492 segnius
749 1444 903 1486 tamen,
937 1439 1048 1491 quod
1073 1438 1125 1479 ad
1148 1437 1358 1478 Etruriam
1384 1438 1487 1477 adti-

126 1499 264 1549 nebat,
292 1506 383 1540 acta
407 1514 472 1540 res
499 1507 626 1548 esset,
654 1500 695 1540 ni
720 1500 905 1541 Faliscos
932 1515 1115 1554 quoque,
1143 1500 1213 1553 qui
1237 1515 1310 1553 per
1334 1500 1485 1541 multos

129 1575 258 1602 annos
288 1561 331 1601 in
367 1561 545 1602 amicitia
580 1561 760 1610 fuerant,
798 1562 981 1602 adlatum
1018 1562 1123 1602 foret
1153 1577 1267 1602 arma
1295 1561 1485 1602 Etruscis

127 1623 324 1664 iunxisse.
374 1623 496 1663 huius
520 1623 804 1677 propinquitas
829 1624 969 1678 populi
994 1624 1102 1664 acuit
1129 1639 1269 1664 curam
1287 1623 1484 1678 patribus,

1510 401 1526 429 1

1510 523 1528 551 2

1511 707 1529 735 3

1511 1020 1529 1046 4

1513 1204 1530 1231 f)

1512 1451 1529 1480 G

1513 1638 1528 1665 *l

127 1691 172 1724 ut
197 1684 356 1725 fetiales
382 1684 601 1725 mittendos
627 1685 680 1725 ad
703 1699 769 1725 res
794 1686 1038 1739 repetendas
1066 1691 1291 1726 censerent.
1335 1684 1484 1738 quibus

127 1760 211 1786 non
247 1746 416 1786 redditis
449 1760 500 1786 ex
530 1746 770 1786 auctoritate
800 1753 964 1800 patrum
1000 1746 1117 1787 iussu
1152 1746 1294 1801 populi
1331 1745 1484 1787 bellum

127 1807 301 1848 Faliscis
338 1807 538 1848 indictum
575 1814 638 1848 est
672 1808 856 1861 iussique
893 1808 1081 1849 consules
1120 1808 1271 1857 sortiri,
1309 1815 1399 1849 uter
1434 1823 1484 1849 ex

130 1867 300 1910 Samnio
324 1869 365 1909 in
384 1868 595 1909 Etruriam
620 1884 712 1909 cum
739 1869 919 1910 exercitu
945 1870 1146 1911 transiret.
1177 1870 1260 1910 iam
1280 1868 1484 1911 Carvilius

128 1930 292 1971 Veliam
329 1937 368 1971 et
402 1931 699 1972 Palumbinum
735 1938 775 1973 et
805 1931 1116 1973 Herculaneum
1147 1947 1198 1973 ex
1230 1931 1484 1973 Samnitibus

129 1999 310 2047 ceperat,
347 1991 510 2034 Veliam
540 1993 646 2034 intra
675 2008 831 2048 paucos
863 1994 970 2043 dies,
1007 1993 1303 2035 Palumbinum
1340 1994 1483 2035 eodem

128 2068 210 2107 quo
235 2054 287 2094 ad
312 2069 450 2096 muros
477 2055 662 2095 accessit.
701 2055 753 2096 ad
771 2055 1079 2096 Herculaneum
1100 2056 1221 2096 etiam
1242 2056 1370 2110 signis
1390 2070 1485 2097 con—

127 2116 220 2157 latis
257 2116 424 2170 ancipiti
458 2116 611 2171 proelio
649 2123 688 2158 et
724 2132 816 2158 cum
853 2117 1006 2159 maiore
1039 2133 1114 2158 sua
1144 2128 1269 2171 quam
1304 2118 1483 2159 hostium

127 2178 285 2218 iactura
309 2178 529 2219 dimicavit.
567 2179 710 2220 castris
737 2180 884 2220 deinde
909 2180 1054 2234 positis
1080 2179 1296 2221 moenibus
1322 2179 1484 2221 hostem

128 2239 304 2280 inclusit.
355 2246 639 2295 oppugnatum
664 2242 860 2296 oppidum
887 2249 1146 2297 captumque.
1196 2242 1239 2282 in
1262 2242 1326 2282 his
1353 2241 1482 2282 tribus

127 2300 299 2342 urbibus
325 2310 444 2356 capta
468 2309 538 2343 aut
563 2317 683 2344 caesa
709 2304 761 2344 ad
786 2304 928 2345 decem
954 2304 1067 2345 milia
1090 2304 1322 2353 hominum,
1359 2304 1416 2344 ita
1439 2311 1483 2344 ut

127 2377 255 2416 parvo
288 2363 510 2404 admodum
540 2364 678 2418 plures
711 2372 965 2420 caperentur.
1027 2365 1288 2407 sortientibus
1319 2366 1483 2420 provin-

129 2424 213 2464 cias
251 2424 490 2466 consulibus
528 2425 696 2467 Etruria
735 2426 915 2468 Carvilio
954 2428 1089 2468 evenit
1126 2427 1354 2468 secundum
1387 2434 1484 2468 vota

128 2486 316 2535 militum,
343 2486 413 2539 qui
437 2487 520 2527 vim
545 2486 710 2542 frigoris
736 2488 817 2528 iam
843 2489 884 2528 in
906 2487 1077 2530 Samnio
1101 2505 1183 2530 non
1209 2489 1479 2544 patiebantur.

127 2547 294 2602 Papirio
320 2548 371 2588 ad
399 2546 624 2603 Saepinum
649 2550 779 2590 maior
803 2550 864 2591 vis
890 2550 1070 2592 hostium
1094 2551 1253 2592 restitit.
1298 2565 1420 2606 saepe
1438 2552 1481 2592 in

128 2609 227 2659 acie,
255 2624 377 2664 saepe
402 2609 444 2650 in
469 2611 644 2665 agmine,
672 2625 795 2665 saepe
821 2612 927 2653 circa
951 2613 1084 2667 ipsam
1112 2613 1254 2655 urbem
1280 2614 1479 2655 adversus

1514 2070 1552 2098 11)

1513 2256 1547 2283 ll

1509 2565 1547 2594 12
