1835 3226
311 388 319 414 1

307 510 323 537 ’2

305 634 323 663 3

308 1935 326 1963 S

309 2060 325 2087 9

291 2245 298 2272 1
309 2245 327 2270 0

295 2556 325 2583 11

352 260 433 301 256
757 267 907 301 LIBER
930 267 976 312 V,
1001 267 1031 301 5.
1060 270 1107 311 [a.
1122 279 1156 302 u.
1171 279 1202 303 c.
1217 269 1298 313 351]

438 370 488 411 V.
540 369 648 412 Cum
686 370 749 411 his
785 370 962 411 molliter
997 378 1037 411 et
1071 385 1144 425 per
1179 371 1394 413 dilationes
1432 371 1583 413 bellum
1619 376 1706 429 geri

349 432 532 487 oportet?
558 432 591 472 si
616 447 691 473 nos
718 438 800 473 tam
826 432 980 473 iustum
1005 433 1144 473 odium
1164 433 1265 473 nihil
1285 441 1435 483 movet,
1461 449 1512 474 ne
1532 434 1601 475 illa
1620 436 1708 489 qui-

351 496 462 543 dem,
496 509 567 535 oro
591 509 684 543 vos,
718 494 910 535 movent?
946 494 1138 549 operibus
1170 494 1407 550 ingentibus
1440 503 1581 550 saepta
1610 497 1707 538 urbs

350 564 429 605 est,
463 556 612 609 quibus
639 557 745 597 intra
770 571 910 597 muros
937 563 1148 597 coercetur
1171 556 1315 598 hostis.
1365 573 1511 612 agrum
1535 573 1617 598 non
1643 572 1710 599 co-

349 619 441 668 luit,
468 625 507 659 et
532 618 641 659 culta
666 625 850 659 evastata
876 624 971 659 sunt
995 618 1115 660 bello.
1154 619 1188 660 si
1212 619 1446 660 reducimus
1472 620 1708 669 exereitum,

349 681 440 734 quis
461 687 523 721 est
542 681 612 734 qui
631 680 801 730 dubitet,
827 680 919 722 illos
940 695 1022 722 non
1037 696 1061 722 a
1075 681 1297 736 cupiditate
1318 681 1451 722 solum
1471 681 1708 730 ulciscendi,

351 742 424 784 sed
455 743 577 783 etiam
606 742 852 783 necessitate
883 742 1062 797 inposita
1093 757 1145 783 ex
1170 743 1302 783 alieno
1334 743 1578 797 praedandi,
1616 758 1710 784 eum

351 820 427 846 sua
451 804 680 854 amiserint,
712 820 859 859 agrum
883 811 1071 846 nostrum
1095 805 1338 846 invasuros?
1373 820 1455 846 non
1481 805 1709 846 differimus

349 867 474 922 igitur
498 866 652 908 bellum
677 866 756 908 isto
783 867 972 917 consilio,
1011 868 1084 908 sed
1108 867 1214 908 intra
1238 867 1340 908 fines
1366 874 1528 908 nostros
1561 868 1711 922 aecipi-

351 944 455 970 mus.
494 929 617 982 quid?
641 929 755 978 illud,
783 930 893 983 quod
917 930 1080 985 proprie
1105 930 1158 971 ad
1176 930 1325 971 milites
1345 930 1533 985 pertinet,
1560 929 1710 983 quibus

350 991 446 1033 boni
472 991 623 1032 tribuni
649 991 780 1046 plebis
807 1007 901 1033 eum
928 992 1178 1047 stipendium
1209 999 1450 1046 extorquere
1480 992 1709 1040 voluerunt,

350 1068 459 1094 nune
484 1054 717 1095 consultum
741 1061 908 1109 repente
928 1054 1082 1103 volunt,
1109 1054 1229 1107 quale
1251 1054 1337 1095 cst?
1362 1054 1515 1095 vallum
1534 1054 1711 1095 fossam-

350 1130 442 1169 que,
468 1115 646 1170 ingentis
671 1122 890 1169 utrumque
915 1131 1003 1157 rem
1027 1116 1182 1171 operis,
1209 1131 1281 1170 per
1307 1122 1464 1156 tantum
1491 1116 1612 1170 spatii
1637 1115 1712 1155 du-

350 1182 515 1226 xerunt,
554 1177 722 1218 castella
747 1178 878 1232 primo
904 1192 1054 1232 pauca,
1091 1184 1238 1232 postea
1268 1178 1449 1219 exercitu
1480 1184 1600 1219 aucto
1625 1192 1712 1218 ere-

352 1238 529 1280 berrilna
552 1238 756 1288 fecerunt,
784 1240 1031 1280 munitiones
1056 1255 1139 1280 non
1163 1240 1205 1279 in
1229 1239 1372 1280 urbem
1397 1240 1538 1288 modo,
1572 1239 1644 1280 scd
1669 1239 1712 1279 in

351 1300 561 1341 Etruriam
592 1300 714 1341 etiam
746 1308 997 1355 spectantes,
1036 1301 1070 1342 si
1101 1316 1182 1354 qua
1217 1301 1311 1341 inde
1343 1301 1495 1341 auxilia
1530 1301 1709 1349 veniant,

353 1376 593 1417 opposuere.
631 1363 730 1416 quid
750 1370 894 1412 turres,
921 1363 1020 1417 quid
1040 1363 1181 1404 vineas
1206 1363 1514 1416 testudinesque
1535 1368 1571 1403 et
1588 1363 1710 1402 alium

353 1424 724 1479 oppugnandarum
748 1424 912 1466 urbium
943 1431 1185 1479 apparatum
1218 1424 1386 1477 loquar?
1433 1439 1526 1465 cum
1552 1431 1711 1464 tantum

352 1487 502 1528 laboris
528 1485 774 1527 exhaustum
801 1487 853 1527 sit
877 1494 917 1527 et
941 1488 994 1528 ad
1017 1487 1141 1527 finem
1166 1487 1247 1527 iam
1273 1487 1407 1541 operis
1436 1486 1602 1526 tandem
1621 1500 1713 1540 per-

353 1555 532 1597 ventum,
558 1548 878 1602 relinquendane
903 1549 1006 1590 haee
1030 1549 1225 1597 censetis,
1253 1555 1298 1589 ut
1325 1549 1377 1589 ad
1403 1555 1600 1589 aestatem
1626 1563 1713 1588 rur-

354 1625 424 1651 sus
460 1624 592 1650 novus
628 1610 679 1650 de
715 1610 873 1666 integro
909 1610 973 1651 his
1009 1611 1270 1651 instituendis
1313 1610 1537 1651 exsudetur
1572 1609 1711 1651 labor?

353 1678 505 1725 quanto
532 1678 594 1712 est
618 1672 768 1721 minus,
796 1687 920 1726 opera
944 1673 1048 1713 tueri
1073 1672 1184 1713 faeta
1208 1679 1247 1713 et
1272 1673 1423 1714 instare
1448 1687 1496 1714 ae
1520 1687 1711 1727 perseve-

352 1748 440 1774 rare
466 1733 718 1788 defungique
744 1733 866 1774 cura?
895 1733 1031 1775 brevis
1058 1734 1166 1774 enim
1185 1733 1370 1788 profecto
1389 1748 1454 1775 res
1474 1741 1548 1782 est,
1576 1735 1611 1775 si
1631 1749 1711 1774 uno

353 1803 492 1836 tenore
515 1796 744 1850 peragitur,
770 1810 846 1836 nee
871 1795 951 1850 ipsi
974 1810 1048 1850 per
1070 1795 1396 1836 intermissiones
1421 1795 1495 1836 has
1520 1796 1713 1837 interval-

352 1858 472 1911 laque
497 1857 711 1898 lentiorem
738 1872 855 1912 spem
885 1864 1068 1899 nostram
1100 1857 1289 1898 facimus.
1338 1857 1485 1911 loquor
1514 1858 1564 1898 de
1589 1873 1711 1912 opere

353 1926 391 1960 ct
422 1920 473 1960 de
509 1919 705 1974 temporis
742 1919 910 1960 iactura.
960 1919 1084 1973 quid?
1119 1918 1306 1973 periculi,
1344 1919 1455 1972 quod
1487 1918 1713 1960 differendo

352 1981 459 2023 bello
484 1982 658 2031 adimus,
684 1997 783 2022 num
809 1981 998 2023 oblivisci
1022 1997 1096 2023 nos
1124 1982 1226 2022 haee
1251 1988 1334 2022 tam
1361 1980 1503 2022 erebra
1523 1981 1715 2022 Etruriae

352 2044 524 2085 coucilia
549 2044 599 2084 de
624 2044 832 2085 mittendis
854 2043 980 2085 Veios
1007 2044 1170 2085 auxiliis
1196 2043 1431 2098 patiuntur?
1457 2049 1500 2083 ut
1519 2058 1629 2084 nune
1648 2058 1714 2084 res

354 2121 398 2147 se
423 2105 566 2156 habet,
592 2106 684 2147 irati
709 2114 822 2156 sunt,
855 2107 1047 2156 oderunt,
1078 2113 1233 2161 negant
1257 2105 1477 2155 1nissuros3
1514 2113 1714 2159 quantum

352 2169 395 2208 in
419 2168 498 2209 illis
525 2175 600 2218 est,
627 2183 774 2223 capere
793 2168 921 2210 Veios
946 2169 1054 2210 licet.
1091 2169 1183 2222 quis
1204 2168 1355 2221 estqui
1375 2167 1587 2222 spondeat,
1615 2182 1714 2208 eun-

355 2231 462 2280 dem,
489 2230 524 2272 si
548 2230 735 2271 differtur
759 2230 926 2280 bellum,
953 2231 1135 2271 animum
1161 2237 1306 2285 postea
1329 2229 1434 2279 fore,
1462 2244 1568 2279 eum,
1597 2230 1631 2270 si
1655 2229 1714 2270 la-

354 2299 591 2333 xamentum
617 2293 797 2343 dederis,
830 2294 960 2334 maior
984 2293 1316 2346 frequentiorque
1340 2291 1492 2347 legatio
1516 2292 1621 2332 itura
1647 2292 1712 2341 sit,

356 2370 448 2396 cum
479 2356 523 2396 id
553 2356 664 2409 quod
695 2370 805 2397 nune
837 2356 1011 2397 offendit
1033 2355 1258 2405 Etruscos,
1294 2369 1367 2395 rex
1397 2361 1558 2396 creatus
1582 2354 1713 2404 Veiis,

355 2418 502 2458 mutari
527 2418 660 2472 spatio
685 2418 926 2472 interposito
951 2418 1084 2473 possit
1107 2417 1173 2458 vel
1199 2431 1404 2458 consensu
1435 2416 1631 2466 civitatis,
1670 2422 1715 2456 ut

356 2494 403 2520 eo
427 2480 689 2521 reconcilient
713 2480 903 2521 Etruriae
929 2480 1102 2529 animos,
1128 2480 1194 2520 vel
1212 2479 1343 2534 ipsius
1364 2478 1571 2519 voluntate
1589 2478 1711 2533 regiS,

356 2543 425 2595 qui
450 2542 612 2584 obstare
638 2558 812 2598 regnum
833 2557 954 2583 suum
974 2543 1096 2584 saluti
1117 2542 1267 2583 civium
1287 2541 1411 2582 nolit?
1441 2541 1588 2590 videte,
1615 2545 1713 2592 quot

356 2619 439 2655 res,
478 2620 601 2659 quarn
625 2606 789 2647 inutiles
817 2612 1042 2660 sequantur
1065 2605 1178 2646 illam
1203 2604 1313 2645 viam
1345 2603 1522 2652 consilii,
1558 2603 1713 2643 iactura

357 2681 526 2720 operum
556 2674 670 2709 tanto
700 2668 840 2710 labore
872 2669 1095 2717 factorum,
1133 2666 1309 2708 vastatio
1339 2665 1543 2706 inminens
1568 2662 1711 2703 finium

296 2739 331 2767 12
358 2734 602 2779 nostrorum,
629 2729 854 2772 Etruscum
867 2730 1019 2772 bellum
1034 2744 1108 2786 pro
1122 2729 1297 2770 Veiente
1317 2727 1577 2769 concitatum.
1610 2724 1710 2765 haec
