1835 3226
263 686 281 714 8

247 1244 284 1271 10

265 1677 283 1705 10

310 255 391 296 278
665 259 817 292 LIBER
841 259 886 302 V,
913 258 966 292 26.
987 258 1042 292 27.
1073 261 1120 302 [a.
1135 270 1168 292 u.
1184 271 1212 293 c.
1226 260 1309 304 360]

308 370 472 406 secutus
504 362 651 403 ducem
682 361 826 402 castris
857 360 986 402 multa
1015 367 1134 402 nocte
1166 362 1287 403 motis
1320 363 1451 416 prima
1475 364 1566 405 lucc
1592 366 1664 406 ali-

307 431 458 479 quanto
490 422 770 478 superioribus
800 422 902 464 locis
941 437 984 464 se
1021 423 1210 464 ostendit.
1260 424 1458 465 trifariam
1488 425 1665 468 Romani

307 485 563 534 muniebant,
591 484 695 525 alius
721 484 924 525 exercitus
949 485 1104 539 proelio
1129 485 1309 526 intentus
1336 486 1482 528 stabat.
1524 487 1583 529 ibi
1605 489 1667 529 in-

306 547 445 602 pedire
465 561 568 601 opus
589 552 756 588 conatos
770 546 911 588 hostes
925 546 1061 587 fundit
1075 547 1292 602 fugatqu03
1313 553 1553 603 tantumque
1571 550 1665 591 inde

306 609 470 663 pavoris
495 608 671 649 Faliscis
702 609 898 649 iniectum
929 614 1009 658 est,
1041 615 1088 649 ut
1118 609 1252 650 effusa
1281 609 1383 665 fuga
1413 617 1548 652 castra
1578 627 1664 662 sua,

309 685 413 724 quae
438 671 631 725 propiora
655 677 788 721 erant,
815 670 986 725 praelati
1011 670 1155 712 urbem
1179 677 1377 726 peterent.
1414 672 1531 714 multi
1559 675 1668 715 caesi

308 734 604 787 vulneratique,
630 734 871 789 priusquam
891 740 1089 789 paventes
1109 734 1237 789 portis
1258 734 1494 776 inciderent.
1533 742 1667 777 castra

308 802 444 851 capta,
476 796 630 850 praeda
655 796 707 837 ad
732 802 970 850 quaestores
996 796 1163 837 redacta
1187 811 1281 837 cum
1310 812 1464 852 magna
1493 798 1668 838 militum

307 858 384 898 ira:
424 858 496 899 sed
529 858 746 899 severitate
776 858 938 912 imperii
969 858 1066 899 victi
1091 859 1264 899 eandem
1290 859 1482 900 virtutem
1507 865 1548 900 et
1572 860 1668 901 ode-

307 926 397 960 rant
422 928 462 961 et
486 920 753 961 mirabantur.
804 920 966 961 obsidio
990 920 1085 961 inde
1110 920 1223 962 urbis
1256 927 1295 962 et
1326 922 1592 972 munitiones3
1629 928 1670 963 et

307 983 512 1022 interdum
537 997 611 1037 per
635 982 896 1024 occasionem
920 983 1098 1037 impetus
1125 983 1424 1038 oppidanorum
1450 984 1491 1024 in
1515 984 1668 1025 Roma-

308 1059 382 1085 nas
415 1045 610 1086 stationes
640 1044 877 1099 proeliaque
907 1059 1035 1099 parva
1059 1044 1147 1085 fieri
1172 1051 1212 1085 et
1236 1045 1311 1085 teri
1336 1051 1498 1099 tempus
1523 1053 1668 1087 neutro

308 1106 502 1147 inclinata
533 1121 624 1161 spe,
671 1122 765 1148 cum
801 1107 1053 1147 frumentum
1090 1106 1314 1161 copiaeque
1350 1107 1452 1148 aliae
1490 1121 1541 1148 ex
1577 1113 1670 1148 ante

311 1174 509 1209 convecto
533 1168 690 1222 largius
715 1168 897 1210 obsessis
923 1183 1048 1222 quam
1073 1168 1359 1210 obsidentibus
1392 1168 1668 1223 subpeterent.

310 1229 607 1283 videbaturque
633 1244 762 1284 acque
788 1230 1005 1271 diuturnus
1029 1230 1193 1272 futurus
1218 1231 1335 1272 labor
1359 1245 1408 1272 ae
1427 1231 1542 1272 Veiis
1568 1230 1672 1272 fuis-

311 1297 390 1340 set,
416 1292 459 1332 ni
484 1291 649 1333 fortuna
674 1292 908 1346 imperatori
927 1292 1117 1333 Romano
1137 1293 1259 1333 simul
1279 1299 1317 1333 et
1338 1293 1527 1347 cognitae
1546 1292 1670 1333 rebus

309 1352 465 1394 bellicis
491 1354 651 1394 virtutis
679 1354 887 1408 specimen
913 1360 953 1395 et
976 1360 1180 1394 maturam
1204 1354 1416 1395 victoriam
1442 1354 1634 1395 dedisset.

393 1414 592 1456 XXVII.
630 1415 727 1456 Mos
747 1422 833 1456 erat
851 1416 1027 1457 Faliscis
1053 1416 1197 1456 codem
1222 1416 1422 1471 magistro
1447 1416 1668 1457 liberorum

311 1483 350 1517 et
375 1477 523 1517 comite
548 1477 625 1526 uti,
659 1477 862 1530 simulque
887 1477 1024 1532 plures
1050 1477 1184 1531 pueri,
1217 1477 1330 1530 quod
1353 1477 1474 1518 hodic
1505 1491 1669 1531 quoque

310 1539 353 1578 iu
374 1536 551 1579 Graecia
569 1546 725 1587 manet,
751 1539 873 1580 unius
894 1553 1015 1579 curae
1035 1538 1400 1580 demandabantur.
1438 1539 1667 1593 principum

311 1599 480 1648 liberos,
519 1600 625 1640 sicut
654 1600 740 1640 fere
771 1600 834 1650 fit,
872 1601 944 1653 qui
975 1600 1145 1641 scientia
1175 1600 1391 1641 videbatur
1426 1601 1670 1655 praecellere

310 1660 533 1701 erudiebat.
582 1661 616 1702 is
649 1676 742 1701 cum
773 1662 815 1702 in
839 1676 941 1716 pace
965 1662 1211 1702 instituisset
1233 1677 1382 1716 pueros
1410 1669 1502 1703 ante
1528 1662 1670 1703 urbem

308 1723 424 1763 lusus
447 1723 745 1776 exercendique
764 1738 890 1764 causa
908 1724 1146 1778 producere,
1172 1723 1272 1763 nihil
1292 1738 1340 1764 eo
1359 1739 1472 1764 more
1491 1739 1563 1778 per
1576 1724 1672 1765 belli

310 1791 472 1839 tempus
498 1785 732 1825 intermisso
759 1785 895 1840 (dum)
916 1785 1039 1826 modo
1059 1784 1316 1825 brevioribus
1337 1786 1459 1826 modo
1478 1785 1672 1840 longiori-

309 1846 386 1887 bus
414 1847 556 1901 spatiis
583 1847 782 1888 trahendo
809 1862 879 1888 eos
906 1863 930 1888 a
953 1852 1090 1902 porta,
1116 1847 1212 1887 lusu
1238 1846 1576 1901 sermonibusque
1602 1862 1672 1888 va-

309 1908 422 1949 riatis
436 1909 600 1964 longius
616 1909 748 1959 solito,
770 1909 841 1951 ubi
858 1924 924 1951 res
944 1909 1068 1958 dedit,
1089 1923 1333 1964 progressus
1353 1909 1458 1949 inter
1477 1909 1671 1950 stationes

311 1985 381 2011 eos
419 1971 598 2012 hostium
636 1978 851 2025 castraque
887 1972 981 2012 inde
1016 1971 1207 2012 Romana
1247 1971 1289 2011 in
1330 1971 1579 2026 praetorium
1621 1971 1672 2012 ad

311 2033 534 2074 Camillum
556 2034 759 2088 perduxit.
803 2033 861 2074 ibi
887 2033 1062 2075 scelesto
1087 2033 1261 2074 facinori
1286 2033 1563 2074 scelestiorem
1589 2047 1673 2074 ser-

265 2112 284 2140 4
309 2110 474 2136 monem
505 2096 635 2146 addit,
667 2095 852 2137 Falerios
885 2110 929 2137 se
959 2096 1002 2136 in
1033 2110 1179 2136 manus
1205 2094 1406 2136 Romanis
1438 2095 1669 2144 tradidisse,

309 2158 474 2211 quando
511 2172 581 2199 eos
620 2172 789 2212 pueros,
833 2172 1010 2211 quorum
1045 2162 1236 2212 parentes
1274 2157 1408 2211 capita.
1443 2156 1499 2197 ibi
1536 2170 1671 2196 rerum

310 2220 408 2269 sint,
440 2220 482 2260 in
506 2226 752 2274 potestatem
779 2220 992 2261 dediderit.
1041 2234 1147 2273 quae
1173 2219 1242 2260 ubi
1269 2218 1470 2260 Camillus
1497 2218 1670 2259 audivit:

312 2286 411 2323 ‘non
431 2283 483 2323 ad
503 2282 695 2323 similem’
721 2283 854 2336 inquit
879 2283 957 2323 ‘tui
976 2296 1052 2323 nec
1070 2281 1269 2336 populum
1288 2296 1364 2322 nec
1383 2281 1670 2335 imperatorem

311 2345 508 2386 scelestus
546 2345 636 2400 ipse
672 2360 766 2386 cum
803 2345 977 2387 scelesto
1013 2359 1182 2385 munere
1218 2343 1378 2385 venisti.
1427 2342 1545 2384 nobis
1578 2357 1671 2383 eum

309 2408 484 2449 Faliscis
531 2422 636 2461 quae
661 2414 782 2462 paeto
802 2407 848 2448 fit
866 2408 1048 2448 humano
1088 2406 1262 2448 societas
1281 2420 1364 2447 non
1383 2412 1463 2454 est,
1478 2430 1532 2434 —
1546 2418 1668 2458 quam

309 2470 566 2525 ingeneravit
596 2477 760 2519 natura,
798 2470 1014 2523 utriusque
1045 2476 1107 2510 est
1144 2468 1313 2522 critque.
1370 2476 1464 2508 sunt
1501 2472 1540 2507 et
1575 2465 1671 2507 belli

311 2532 415 2572 sicut
445 2532 559 2586 pacis
585 2532 692 2581 iura,
724 2532 912 2585 iusteque
937 2546 986 2572 ea
1009 2546 1093 2572 non
1118 2531 1254 2571 minus
1280 2545 1405 2584 quam
1430 2529 1587 2570 fortiter
1611 2527 1671 2567 di-

269 2608 283 2635 ῖ
310 2594 484 2635 dicimus
504 2609 659 2650 gerere.
697 2611 810 2636 arma
829 2594 1030 2636 habemus
1050 2609 1132 2635 non
1152 2593 1350 2635 adversus
1371 2608 1460 2634 eam
1481 2596 1667 2638 aetatem,

311 2656 375 2695 cui
401 2657 524 2697 ctiam
550 2658 680 2712 captis
706 2657 876 2699 urbibus
897 2657 1088 2712 parcitur,
1116 2655 1189 2697 sed
1207 2655 1406 2697 adversus
1426 2657 1604 2694 armatos
1630 2656 1669 2691 et

313 2717 445 2770 ipsos,
478 2719 546 2772 qui
578 2734 654 2760 nce
684 2719 786 2761 laesi
815 2735 891 2761 nee
921 2719 1100 2761 lacessiti
1133 2734 1155 2759 a
1181 2718 1298 2760 nobis
1324 2721 1457 2758 castra
1480 2714 1669 2754 Romana
