1835 3226
298 934 306 961 1

350 251 427 290 194
700 256 851 289 LIBER
878 255 970 299 1111,
999 256 1026 288 1.
1048 256 1078 288 2.
1108 259 1154 298 [a.
1170 268 1203 289 u.
1219 230 1344 300 0309]

847 565 999 618 TITI
1035 566 1195 618 LIVI

669 691 756 728 AB
797 692 986 729 VRBE
1033 691 1367 730 CONDITA

867 838 1034 875 LIBER
1064 838 1163 874 IIII.

421 914 454 954 I.
509 913 603 954 Hos
637 914 766 954 secuti
795 913 857 954 M.
891 911 1104 954 Genucius
1136 920 1176 954 et
1207 912 1256 954 C.
1291 912 1460 954 Curtius
1492 914 1694 955 consules.

338 976 416 1016 fuit
446 991 578 1017 annus
610 975 721 1017 domi
746 975 929 1029 forisque
953 975 1142 1016 infestus.
1190 991 1286 1016 nam
1312 975 1408 1016 anni
1432 975 1632 1030 principio
1658 983 1697 1016 ct

339 1038 389 1078 de
415 1038 591 1080 conubio
616 1045 779 1092 patrum
805 1044 845 1079 et
868 1037 1001 1093 plebis
1029 1036 1078 1079 C.
1100 1036 1326 1079 Canuleius
1352 1038 1538 1079 tribunus
1563 1037 1695 1093 plebis

339 1101 592 1154 rogationem
606 1100 896 1155 promulgavit,
923 1114 1005 1154 qua
1023 1100 1292 1141 contaminari
1312 1100 1556 1155 sanguinem
1577 1115 1695 1141 suum

337 1169 475 1215 patres
495 1162 775 1215 confundique
795 1162 884 1202 iura
903 1162 1088 1216 gentium
1107 1162 1313 1212 rebantur,
1341 1168 1379 1203 et
1398 1162 1551 1203 mentio
1564 1163 1696 1217 primo

341 1224 494 1264 sensim
525 1224 652 1264 inlata
682 1239 706 1264 a
736 1223 928 1273 tribunis,
969 1230 1012 1264 ut
1043 1224 1215 1265 alterum
1247 1239 1298 1265 ex
1327 1224 1448 1279 plebe
1485 1225 1695 1265 consulem

341 1285 479 1325 liceret
510 1285 615 1334 fieri,
655 1299 702 1325 eo
733 1285 934 1339 processit.
971 1285 1137 1334 deinde,
1175 1292 1220 1325 ut
1254 1285 1510 1340 rogationem
1545 1300 1695 1326 novem

338 1346 490 1388 tribuni
525 1347 852 1402 promulgarent,
894 1354 940 1388 ut
974 1347 1128 1402 populo
1163 1354 1345 1402 potestas
1382 1354 1491 1388 esset
1527 1362 1601 1389 seu
1644 1347 1694 1388 dc

293 1425 310 1449 :;
337 1408 456 1463 plebe
482 1423 555 1450 seu
580 1410 630 1449 dc
655 1409 840 1463 patribus
866 1409 988 1450 vellet
1013 1408 1202 1450 consules
1228 1408 1417 1450 faciendi.
1472 1410 1513 1450 id
1537 1424 1634 1450 vcro
1661 1409 1693 1449 si

338 1471 468 1519 fieret,
495 1485 575 1512 non
600 1471 757 1526 volgari
783 1471 905 1512 modo
931 1485 1024 1512 cum
1049 1470 1219 1520 infimis,
1252 1470 1325 1511 scd
1349 1486 1517 1525 prorsus
1543 1471 1693 1512 auferri

337 1548 360 1572 a
396 1532 644 1586 primoribus
681 1533 733 1573 ad
768 1532 932 1587 plebem
969 1547 1176 1573 summum
1212 1533 1427 1587 imperium
1459 1533 1691 1574 credebant.

336 1593 431 1633 lacti
457 1609 556 1648 ergo
582 1594 748 1634 audiere
768 1601 924 1648 patres,
950 1593 1195 1634 Ardeatium
1214 1594 1411 1649 populum
1432 1594 1483 1636 ob
1504 1595 1692 1635 iniuriam

336 1656 424 1710 agri
456 1656 677 1697 abiudicati
709 1656 891 1697 descisse
923 1662 963 1697 et
986 1655 1182 1697 Veientes
1214 1656 1484 1710 depopulatos
1510 1663 1693 1698 extrema

336 1718 424 1772 agri
448 1718 628 1758 Romani
654 1725 692 1758 ct
712 1717 890 1758 Volscos
915 1716 1172 1770 Aequosque
1197 1717 1250 1758 ob
1276 1718 1569 1759 communitam
1587 1718 1692 1760 Ver-

335 1779 523 1834 ruginem
559 1779 752 1829 fremere3
795 1779 897 1820 adeo
928 1779 993 1819 vel
1029 1778 1173 1819 infelix
1206 1778 1359 1819 bellum
1395 1779 1692 1833 ignominiosae

334 1841 425 1895 paci
451 1840 750 1895 praeferebant.

417 1903 498 1944 His
524 1903 661 1956 itaque
686 1903 726 1943 in
754 1903 887 1944 maius
913 1903 1034 1944 etiam
1061 1903 1258 1958 acceptis,
1285 1910 1329 1943 ut
1353 1903 1458 1943 inter
1477 1903 1691 1958 strepitum

334 1972 392 2006 tot
428 1965 629 2006 bellorum
666 1965 976 2007 conticiscerent
1012 1966 1193 2006 actiones
1224 1965 1483 2014 tribuniciae,
1520 1965 1691 2006 dilectus

333 2026 494 2076 haberi,
521 2026 674 2068 bellum
700 2042 895 2080 armaque
920 2027 960 2068 vi
982 2042 1143 2068 summa
1162 2027 1349 2082 apparari
1369 2026 1529 2076 iubent,
1556 2027 1591 2068 si
1609 2041 1691 2080 quo

334 2089 528 2130 intentius
554 2090 687 2144 possit
711 2104 834 2143 quam
862 2089 911 2131 T.
940 2088 1135 2142 Quinctio
1166 2089 1333 2131 consule
1359 2095 1601 2143 apparatum
1626 2089 1690 2131 sit.

334 2158 422 2190 tum
442 2150 490 2192 C.
508 2150 734 2192 Canuleius
754 2165 888 2205 pauca
911 2151 954 2191 in
979 2158 1123 2192 senatu
1148 2150 1415 2192 vociferatus:
1441 2151 1691 2204 nequiquam

333 2213 552 2254 territando
573 2213 763 2254 consules
784 2220 966 2254 avertere
980 2213 1143 2268 plebem
1163 2228 1185 2254 a
1206 2227 1303 2253 cura
1321 2227 1519 2253 novarum
1531 2212 1690 2267 legum3

332 2289 557 2328 numquam
583 2290 653 2316 cos
685 2290 729 2317 se
759 2275 854 2316 vivo
885 2275 1079 2316 dilectum
1109 2274 1340 2324 habituros,
1379 2280 1598 2327 antequam
1629 2289 1689 2324 ea,

332 2351 436 2390 quae
455 2337 717 2393 promulgata
737 2337 788 2379 ab
809 2352 852 2378 se
873 2337 1123 2392 collegisque
1144 2343 1299 2386 essent,
1326 2335 1467 2391 plebes
1489 2336 1687 2378 scivisset.

332 2405 371 2439 et
396 2399 613 2439 confestim
639 2399 692 2440 ad
717 2400 949 2441 contionem
974 2399 1202 2440 advocavit.

415 2461 472 2501 II.
522 2460 685 2502 Eodem
710 2467 893 2515 tempore
919 2467 959 2501 et
984 2460 1174 2501 consules
1200 2466 1388 2502 senatum
1413 2460 1455 2500 in
1481 2459 1689 2501 tribunum

332 2528 371 2562 et
395 2522 582 2564 tribunus
607 2523 807 2577 populum
832 2523 874 2563 in
899 2522 1089 2564 consules
1114 2522 1323 2563 incitabat.
1361 2521 1569 2577 negabant
1594 2536 1689 2562 eon-

332 2584 454 2633 sules,
481 2584 562 2625 iam
581 2585 687 2626 ultra
707 2584 804 2625 ferri
822 2599 945 2639 posse
966 2584 1125 2625 furores
1145 2583 1395 2633 tribunicios,
1422 2591 1589 2624 ventum
1607 2583 1686 2622 iam

331 2646 383 2686 ad
412 2645 535 2686 finem
566 2660 676 2695 esse,
714 2646 824 2687 domi
855 2646 947 2701 plus
979 2646 1075 2687 belli
1107 2645 1300 2687 concitari
1330 2660 1454 2698 quam
1486 2645 1596 2685 foris.
1645 2643 1687 2684 id

333 2722 412 2747 non
442 2708 544 2748 adeo
574 2707 706 2762 plebis
738 2722 861 2762 quam
891 2714 1072 2763 patrum,
1110 2722 1243 2761 neque
1274 2707 1527 2748 tribunorum
1553 2705 1684 2760 magis
