1780 3204
483 267 637 302 LIBER
662 266 771 311 vin,
797 266 849 299 11.
879 268 926 309 [a.
943 264 1075 308 C.340]
1373 254 1455 295 405)

107 374 206 415 dum
231 371 493 414 deliberando
519 377 653 412 terunt
678 377 858 425 tempus,
884 369 1002 410 victis
1023 369 1189 409 demum
1213 367 1310 409 ferri
1335 382 1456 422 coep-

107 443 206 477 tum.
245 442 285 476 et
303 450 396 476 cum
414 435 496 475 iam
514 434 641 488 portis
662 433 794 487 prima
819 432 936 487 signa
961 437 1000 472 et
1024 446 1118 485 pars
1145 430 1320 485 agminis
1347 437 1455 471 esset

107 513 292 553 egressa,
319 497 461 537 nuntio
487 497 622 537 adlato
649 497 698 536 de
724 495 838 535 clade
857 494 1102 535 Latinorum
1128 508 1221 534 eum
1247 493 1455 534 conversis

108 560 236 614 signis
261 566 367 600 retro
392 559 433 599 in
459 558 602 599 urbem
627 558 834 606 rediretur,
866 563 1095 611 praetorem
1121 571 1260 596 eorum
1291 555 1456 596 nomine

106 621 343 661 Milionium
373 620 525 661 dixisse
556 619 708 668 ferunt,
745 633 820 674 pro
850 617 1017 673 paulula
1042 618 1108 658 via
1133 633 1326 672 magnam
1351 632 1457 657 mer-

108 683 250 723 cedem
281 697 372 723 esse
396 682 596 723 Romanis
629 681 880 721 solvendam.
930 680 1000 733 qui
1023 680 1268 720 Latinorum
1292 694 1455 734 pugnae

107 745 394 799 superfuerant
429 744 566 784 multis
597 743 808 784 itineribus
841 742 1027 797 dissipati
1059 757 1152 782 cum
1183 756 1226 782 se
1256 742 1299 782 in
1328 756 1457 781 unum

107 807 441 861 conglobassent,
467 805 619 847 Vescia
643 805 741 846 urbs
768 805 825 846 eis
856 803 1159 859 receptaculum
1190 804 1279 844 fuit.
1328 803 1385 843 ibi
1414 803 1457 843 111

107 869 287 909 6011611115
312 869 524 909 Numisius
550 868 770 922 imperator
794 882 934 908 eorum
967 866 1239 915 adfirmando,
1273 880 1456 906 commu-

104 946 198 971 nem
230 946 325 971 vcre
356 931 533 971 Martem
566 930 661 971 belli
686 936 900 983 utramque
932 929 1062 969 aciem
1091 928 1179 982 pari
1209 929 1334 969 caede
1363 943 1457 982 pro-

106 993 300 1034 stravisse
325 992 599 1045 victoriaeque
624 1006 775 1032 nomen
795 997 951 1032 tantum
971 1005 1098 1044 penes
1118 990 1329 1031 Romanos
1350 1005 1454 1039 esse,

105 1061 281 1095 ceteram
306 1070 380 1109 pro
404 1055 521 1095 victis
554 1054 759 1095 fortunam
791 1060 829 1093 et
859 1053 950 1093 illos
982 1067 1141 1107 gerere,
1179 1052 1344 1092 funesta
1374 1052 1455 1092 (1110

105 1117 320 1157 6011511111111
350 1117 571 1170 praetoria,
604 1116 775 1155 alterum
799 1115 1014 1168 parricidio
1039 1114 1128 1162 filii,
1162 1114 1334 1154 alterum
1360 1129 1456 1154 6011-

106 1178 205 1219 511115
232 1179 369 1219 devoti
394 1179 517 1219 caede
527 1195 536 1227 3
575 1177 818 1217 trucidatum
845 1176 1069 1216 exercitum
1095 1190 1277 1224 omnem,
1310 1190 1453 1216 caesos

102 1240 367 1293 hastatosque
396 1240 703 1294 principesque,
743 1244 921 1292 stragem
953 1244 992 1277 ct
1023 1243 1116 1277 ante
1149 1237 1267 1292 signa
1297 1243 1455 1291 etpost

103 1302 222 1355 signa
240 1301 404 1350 factam,
426 1301 584 1341 triarios
602 1306 810 1355 postremo
830 1314 916 1340 rem
936 1299 1181 1339 restituisse:
1208 1299 1454 1340 Latinorum

101 1363 178 1403 etsi
212 1363 364 1416 pariter
398 1362 561 1402 adcisae
593 1362 734 1416 copiae
767 1362 865 1410 sint,
904 1368 1041 1401 tamen
1073 1360 1358 1415 supplemento
1388 1362 1454 1402 vel

100 1424 269 1465 Latium
298 1424 466 1478 propius
499 1439 590 1465 esse
622 1424 687 1464 vel
711 1423 888 1464 Volscos
921 1438 1045 1476 quam
1070 1423 1266 1464 Romam:
1292 1449 1346 1452 ——
1376 1424 1452 1464 ita-

100 1502 197 1540 que,
237 1487 271 1527 51
302 1487 489 1527 videatur
513 1487 590 1536 eis,
624 1501 667 1527 se
693 1501 744 1526 ex
768 1486 932 1526 Latinis
959 1493 998 1526 et
1024 1501 1074 1526 ex
1098 1485 1264 1527 Volscis
1289 1486 1452 1540 populis

100 1549 311 1589 iuventute
347 1563 518 1603 propero
557 1548 689 1589 excita
718 1548 944 1588 rediturum
976 1548 1127 1589 infesto
1159 1548 1340 1588 exercitu
1372 1547 1454 1589 Ca-

99 1625 222 1665 puam
255 1626 345 1652 esse
370 1611 663 1663 Romanosque
694 1610 795 1650 nihil
825 1617 912 1650 tum
942 1610 1078 1650 minus
1104 1625 1226 1663 quam
1252 1610 1453 1663 proelium

100 1678 384 1727 exspectantes
410 1672 652 1726 necopinato
678 1672 858 1712 adventu
883 1671 1179 1725 perculsurum.
1234 1670 1450 1711 fallacibus

99 1734 242 1775 litteris
269 1735 376 1775 611611
399 1735 569 1774 Latium
596 1748 828 1787 nomenque
847 1733 1047 1774 Volscum
1073 1733 1229 1781 missis,
1262 1733 1357 1785 quia
1383 1733 1452 1786 qui

99 1811 182 1837 11011
212 1796 479 1836 interfuerant
509 1811 673 1850 pugnae
704 1797 757 1836 ad
787 1795 1036 1836 credendum
1067 1802 1217 1835 temere
1249 1794 1451 1835 faciliores

100 1864 232 1906 erant,
265 1857 553 1897 tumultuarius
584 1857 765 1909 undique
797 1856 998 1897 exercitus
1023 1856 1171 1910 raptim
1197 1856 1451 1910 conscriptus

101 1919 304 1960 convenit.
352 1919 448 1959 huic
473 1919 627 1973 agmini
653 1919 888 1971 Torquatus
915 1918 1059 1958 consul
1084 1918 1136 1958 ad
1156 1917 1371 1958 Trifanum
1398 1944 1451 1948 —-

100 1981 206 2021 inter
239 1979 481 2021 Sinuessam
512 1980 839 2033 Menturnasque
870 1980 904 2020 is
934 1980 1050 2020 locus
1087 1986 1149 2019 est
1179 2005 1233 2008 —
1265 1980 1450 2020 occurrit.

100 2043 341 2097 priusquam
378 2042 520 2082 castris
557 2042 672 2082 locus
710 2049 932 2096 caperetur,
973 2041 1142 2082 sarcinis
1174 2041 1378 2094 utrimque
1409 2042 1449 2082 111

101 2119 294 2145 acervum
315 2104 507 2144 coniectis
522 2110 750 2158 pugnatum
765 2103 1095 2156 debellatumque
1115 2110 1194 2143 est:
1221 2103 1322 2143 adeo
1342 2103 1449 2149 enim

101 2167 260 2208 accisae
285 2181 350 2207 res
378 2172 489 2215 sunt,
522 2173 567 2206 ut
592 2166 751 2206 consuli
775 2166 971 2206 victorem
997 2165 1219 2206 exercitum
1245 2165 1297 2205 ad
1327 2165 1452 2219 depo-

100 2229 302 2282 pulandos
334 2243 455 2283 agros
488 2243 627 2268 corum
659 2228 823 2268 ducenti
854 2228 1047 2268 dederent
1075 2242 1117 2268 se
1144 2242 1285 2268 01111165
1310 2227 1452 2268 Latini

101 2290 431 2343 deditionemque
467 2305 556 2330 eam
590 2289 793 2343 Campani
830 2296 1106 2343 sequerentur.
1167 2289 1337 2329 Latium
1370 2288 1451 2330 Ca-

101 2366 264 2406 puaque
290 2366 389 2405 agro
414 2351 592 2400 multati,
619 2351 796 2392 Latinus
817 2367 914 2406 ager
932 2351 1162 2392 Privernati
1188 2351 1325 2391 addito
1351 2366 1451 2405 agro

103 2420 142 2454 et
160 2413 379 2462 Falernus,
407 2413 476 2466 qui
496 2413 635 2466 populi
657 2412 858 2468 Campani
878 2414 1028 2462 suerat,
1054 2428 1186 2466 usque
1212 2413 1264 2453 ad
1284 2412 1452 2453 Vultur-

101 2491 201 2515 num
238 2475 390 2515 flumen
424 2475 537 2529 plebi
572 2475 784 2516 Romanae
822 2476 1026 2516 dividitur.
1087 2475 1183 2516 bina
1219 2475 1260 2515 in
1296 2475 1448 2517 Latino

101 2538 260 2591 iugera,
297 2537 354 2577 ita
384 2544 428 2576 ut
459 2537 700 2578 dodrantem
726 2553 775 2578 cx
800 2537 1031 2578 Privernati
1057 2538 1308 2591 conplerent,
1342 2537 1448 2587 data,

101 2606 214 2639 terna
249 2598 291 2638 in
320 2599 513 2648 Falerno,
552 2599 848 2652 quadrantibus
886 2600 1006 2640 etiam
1042 2615 1115 2654 pro
1151 2599 1449 2653 longinquitate

100 2661 282 2701 adiectis.
325 2667 440 2702 extra
463 2675 638 2715 poenam
663 2661 777 2702 fuere
796 2662 1041 2703 Latinorum
1066 2663 1297 2704 Laurentes
1326 2661 1450 2702 Cam-

99 2737 381 2777 panorumque
408 2724 584 2776 equites,
612 2724 706 2777 quia
731 2739 812 2765 non
837 2724 1104 2765 desciverant.
1149 2738 1241 2765 cum
1260 2723 1449 2765 Lauren-

1481 1683 1520 1711 10

1479 1932 1516 1960 11

1478 2302 1517 2332 13

1478 2490 1553 2521 14.

1476 2677 1515 2706 15
