1835 3226
345 259 427 299 210
626 263 780 298 LIBER
803 263 898 308 1111,
926 264 978 297 16.
998 264 1051 297 17.
1081 265 1129 308 [a.
1143 275 1178 298 u.
1193 275 1223 299 0.
1236 265 1313 299 316.
1333 266 1414 310 317]

344 380 409 410 tus
441 367 649 422 suffragiis
677 366 872 419 Quinctio
897 365 1135 407 Mamercus
1160 365 1386 420 Aemilius,
1423 369 1486 410 vir
1516 384 1699 412 summac

343 429 572 485 dignitatis3
603 429 658 469 L.
684 428 836 469 Iulium
863 428 1025 469 tertium
1052 434 1203 470 creant.

302 506 312 533 1
426 489 575 531 XVII.
613 489 663 530 In
683 489 829 531 horum
849 490 1093 544 magistratu
1105 490 1301 541 Fidenae,
1328 491 1488 533 colonia
1500 492 1698 544 Romana,

342 553 394 594 ad
418 553 590 593 Lartem
616 551 885 593 Tolumnium
910 551 1147 592 Veientium
1171 567 1313 608 regem
1338 568 1386 595 ac
1411 553 1607 595 Veientes
1632 555 1699 596 de-

298 628 316 657 2
343 615 491 655 fecere.
540 614 674 654 maius
711 613 895 654 additum
927 614 1146 655 defectioni
1179 614 1334 656 scelus:
1373 614 1422 657 C.
1453 615 1700 667 Fulcinium,

342 676 548 718 Cloelium
574 675 763 725 Tullum,
793 674 866 730 Sp.
886 674 1082 726 Antium,
1108 676 1161 717 L.
1188 677 1408 727 Roscium,
1434 677 1592 734 legatos
1619 678 1700 719 Ro-

343 753 508 788 manos,
547 752 715 779 causam
746 737 843 778 novi
875 738 1034 779 consilii
1065 745 1328 792 quaerentes,
1366 739 1482 781 iussu
1509 739 1700 781 Tolumni

296 814 314 843 3
340 800 644 841 interfecerunt.
686 799 825 840 levant
850 799 1016 853 quidam
1041 800 1151 855 regis
1177 800 1356 842 facinus:
1387 801 1431 841 in
1455 808 1701 843 tesserarum

339 877 537 919 prospero
566 863 677 903 iactu
707 876 850 903 vocem
882 862 969 903 eius
1001 861 1257 918 ambiguam,
1295 869 1339 904 ut
1370 864 1501 904 occidi
1531 864 1702 906 iussisse

339 926 558 974 videretur,
591 940 615 966 a
639 923 908 965 Fidenatibus
941 931 1156 979 exceptam
1188 939 1356 966 causam
1387 926 1530 967 mortis
1554 925 1701 982 legatis

295 1000 314 1028 4
339 988 488 1037 fuisse,
514 1002 600 1028 rem
627 986 927 1035 incredibilem,
959 987 1189 1028 interventu
1215 987 1478 1029 Fidenatium
1503 1003 1703 1030 novorum

341 1051 558 1099 sociorum,
585 1048 887 1090 consulentium
907 1049 957 1089 de
978 1049 1104 1090 caede
1122 1056 1294 1104 ruptura
1311 1050 1376 1091 ius
1396 1050 1594 1105 gentium,
1620 1065 1703 1091 non

340 1128 532 1154 aversum
563 1111 614 1152 ab
645 1111 870 1152 intentione
901 1111 1018 1152 lusus
1044 1111 1228 1152 animum
1253 1126 1329 1153 nec
1355 1112 1502 1153 deinde
1527 1112 1570 1153 in
1595 1127 1703 1154 erro-

296 1187 315 1215 5
340 1190 426 1216 rem
458 1189 624 1215 versum
655 1174 830 1214 facinus.
879 1174 1048 1228 propius
1080 1181 1142 1215 est
1172 1174 1315 1223 fidem,
1354 1174 1557 1230 obstringi
1580 1174 1703 1216 Fide-

340 1237 496 1278 natium
526 1235 744 1290 populum,
781 1250 832 1276 ne
862 1236 1066 1290 respicere
1103 1251 1220 1290 spem
1257 1236 1383 1277 ullam
1419 1237 1471 1278 ab
1501 1237 1701 1278 Romanis

296 1311 314 1340 6
339 1306 499 1355 posset,
527 1298 777 1340 conscientia
802 1298 902 1338 tanti
928 1298 1093 1339 sceleris
1119 1298 1312 1339 voluisse.
1356 1298 1605 1354 legatorum,
1632 1298 1701 1352 qui

339 1362 508 1403 Fidenis
535 1360 645 1402 eaesi
670 1366 803 1409 erant,
831 1366 989 1400 statuae
1008 1359 1171 1414 publice
1191 1359 1233 1400 in
1252 1359 1394 1400 rostris
1413 1360 1571 1414 positae
1593 1367 1699 1401 sunt.

427 1423 535 1465 Cum
549 1421 794 1463 Veientibus
809 1421 1175 1475 Fidenatibusque,
1196 1429 1483 1476 praeterquam
1502 1422 1700 1462 finitumis

338 1486 520 1542 populis,
547 1485 599 1526 ab
625 1500 751 1526 causa
776 1484 898 1525 etiam
924 1490 1007 1524 tam
1032 1484 1213 1525 nefanda
1231 1483 1385 1525 bellum
1405 1484 1563 1525 exorsis
1583 1491 1699 1525 atrox

298 1560 314 1587 7
343 1548 549 1589 dimicatio
574 1546 766 1588 instabat.
816 1546 953 1598 itaque
973 1545 1025 1586 ad
1045 1559 1184 1586 curam
1205 1560 1391 1587 summae
1408 1561 1544 1586 rerum
1564 1546 1701 1600 quieta

339 1610 460 1664 plebe
486 1609 743 1662 tribunisque
770 1608 857 1648 eius
883 1607 982 1647 nihil
1008 1608 1310 1648 controversiae
1340 1608 1436 1657 suit,
1474 1609 1573 1662 quin
1604 1623 1700 1650 con-

339 1672 448 1712 sules
486 1676 721 1712 crearentur
749 1669 811 1710 M.
846 1667 1061 1724 Geganius
1092 1668 1332 1710 Macerinus
1369 1670 1534 1711 tertium
1571 1677 1610 1711 ct
1646 1671 1698 1711 L.

340 1732 513 1789 Sergius
544 1732 746 1781 Fidenas;
779 1747 803 1772 a
832 1730 941 1772 bello
967 1731 1107 1780 credo,
1140 1731 1252 1784 quod
1277 1731 1425 1773 deinde
1450 1733 1598 1787 gessit,
1630 1747 1701 1787 ap-

292 1807 311 1837 8
336 1795 546 1851 pellatum.
596 1794 663 1835 hic
687 1794 796 1834 enim
821 1793 978 1848 primus
1004 1793 1062 1834 cis
1082 1791 1290 1834 Anienem
1316 1807 1410 1834 cum
1434 1808 1532 1850 rege
1549 1793 1701 1835 Veien-

337 1858 439 1898 tium
471 1857 652 1898 secundo
683 1855 839 1911 proelio
870 1854 1053 1896 conflixit
1085 1869 1160 1896 nec
1196 1854 1452 1896 incruentam
1489 1855 1700 1896 victoriam

337 1919 486 1960 retulit.
536 1919 666 1960 maior
696 1919 835 1971 itaque
867 1932 920 1958 ex
951 1916 1110 1958 civibus
1137 1917 1302 1959 amissis
1329 1917 1445 1959 dolor
1469 1932 1593 1971 quam
1618 1917 1701 1959 lac-

337 1982 426 2023 titia
455 1981 561 2022 fusis
594 1980 782 2022 hostibus
814 1980 910 2030 fuit3
949 1985 989 2020 et
1014 1986 1199 2029 senatus,
1233 1985 1277 2020 ut
1301 1980 1343 2020 in
1368 1979 1537 2035 trepidis
1562 1979 1698 2030 rebus,

294 2056 311 2085 9
338 2044 580 2085 dictatorem
605 2043 686 2084 dici
704 2042 966 2084 Mamercum
985 2040 1212 2083 Aemilium
1232 2042 1363 2083 iussit.
1400 2042 1435 2083 is
1456 2042 1699 2097 magistrum

336 2107 520 2160 equitum
554 2121 605 2147 ex
637 2105 811 2161 collegio
842 2105 989 2160 prioris
1016 2104 1130 2153 anni,
1163 2118 1245 2158 quo
1271 2104 1393 2145 simul
1419 2104 1570 2145 tribuni
1595 2104 1700 2144 mili-

336 2175 423 2209 tum
455 2168 661 2209 consulari
685 2173 889 2222 potestate
915 2166 1095 2215 fuerant,
1127 2166 1181 2206 L.
1209 2164 1451 2219 Quinctium
1478 2164 1700 2207 Cincinna-

271 2244 309 2273 10
336 2237 441 2279 tum,
469 2231 641 2286 dignum
666 2235 834 2284 parente
858 2229 1069 2277 iuvenem,
1095 2227 1210 2268 dixit.
1259 2227 1311 2268 ad
1336 2227 1529 2268 dilectum
1555 2242 1579 2268 a
1604 2242 1700 2268 con-

336 2294 495 2335 sulibus
527 2293 714 2335 habitum
746 2292 1005 2334 centuriones
1036 2297 1196 2332 veteres
1222 2290 1318 2332 belli
1342 2290 1460 2345 periti
1486 2289 1635 2331 adiecti
1659 2295 1699 2330 et

334 2370 531 2397 numerus
574 2355 822 2396 amissorum
863 2353 1054 2409 proxima
1095 2368 1237 2408 pugna
1279 2353 1479 2407 expletus.
1538 2352 1697 2407 legatos

338 2417 580 2470 Quinctium
614 2416 897 2472 Capitolinum
929 2422 969 2456 et
998 2415 1060 2456 M.
1095 2415 1271 2456 Fabium
1296 2414 1551 2456 Vibulanum
1582 2413 1699 2467 sequi

270 2493 305 2521 11
336 2494 379 2520 se
416 2480 590 2521 dictator
624 2479 757 2520 iussit.
808 2493 902 2519 cum
940 2483 1125 2533 potestas
1163 2477 1292 2518 maior
1325 2483 1411 2517 tum
1442 2476 1505 2517 vir
1534 2490 1697 2530 quoque

334 2542 528 2596 potestati
551 2557 626 2597 par
650 2541 790 2582 hostes
816 2555 868 2581 ex
893 2555 992 2595 agro
1012 2539 1202 2581 Romano
1229 2545 1340 2580 trans
1368 2537 1575 2579 Anienem
1600 2537 1697 2579 sub-

334 2618 511 2645 movere.
561 2604 768 2657 collesque
793 2603 898 2643 inter
921 2602 1102 2644 Fidenas
1128 2608 1251 2655 atque
1271 2601 1478 2642 Anienem
1502 2606 1694 2654 ceperunt

334 2665 558 2707 referentes
590 2672 726 2707 castra
755 2679 831 2706 nec
862 2671 956 2706 ante
980 2664 1023 2705 in
1048 2678 1217 2718 campos
1242 2663 1428 2719 degressi
1453 2667 1547 2703 sunt
1570 2674 1693 2713 quam

272 2739 308 2767 κ.)
334 2726 516 2780 legiones
543 2729 695 2769 auxilio
720 2728 978 2769 Faliscorum
1004 2731 1215 2768 venerunt.
1259 2735 1346 2766 tum
1370 2725 1536 2765 demum
1561 2727 1694 2762 castra
