1835 3226
304 389 317 414 1

299 753 315 780 ιύ

300 935 318 962 :3

347 265 398 303 14
686 270 837 304 LIBER
858 271 892 312 I,
920 270 973 304 10.
998 271 1051 303 11.
1081 271 1129 314 [a.
1143 281 1177 304 u.
1194 281 1224 304 c.
1240 271 1367 310 1—37]

423 372 482 412 X.
521 372 610 412 Iam
631 371 853 411 admodum
873 371 1047 425 mitigati
1066 371 1191 411 animi
1215 372 1341 425 raptis
1367 379 1493 412 erant.
1543 381 1584 413 at
1602 389 1693 428 rap-

345 444 475 473 tarum
501 438 689 485 parentes
715 439 803 472 tum
828 431 1005 472 maxime
1031 432 1196 473 sordida
1223 438 1338 473 veste
1363 431 1624 486 lacrimisque
1655 442 1696 475 et

343 493 532 546 querellis
559 493 743 534 civitates
769 492 1039 534 concitabant.
1089 508 1164 534 nec
1189 493 1300 534 domi
1325 499 1483 534 tantum
1506 494 1694 548 indigna-

342 555 473 595 tiones
499 554 772 602 continebant,
801 554 874 595 sed
898 555 1256 610 congregabantur
1280 555 1461 608 undique
1482 555 1534 595 ad
1554 554 1695 595 Titum

344 615 531 663 Tatium,
557 630 699 670 regem
725 614 993 665 Sabinorum,
1020 622 1060 656 et
1083 616 1312 671 legationes
1338 631 1405 664 eo,
1431 616 1542 669 quod
1566 616 1696 656 maxi-

343 692 456 717 mum
487 677 597 718 Tatii
633 692 784 719 nomen
818 678 862 718 in
876 678 940 735 ‚iis
970 679 1208 733 regionibus
1241 685 1345 728 erat,
1383 678 1692 722 conveniebant.

345 737 624 780 Caeninenses
641 738 979 793 Crustuminique
1005 747 1045 781 et
1058 739 1331 781 Antemnates
1357 746 1484 788 erant,
1510 740 1563 780 ad
1587 754 1692 792 quos

343 800 429 841 eius
454 800 625 842 iniuriae
648 816 744 855 pars
768 801 1008 855 pertinebat.
1044 801 1153 842 lente
1178 816 1300 856 agere
1324 801 1389 843 his
1403 801 1550 841 Tatius
1572 799 1693 841 Sabi-

342 861 465 914 nique
485 862 562 903 visi
582 869 689 911 sunt,
709 863 791 916 ipsi
809 862 914 903 inter
933 877 977 903 se
996 869 1078 904 tres
1097 863 1240 917 populi
1254 862 1525 904 communiter
1543 861 1695 902 bellum

342 930 499 977 parant.
524 940 600 967 nec
616 922 873 964 Crustumini
897 924 1064 977 quidem
1089 931 1211 978 atque
1236 923 1509 965 Antemnates
1535 938 1608 977 pro
1633 939 1696 964 ar-

341 983 438 1024 dore
456 984 596 1037 iraque
618 983 941 1026 Caeninensium
962 985 1060 1026 satis
1082 1000 1126 1026 se
1159 985 1319 1040 inpigre
1339 991 1524 1034 movent3
1550 985 1606 1025 ita
1622 1000 1697 1039 per

343 1060 386 1086 se
410 1045 548 1100 ipsum
572 1061 723 1087 nomen
743 1046 975 1088 Caeninum
998 1047 1041 1087 in
1065 1062 1211 1101 agrum
1235 1047 1471 1088 Romanum
1494 1049 1693 1102 impetum

342 1107 452 1147 facit.
502 1108 576 1148 sed
600 1107 731 1148 effuse
755 1107 1013 1149 vastantibus
1039 1108 1085 1148 fit
1109 1108 1256 1150 obvius
1282 1123 1376 1149 cum
1402 1109 1584 1150 exercitu
1610 1108 1695 1149 Ro-

343 1168 477 1210 mulus
508 1168 670 1222 levique
700 1169 921 1210 certamine
952 1170 1089 1219 docet,
1121 1185 1270 1211 vanam
1296 1171 1384 1211 sine
1410 1170 1565 1211 viribus
1591 1170 1694 1210 iram

343 1244 446 1271 esse.
484 1231 708 1271 exercitum
726 1230 862 1271 fundit
879 1230 1092 1286 fugatque,
1107 1231 1246 1272 fusum
1266 1232 1537 1286 persequitur,
1552 1246 1692 1286 regem

342 1292 384 1331 in
408 1291 562 1346 proelio
582 1291 798 1333 obtruncat
818 1298 858 1334 et
878 1292 1037 1346 spoliat,
1058 1292 1163 1334 <luce
1182 1293 1364 1334 hostium
1389 1294 1524 1334 occiso
1549 1292 1692 1334 urbem

343 1354 474 1407 primo
499 1353 656 1408 impetu
681 1354 800 1408 capit.

422 1415 525 1456 Inde
544 1415 726 1456 exercitu
739 1416 891 1457 victore
910 1415 1078 1457 reducto
1096 1416 1197 1470 ipse,
1214 1430 1307 1457 cum
1328 1416 1446 1457 factis
1461 1417 1523 1465 vir
1536 1417 1695 1470 magni-

343 1476 444 1517 ficus
476 1484 563 1517 tum
593 1476 796 1518 factorum
827 1484 1052 1518 ostentator
1081 1477 1181 1518 haut
1222 1478 1370 1525 minor,
1417 1478 1547 1531 spolia
1578 1476 1694 1517 ducis

343 1538 523 1579 hostium
543 1539 653 1579 caesi
678 1553 881 1593 suspensa
899 1539 1098 1580 fabricato
1119 1540 1168 1580 ad
1190 1540 1231 1579 id
1251 1546 1343 1593 apte
1363 1539 1518 1580 ferculo
1543 1553 1692 1593 gerens

343 1600 384 1639 in
411 1598 663 1653 Capitolium
690 1601 874 1640 escendit
902 1600 1040 1652 ibique
1066 1615 1114 1640 ea
1139 1615 1233 1640 cum
1259 1601 1310 1640 ad
1335 1615 1531 1653 quercum
1556 1606 1694 1653 pasto-

343 1659 456 1701 ribus
483 1675 642 1701 sacram
662 1662 935 1715 deposuisset,
957 1661 1078 1701 simul
1097 1676 1191 1701 cum
1211 1662 1318 1702 dono
1342 1661 1574 1716 designavit
1593 1668 1693 1700 tem-

343 1722 411 1775 plo
424 1721 536 1762 Iovis
556 1722 648 1763 finis
668 1737 980 1777 cognomenque
1000 1723 1155 1763 addidit
1175 1723 1264 1763 deo.
1293 1723 1497 1776 ‘Iuppiter
1508 1722 1692 1769 Feretri‚'

343 1783 475 1836 inquit
501 1783 622 1824 ‘haec
647 1783 721 1824 tibi
746 1784 876 1824 victor
894 1783 1097 1825 Romulus
1122 1799 1195 1824 rex
1213 1784 1328 1838 regia
1352 1799 1465 1824 arma
1485 1783 1571 1824 fero
1591 1790 1692 1823 tem-

343 1844 539 1898 plumque
563 1845 627 1886 his
652 1845 909 1900 regionibus,
941 1860 1044 1898 quas
1070 1846 1193 1886 modo
1218 1845 1354 1886 animo
1379 1851 1556 1885 metatus
1589 1859 1692 1893 sum,

343 1907 487 1947 dedico
525 1907 665 1948 sedem
702 1908 849 1962 opimis
890 1908 1050 1962 spoliis,
1092 1921 1197 1961 quae
1232 1906 1400 1963 regibus
1436 1905 1694 1959 ducibusque

343 1968 523 2009 hostium
549 1968 681 2010 caesis
733 1984 799 2010 me
824 1976 1033 2010 auctorem
1059 1975 1276 2022 sequentes
1316 1968 1470 2023 posteri
1494 1967 1650 2008 ferent.'

423 2030 541 2071 Haec
566 2031 708 2085 templi
733 2038 795 2072 est
819 2032 952 2086 origo,
984 2032 1093 2084 quod
1124 2031 1302 2085 primum
1328 2031 1510 2071 omnium
1535 2030 1695 2071 Romae

347 2099 553 2132 sacratum
578 2099 652 2133 est.
690 2093 748 2134 ita
771 2093 919 2134 deinde
944 2093 1022 2134 diis
1047 2093 1196 2141 visum,
1222 2106 1298 2133 nec
1322 2092 1485 2133 inritam
1511 2092 1695 2132 eondito-

345 2152 398 2194 ris
424 2153 566 2207 templi
590 2168 734 2194 vocem
754 2168 858 2201 esse,
879 2169 963 2207 qua
983 2154 1138 2195 laturos
1159 2168 1207 2194 eo
1227 2153 1359 2208 spolia
1382 2160 1571 2207 posteros
1589 2168 1693 2193 nun—

346 2214 522 2267 cupaxffl,
548 2229 623 2265 nee
649 2215 908 2257 multitudine
946 2222 1169 2270 conpotum
1193 2216 1280 2256 eius
1307 2215 1404 2255 doni
1423 2215 1584 2270 vulgari
1608 2215 1696 2255 lau-

345 2275 451 2316 dem.
502 2276 597 2317 bina
627 2284 772 2332 postea
804 2278 909 2318 inter
932 2284 993 2319 tot
1017 2292 1166 2326 annos,
1197 2284 1256 2318 tot
1280 2277 1388 2318 bella
1413 2277 1549 2331 opima
1579 2285 1696 2331 parta

346 2345 439 2378 sunt
465 2338 612 2392 spolia:
639 2339 741 2380 adeo
766 2355 856 2380 rara
881 2340 968 2380 cius
993 2339 1159 2380 fortuna
1182 2339 1341 2380 decoris
1367 2338 1455 2378 fuit.

423 2399 506 2440 XI.
542 2400 659 2441 Dum
679 2416 728 2442 ea
746 2400 803 2442 ibi
821 2401 1001 2442 Romani
1025 2408 1186 2456 gerunt,
1207 2400 1523 2441 Antemnatium
1542 2400 1696 2440 exerci-

346 2468 411 2500 tus
442 2475 515 2515 per
539 2462 796 2503 occasionem
822 2477 870 2503 ae
901 2463 1164 2503 solitudinem
1193 2462 1396 2503 hostiliter
1419 2461 1461 2501 in
1485 2461 1587 2502 fines
1611 2460 1693 2501 Ro-

346 2538 488 2564 manos
513 2524 790 2566 incursionem
815 2524 933 2574 facit3
958 2525 1107 2579 raptim
1132 2531 1172 2565 et
1197 2525 1250 2565 ad
1273 2524 1348 2564 hos
1373 2523 1563 2564 Romana
1586 2522 1694 2576 legio

347 2588 468 2625 ducta
486 2585 671 2639 palantes
691 2586 733 2626 in
758 2586 867 2641 agris
888 2587 1104 2640 oppressit.
1142 2586 1225 2627 fusi
1243 2585 1369 2640 igitur
1387 2584 1520 2639 primo
1552 2583 1694 2636 inpetu

348 2652 385 2685 et
417 2646 592 2688 clamore
622 2648 781 2697 hostes,
813 2649 1010 2703 oppidum
1041 2655 1224 2703 captum,
1258 2647 1492 2701 duplicique
1523 2644 1694 2685 victoria

348 2714 538 2749 ovantem
570 2709 794 2750 Romulum
820 2710 1003 2752 Hersilia
1034 2710 1212 2751 coniunx
1263 2708 1453 2762 precibus
1484 2713 1693 2760 raptarum
