1780 3204
502 275 655 310 LIBER
680 276 725 319 V,
754 276 805 310 19.
825 276 878 309 120.
906 278 954 319 [a.
971 274 1009 309 e.
1023 275 1105 319 396]
1398 265 1477 307 271

134 396 217 430 eos,
244 380 314 435 qui
333 395 356 421 a
369 379 483 422 Veiis
503 380 545 420 in
558 379 626 421 illo
644 393 795 434 pavore
810 378 1012 434 fugerant,
1039 392 1151 419 more
1170 378 1333 419 militari
1353 378 1482 419 anim-

133 443 307 484 advertit
327 442 563 496 effecitque,
580 456 631 483 ne
650 442 780 482 hostis
800 441 978 482 maxime
997 440 1202 481 timendus
1222 440 1340 481 militi
1359 447 1479 482 esset.

133 505 279 545 deinde
304 504 456 545 indicto
476 504 625 545 dilectu
644 504 686 544 in
705 504 813 544 diem
832 509 983 544 certam
1002 502 1090 557 ipse
1108 503 1270 543 interim
1282 502 1410 544 Veios
1430 503 1483 544 ad

133 567 434 608 confirmandos
460 567 636 607 militum
661 566 819 607 animos
844 565 1073 606 intercurrit
1081 582 1092 615 3
1117 565 1212 606 inde
1230 565 1407 607 Romam
1431 566 1484 607 ad
1508 581 1526 609 ῡ

135 629 394 671 scribendum
418 644 571 670 novum
596 629 819 669 exercitum
843 628 947 669 redit
970 627 1083 668 nullo
1109 627 1359 670 detractante
1378 629 1483 669 m'flj-

133 692 241 732 tiam.
274 691 489 747 peregrina
513 690 635 731 ctiam
653 691 857 739 iuventus,
883 689 1025 730 Latini
1043 689 1296 744 Hernicique
1317 705 1483 745 operam

134 769 250 794 suam
275 753 513 809 pollicentes
539 753 591 793 ad
614 753 658 793 id
676 752 828 793 bellum
847 766 996 793 venere
1004 768 1014 802 3
1040 751 1189 805 quibus
1210 767 1304 793 cum
1329 753 1481 807 gratias
1509 766 1526 796 6

131 817 173 856 in
199 822 343 856 senatu
367 815 520 870 egisset
544 815 726 864 dictator,
755 814 851 855 satis
876 814 958 854 iam
983 813 1172 855 omnibus
1198 815 1250 854 ad
1268 815 1309 854 id
1328 815 1482 855 bellum

131 877 296 931 paratis,
323 877 441 918 ludos
455 891 628 932 magnos
642 891 692 917 ex
707 882 872 917 senatus
893 875 1078 916 consulto
1093 876 1205 916 vovit
1216 875 1331 917 Veiis
1352 877 1480 931 captis

133 954 176 980 se
201 939 405 980 facturum
430 939 654 992 aedemque
673 937 859 979 Matutae
885 938 1024 978 matris
1050 937 1246 978 refectam
1273 938 1482 979 dedicatu-

131 1017 232 1050 rum,
258 1001 340 1041 iam
365 1007 457 1041 ante
483 1000 533 1041 ab
558 1015 654 1055 rege
676 998 820 1042 Servio
841 999 976 1040 Tullio
996 999 1236 1040 dedicatam.
1273 1000 1481 1054 profectus
1510 1015 1524 1042 τ

131 1077 223 1103 cum
238 1062 419 1103 exercitu
438 1061 488 1103 ab
508 1061 608 1103 urbe
630 1061 935 1116 exspectatione
954 1061 1167 1102 hominum
1186 1062 1338 1102 maiore
1357 1077 1482 1115 quam

131 1139 203 1179 spe
227 1125 267 1165 in
295 1139 393 1180 agro
411 1124 588 1179 primuni
606 1123 813 1178 Nepesino
833 1138 927 1163 cum
944 1123 1118 1163 Faliscis
1139 1131 1179 1163 et
1199 1122 1480 1177 Capenatibus

131 1187 249 1242 signa
273 1187 440 1227 confert.
491 1186 626 1226 omnia
650 1185 707 1226 ibi
733 1200 894 1226 summa
922 1185 1079 1225 ratione
1111 1185 1364 1238 consilioque
1390 1192 1482 1227 acta
1507 1200 1526 1229 8

129 1249 292 1289 fortuna
315 1248 449 1295 etiam,
476 1254 520 1288 ut
543 1247 600 1296 fit,
628 1253 768 1288 secuta
793 1252 866 1288 est.
907 1261 989 1287 non
1013 1246 1168 1301 proelio
1193 1252 1352 1287 tantum
1377 1247 1483 1288 fudit

127 1311 278 1359 hostes,
306 1310 376 1350 sed
403 1309 545 1350 castris
571 1323 732 1362 quoquc
758 1308 870 1349 exuit
893 1308 1130 1364 ingentique
1154 1309 1307 1363 praeda
1329 1315 1391 1350 est
1408 1325 1482 1364 po-

127 1372 236 1420 titus,
263 1371 379 1411 cuius
404 1386 499 1425 pars
525 1370 705 1411 maxima
730 1371 782 1411 ad
806 1378 1066 1424 quaestorem
1085 1371 1250 1412 redacta
1270 1378 1342 1421 est,
1369 1371 1482 1412 haud

125 1434 181 1474 ita
205 1433 379 1473 multum
403 1433 521 1473 militi
546 1433 699 1473 datum.
747 1433 843 1474 inde
869 1433 921 1474 ad
945 1432 1073 1474 Veios
1105 1433 1306 1475 exercitus
1333 1434 1479 1476 ductus
1507 1447 1525 1477 9

125 1495 395 1549 densioraque
414 1494 582 1536 castella
600 1494 710 1536 facta
729 1501 767 1536 et
787 1510 811 1536 a
835 1495 1226 1549 procursationibus,
1253 1510 1358 1549 quae
1377 1496 1481 1536 mul-

126 1564 189 1599 tae
215 1564 366 1598 temere
390 1558 495 1598 inter
519 1573 682 1598 murum
708 1572 755 1598 ac
780 1557 934 1598 vallum
952 1557 1118 1607 fiebant,
1145 1558 1290 1608 edicto,
1316 1573 1367 1599 nc
1387 1559 1479 1612 quis

124 1620 283 1661 iniussu
307 1627 527 1675 pugnaret,
565 1620 618 1661 ad
649 1635 752 1675 opus
784 1620 934 1660 milites
967 1620 1153 1661 traducti.
1202 1635 1371 1675 operum
1404 1621 1481 1661 fuit
1508 1635 1547 1664 10

125 1682 306 1723 omnium
330 1682 452 1737 longe
477 1682 702 1723 maximum
728 1697 775 1723 ac
799 1682 1169 1723 laboriosissimum
1201 1683 1413 1724 cuniculus
1438 1683 1481 1723 in

125 1759 259 1784 arcem
284 1744 465 1785 hostium
490 1744 557 1799 agi
582 1751 764 1798 coeptus.
808 1744 919 1797 quod
942 1759 993 1784 ne
1018 1744 1351 1785 intermitteretur
1375 1759 1478 1799 opus
1507 1759 1542 1787 11

124 1819 204 1844 neu
230 1804 305 1846 sub
332 1812 436 1846 terra
461 1806 676 1846 continuus
701 1805 817 1846 labor
842 1806 1008 1846 eosdem
1028 1806 1257 1855 conficeret,
1283 1806 1323 1846 in
1342 1812 1479 1860 partes

127 1880 200 1906 sex
229 1867 479 1907 munitorum
508 1882 724 1907 numerum
756 1867 906 1907 divisit.
957 1881 1079 1908 senae
1110 1867 1233 1907 horae
1263 1867 1307 1907 in
1338 1867 1479 1908 orbem

126 1926 239 1981 operi
263 1927 479 1968 attributae
505 1934 617 1976 sunt,
655 1935 775 1968 nocte
807 1942 855 1968 ac
885 1928 950 1968 die
981 1942 1206 1982 numquam
1231 1936 1325 1970 ante
1355 1929 1480 1970 omis-

127 2004 218 2029 sum
242 2003 366 2041 quam
391 1989 432 2029 in
457 2004 593 2030 arcem
617 1990 727 2030 viam
752 1990 946 2030 facerent.

208 2051 317 2092 XX.
366 2051 556 2093 Dictator
581 2067 674 2092 cum
699 2052 780 2092 iam
804 2052 846 2093 in
870 2052 1060 2093 manibus
1086 2053 1242 2094 videret
1266 2054 1478 2095 victoriam
1506 2068 1521 2097 1

126 2127 230 2162 esse,
257 2112 400 2154 urbem
425 2113 778 2168 opulentissimam
803 2114 893 2168 capi
917 2120 1157 2167 tantumque
1182 2115 1358 2169 praedae
1377 2115 1475 2165 fore,

126 2181 324 2227 quantum
348 2190 430 2216 non
455 2175 645 2216 omnibus
670 2176 711 2216 in
730 2191 858 2216 unum
877 2176 1048 2217 conlatis
1068 2184 1160 2218 ante
1181 2176 1296 2217 bellis
1316 2176 1475 2227 fuisset,

126 2250 176 2276 ne
207 2250 331 2289 quam
360 2237 454 2277 inde
486 2243 554 2277 aut
584 2237 759 2277 militum
795 2238 897 2278 iram
932 2252 984 2279 ex
1012 2238 1266 2293 malignitate
1303 2239 1477 2293 praedae
1503 2252 1522 2281 ‘2

126 2298 296 2351 partitae
332 2305 402 2339 aut
437 2299 634 2340 invidiam
670 2307 769 2354 aput
804 2307 940 2354 patres
972 2315 1023 2341 ex
1052 2301 1225 2356 prodiga
1259 2301 1475 2355 largitione

126 2366 306 2414 caperet,
336 2360 473 2401 literas
499 2361 550 2401 ad
577 2368 763 2402 senatum
788 2362 916 2403 misit:
956 2362 1077 2402 deum
1103 2362 1379 2403 inmortalium
1404 2362 1474 2404 be·
1499 2378 1518 2407 3

89 2454 97 2462 .
126 2421 342 2476 nignitate,
375 2423 459 2463 suis
485 2422 685 2472 consiliis,
710 2423 907 2478 patientia
930 2423 1105 2464 militum
1130 2423 1257 2465 Veios
1282 2425 1364 2465 iam
1387 2424 1476 2466 fore

126 2483 166 2522 in
196 2490 396 2537 potestate
431 2484 571 2539 populi
602 2484 796 2526 Romani:
835 2486 934 2539 quid
969 2486 1019 2526 de
1053 2486 1207 2540 praeda
1242 2486 1475 2527 faciendum

125 2545 360 2586 censerent?
390 2546 494 2587 duae
520 2554 706 2587 senatum
737 2547 984 2589 distinebant
1016 2549 1258 2597 sententiae,
1291 2549 1400 2589 senis
1424 2548 1473 2589 P.
1500 2563 1518 2591 4

125 2606 279 2655 Licini,
311 2621 432 2660 quem
457 2608 634 2662 primum
659 2609 812 2650 dixisse
837 2625 861 2650 a
885 2609 968 2650 filio
998 2610 1293 2665 interrogatum
1323 2610 1471 2659 ferunt,

125 2668 228 2708 edici
252 2669 388 2723 palam
411 2670 766 2725 plaeerepopulo,
792 2677 837 2712 ut
860 2671 929 2725 qui
953 2672 1157 2726 particeps
1182 2687 1273 2714 esse
1296 2672 1472 2727 praedae

124 2729 262 2780 vellet,
288 2731 328 2770 in
355 2739 487 2773 castra
512 2731 638 2774 Veios
662 2733 756 2782 irct3
783 2732 910 2774 altera
933 2732 1047 2788 Appi
1074 2732 1254 2783 Claudii,
1281 2734 1368 2788 qui,
1394 2733 1474 2775 lar·
1497 2749 1515 2778 5
