1780 3204
495 271 650 306 LIBER
673 270 749 315 111,
776 271 830 305 62.
849 271 902 305 63.
931 270 1128 317 [a.c.449]
1412 261 1493 303 183

136 377 337 433 proelium
362 376 458 425 fuit,
485 375 605 429 quale
630 375 734 415 inter
759 375 931 416 fidentes
952 375 1117 416 sibimet
1135 374 1257 416 ambo
1277 374 1492 423 exercitus,

137 440 286 481 veteris
312 446 615 494 perpetuaeque
641 437 813 477 alterum
838 437 1010 492 gloriae,
1037 437 1209 478 alterum
1233 451 1364 491 nuper
1387 450 1495 477 nova

138 502 309 543 victoria
350 501 514 541 elatum.
576 499 746 540 consilio
790 500 912 540 etiam
952 498 1096 541 Sabini
1136 500 1244 540 vires
1287 499 1491 540 adiuvere.

138 579 233 605 nam
271 578 365 604 cum
401 568 649 616 aequassent
685 561 833 611 aciem,
882 562 963 602 duo
999 568 1114 602 extra
1149 561 1334 602 ordinem
1369 560 1493 608 milia,

138 640 245 679 quae
280 625 323 665 in
359 624 571 665 sinistrum
607 638 734 664 cornu
763 623 1045 665 Romanorum
1082 624 1123 664 in
1152 624 1242 678 ipso
1274 623 1494 664 certamine

138 687 436 742 inpressionem
462 686 662 735 facerent,
689 692 867 726 tenuere.
905 700 1010 739 quae
1035 685 1105 726 ubi
1130 685 1265 726 inlatis
1292 700 1344 726 ex
1364 692 1496 726 trans-

140 764 261 790 verso
283 749 411 804 signis
431 747 713 803 degravabant
730 763 857 802 prope
877 748 1199 789 circumventum
1219 763 1357 798 cornu,
1384 747 1497 801 equi-

140 818 201 852 tes
227 811 401 852 duarum
425 811 636 866 legionum
662 810 837 851 sescenti
863 809 949 850 fere
979 824 1031 851 ex
1061 810 1176 863 equis
1208 810 1401 850 desiliunt
1432 824 1497 850 ce-

140 873 413 927 dentibusque
449 873 531 914 iam
568 872 652 913 suis
690 872 903 927 provolant
939 872 981 912 in
1015 872 1193 926 primum
1225 871 1427 925 simulque
1458 878 1498 911 et

140 935 249 976 hosti
280 950 323 976 se
355 941 567 990 opponunt
603 941 643 975 et
679 941 853 987 aequato
889 934 1067 988 primum
1103 933 1303 988 periculo,
1340 933 1496 988 pudore

140 997 287 1038 deinde
307 997 465 1037 animos
484 996 668 1051 peditum
688 996 927 1036 accendunt.
965 996 1235 1036 verecundiae
1255 1002 1358 1044 erat,
1386 995 1499 1048 equi-

143 1067 225 1100 tem
257 1074 331 1100 suo
363 1059 578 1111 alienoque
603 1057 740 1098 Marte
769 1072 973 1112 pugnare,
1005 1058 1186 1112 peditem
1215 1072 1267 1098 ne
1292 1057 1345 1098 ad
1368 1057 1495 1111 pedes

142 1122 309 1175 quidem
334 1121 530 1177 degresso
556 1120 681 1173 equiti
705 1134 847 1173 parem
873 1134 976 1160 esse.

226 1182 398 1223 LXIII.
432 1182 600 1223 Vadunt
619 1181 744 1236 igitur
767 1181 809 1220 in
833 1180 1033 1234 proelium
1059 1179 1110 1220 ab
1138 1194 1212 1220 sua
1236 1186 1350 1233 parte
1376 1179 1500 1220 omis-

141 1261 233 1287 sum
258 1252 297 1286 et
321 1245 474 1293 locum,
508 1259 558 1284 ex
588 1258 670 1297 quo
701 1249 926 1289 cesserant,
962 1248 1170 1296 repetunt:
1208 1248 1499 1294 momentoque

140 1322 222 1348 non
257 1306 444 1347 restituta
474 1305 598 1345 modo
628 1319 787 1359 pugna,
825 1305 897 1345 sed
927 1304 1144 1345 inclinatur
1175 1304 1298 1345 etiam
1332 1302 1498 1345 Sabinis

140 1383 277 1410 cornU.
327 1382 470 1421 eques,
502 1368 606 1407 inter
637 1367 799 1408 ordines
830 1367 1013 1421 peditum
1039 1373 1190 1416 tectus,
1223 1381 1267 1408 se
1292 1366 1345 1407 ad
1370 1380 1498 1419 equos

141 1430 302 1485 recipit,
340 1429 566 1470 transvolat
594 1429 690 1470 inde
720 1429 762 1470 in
792 1436 952 1484 partem
982 1429 1152 1470 alteram
1184 1429 1269 1470 suis
1306 1428 1500 1470 victoriae

140 1493 325 1540 nuntius,
354 1492 476 1533 simul
500 1498 540 1533 et
563 1492 606 1532 in
630 1491 771 1533 hostes
796 1492 878 1532 iam
896 1492 1088 1547 pavidos,
1115 1492 1267 1546 quippe
1287 1490 1380 1531 fuso
1401 1505 1500 1532 suae

140 1556 266 1610 partis
302 1554 500 1595 validiore
537 1569 682 1604 cornu,
719 1555 919 1609 impetum
955 1554 1066 1595 facit.
1121 1569 1204 1595 non
1240 1554 1413 1594 aliorum
1450 1568 1498 1594 eo

140 1617 295 1672 proelio
321 1617 449 1657 virtus
474 1617 608 1671 magis
634 1616 789 1657 enituit.
828 1617 972 1658 consul
996 1617 1212 1671 providere
1237 1616 1388 1664 omnia,
1414 1615 1502 1656 lau-

142 1679 239 1719 dare
264 1678 400 1727 fortis,
426 1678 637 1733 increpare
657 1678 789 1720 sicubi
809 1679 974 1734 segnior
992 1694 1134 1734 pugna
1153 1685 1274 1719 esset.
1314 1677 1502 1731 castigati

143 1741 310 1782 fortium
347 1741 485 1781 statim
521 1741 701 1782 virorum
744 1755 868 1796 opera
910 1741 1103 1790 edebant,
1147 1747 1388 1792 tantumque
1425 1739 1500 1779 hos

144 1802 289 1856 pudor,
317 1809 515 1855 quantum
540 1802 641 1843 alios
666 1802 810 1843 laudes
837 1802 1082 1843 excitabant.
1124 1802 1401 1856 redintegrato
1421 1800 1502 1841 cla-

147 1878 258 1904 more
282 1863 463 1916 undique
488 1878 630 1905 omnes
656 1864 786 1905 conisi
817 1864 980 1905 hostem
1009 1870 1217 1913 avertunt,
1254 1878 1330 1904 nec
1355 1863 1503 1903 deinde

147 1925 335 1966 Romana
359 1925 421 1966 vis
448 1925 640 1966 sustineri
664 1925 808 1980 potuit.
849 1923 994 1967 Sabini
1013 1925 1094 1966 susi
1115 1925 1270 1979 passim
1290 1940 1362 1980 per
1381 1939 1502 1980 agros

148 1992 282 2027 castra
316 1985 424 2027 hosti
460 1986 513 2026 ad
547 1987 742 2040 praedam
778 1987 1024 2040 relinquunt.
1078 1986 1135 2027 ibi
1171 2002 1254 2028 non
1286 1987 1503 2035 sociorum,

149 2049 254 2089 sicut
283 2048 326 2088 in
350 2046 523 2103 Algido,
555 2063 639 2098 res,
678 2049 752 2089 sed
783 2064 879 2089 suas
904 2049 1138 2099 Romanus,
1169 2048 1503 2104 populationibus

150 2125 340 2165 agrorum
367 2110 559 2159 amissas,
585 2110 739 2164 recipit.

236 2169 414 2213 Gemina
426 2165 596 2212 victoria
615 2172 776 2213 duobus
797 2172 986 2214 bifariam
1005 2173 1169 2228 proeliis
1190 2180 1306 2228 parta
1324 2172 1503 2228 maligne

151 2240 318 2274 senatus
343 2233 386 2273 in
408 2248 537 2273 unum
557 2233 664 2274 diem
685 2234 994 2289 supplicationis
1014 2235 1230 2276 consulum
1250 2235 1414 2276 nomine
1435 2235 1506 2274 de-

151 2294 289 2336 crevit.
325 2294 502 2349 populus
521 2295 682 2336 iniussu
706 2303 745 2336 et
769 2296 895 2337 altero
920 2296 985 2337 die
1010 2296 1204 2350 frequens
1230 2296 1276 2337 iit
1301 2295 1506 2350 supplica-

153 2363 256 2405 tum,
289 2362 330 2396 et
359 2356 461 2397 haec
486 2371 593 2412 vaga
616 2357 908 2412 popularisque
934 2358 1178 2413 supplicatio
1204 2358 1350 2398 studiis
1375 2371 1503 2412 prope

153 2417 393 2459 celebratior
422 2418 510 2459 fuit.
559 2419 748 2460 consules
780 2434 831 2460 ex
862 2420 1089 2475 composito
1120 2420 1265 2461 eodem
1296 2419 1422 2461 biduo
1453 2419 1505 2460 ad

153 2480 298 2521 urbem
323 2495 532 2522 accessere
558 2487 828 2535 senatumque
851 2482 893 2522 in
917 2481 1117 2523 Martium
1142 2497 1334 2537 eampum
1359 2495 1505 2523 evoca-

153 2556 261 2583 vere.
311 2542 381 2583 ubi
405 2557 500 2583 cum
524 2543 575 2584 de
598 2543 721 2584 rebus
747 2543 799 2584 ab
826 2559 869 2585 se
893 2544 1023 2599 gestis
1048 2551 1235 2600 agerent,
1267 2543 1403 2597 questi
1425 2543 1508 2598 pri-

153 2618 287 2645 mores
312 2611 492 2658 patrum,
520 2612 707 2646 senatum
730 2605 835 2647 inter
858 2606 1008 2647 milites
1033 2606 1171 2647 dedita
1194 2621 1318 2660 opera
1342 2605 1506 2646 terroris

153 2680 280 2707 causa
303 2666 456 2712 haberi.
501 2667 639 2721 itaque
663 2667 758 2708 inde
783 2668 993 2719 consules,
1019 2683 1070 2710 ne
1096 2667 1367 2709 criminationi
1390 2667 1505 2709 locus

154 2735 282 2777 esset,
308 2728 349 2769 in
374 2736 490 2784 prata
514 2729 736 2780 Flaminia,
762 2730 834 2772 ubi
857 2746 965 2772 nunc
991 2731 1112 2772 aedes
1132 2730 1340 2786 Apollinis
1366 2737 1428 2771 est
1453 2754 1506 2759 ——-

1522 513 1537 540 &J

1526 1378 1543 1407 [Q
