1780 3204
531 222 684 257 LIBER
707 223 760 268 X,
786 224 817 257 9.
844 225 893 267 [a.
909 222 948 257 0.
960 223 1037 257 300.
1055 223 1137 267 299]
1429 214 1512 256 503

159 334 328 383 accepta
358 334 431 369 est.
490 326 704 382 pontifices
742 333 930 367 creantur
966 341 1110 367 suasor
1144 326 1248 382 legis
1277 326 1327 368 P.
1351 326 1510 368 Decius
1537 343 1555 372 -2

158 390 271 439 Mus,
297 390 345 430 P.
369 388 636 444 Sempronius
665 388 844 443 Sophus,
873 388 922 430 C.
942 387 1126 429 Marcius
1151 388 1329 439 Rutilus,
1356 389 1417 430 M.
1437 390 1513 431 Li-

158 453 249 493 vius
264 452 434 500 Denter,
455 451 634 505 quinque
660 465 837 505 augures
862 450 959 491 item
979 451 1029 490 de
1052 450 1191 505 plebe:
1219 450 1268 492 C.
1285 450 1510 501 Genucius,

158 515 206 556 P.
233 514 380 555 Aelius
406 514 579 562 Paetus,
612 512 673 554 M.
699 512 912 554 Minucius
937 513 1115 562 Faesus,
1150 512 1202 554 C:
1224 513 1427 564 Marcius,
1461 514 1509 555 T.

158 577 375 617 Publilius.
424 577 480 617 ita
506 583 596 617 octo
619 576 880 630 pontificum,
907 591 1056 617 novem
1081 592 1285 631 augurum
1314 593 1510 619 numerus

158 639 303 679 sactus.

236 700 398 742 Eodem
418 715 524 741 anno
542 699 603 740 M.
619 699 810 740 Valerius
831 699 985 740 consul·
999 700 1048 740 (10
1067 701 1356 754 provocatione
1375 701 1511 757 legem
1538 714 1555 743 3

158 762 248 802 tulit
268 762 504 816 diligentius
531 768 728 803 sanctam.
772 762 889 802 tertio
911 776 958 802 ea
977 768 1064 802 tum
1088 769 1183 816 post
1206 777 1324 818 reges
1345 770 1510 805 exactos

157 824 240 864 lata
265 831 326 865 est
352 839 514 878 semper
532 840 556 865 a
577 823 733 864 familia
758 824 913 864 eadem.
953 838 1120 865 causam
1144 825 1403 866 renovandae
1424 841 1513 866 sae·
1536 840 1556 868 4

157 887 250 940 pius
287 886 397 927 haud
433 887 555 927 aliam
585 887 716 927 fuisse
746 901 838 927 reor
867 901 991 940 quam
1021 887 1132 940 quod
1161 887 1254 942 plus
1286 902 1512 942 paucorum

158 964 257 1003 opes
284 964 406 1003 quam
430 949 598 990 libertas
623 949 755 1004 plebis
780 956 951 1004 poterat.
999 948 1148 990 Porcia
1172 957 1309 991 tamen
1333 951 1400 992 lex
1426 951 1513 992 sola

156 1025 230 1065 pro
256 1019 371 1066 tergo
397 1012 548 1052 civium
572 1012 655 1052 lata
678 1011 856 1060 videtur,
888 1011 999 1064 quod
1028 1012 1146 1066 gravi
1174 1027 1327 1066 poena,
1361 1013 1395 1054 si
1420 1013 1511 1066 quis

157 1072 415 1114 verberasset
444 1080 684 1114 necassetve
709 1073 841 1113 civem
866 1072 1118 1121 Romanum,
1151 1074 1297 1115 sanxit.
1347 1073 1511 1115 Valeria
1538 1090 1556 1117 5

157 1134 223 1174 lex
255 1149 348 1175 eum
379 1150 472 1175 eum
503 1135 574 1188 qui
603 1141 869 1188 provocasset
895 1134 1021 1188 virgis
1055 1135 1171 1175 caedi
1202 1136 1416 1188 securique
1442 1152 1513 1176 ne—

157 1197 239 1236 cari
275 1197 489 1245 vetuisset,
528 1196 562 1236 si
598 1196 690 1249 quis
727 1195 926 1236 adversus
965 1210 1013 1236 ea
1049 1196 1233 1245 fecisset,
1270 1197 1371 1237 nihil
1407 1198 1513 1238 ultra

157 1272 280 1310 quam
307 1257 494 1312 ‘inprobe
519 1257 691 1298 faetum'
716 1257 876 1297 adiecit.
925 1257 984 1306 id,
1012 1258 1083 1310 qui
1108 1264 1195 1298 tum
1224 1258 1358 1312 pudor
1382 1258 1513 1300 homi·
1539 1274 1556 1303 6

155 1335 254 1359 num
273 1326 369 1368 erat,
391 1319 527 1360 visum
548 1319 669 1360 credo
689 1318 899 1359 vinculum
925 1318 1023 1360 satis
1043 1319 1226 1360 validum
1250 1320 1367 1376 legis.
1404 1336 1513 1362 1111110

154 1382 224 1421 vix
250 1396 392 1422 servus
419 1396 487 1422 ero
511 1381 567 1422 ita
592 1382 769 1422 minetur
793 1381 1025 1435 quisquam.

240 1443 406 1484 Bellum
437 1443 488 1485 ab
520 1444 665 1484 eodem
697 1443 865 1485 consule
896 1443 1217 1498 haudquaquam
1248 1445 1512 1486 memorabile
1541 1461 1556 1489 7

155 1505 355 1547 adversus
380 1505 626 1547 rebellantes
651 1505 837 1559 Aequos,
866 1521 959 1547 cum
984 1513 1145 1560 praeter
1169 1507 1327 1548 animos
1353 1507 1511 1548 feroces

155 1567 255 1607 nihil
281 1582 332 1608 ex
357 1568 524 1621 antiqua
548 1567 713 1608 fortuna
737 1567 949 1617 haberent,
975 1575 1140 1623 gestum
1166 1577 1240 1609 est.
1291 1569 1392 1609 alter
1417 1584 1513 1610 con·
1537 1583 1556 1612 8

157 1629 221 1670 sul
244 1628 449 1684 Apuleius
474 1630 517 1670 in
541 1629 718 1671 Umbria
742 1629 979 1683 Nequinum
1010 1630 1207 1684 oppidum
1238 1630 1510 1672 circumsedit.

155 1691 270 1732 locus
296 1699 381 1732 erat
406 1692 558 1732 arduus
583 1699 706 1745 atque
731 1692 774 1733 in
797 1699 912 1747 parte
943 1708 1025 1734 una
1054 1707 1270 1747 praeceps,
1303 1693 1374 1735 ubi
1403 1709 1512 1735 nune

156 1753 309 1794 Narnia
335 1754 412 1794 sita
437 1760 517 1803 est,
548 1769 624 1795 nec
649 1755 690 1795 vi
714 1769 789 1795 1100
815 1755 1068 1796 munimento
1095 1756 1185 1810 capi
1215 1763 1387 1810 poterat.
1436 1757 1511 1798 ita·
1537 1768 1554 1798 9

157 1830 237 1868 que
274 1830 365 1856 eam
400 1815 595 1856 infectam
631 1830 718 1856 rem
748 1816 809 1856 M.
841 1816 1014 1858 Fulvius
1045 1816 1218 1866 Paetus,
1252 1818 1300 1858 T.
1327 1818 1511 1859 Manlius

159 1877 394 1930 Torquatus
419 1877 517 1918 novi
541 1877 732 1918 consules
759 1884 1016 1932 aeceperunt.
1053 1878 1096 1919 in
1121 1894 1215 1919 eum
1241 1895 1392 1920 annum
1418 1895 1510 1921 011111
1540 1894 1579 1922 10

160 1938 212 1991 Q.
239 1938 415 1979 Fabium
446 1939 657 1980 consulem
687 1955 768 1980 non
800 1947 1007 1994 petentem
1037 1955 1180 1981 omnes
1212 1941 1391 1982 dicerent
1417 1957 1512 1983 cen-

160 2001 306 2050 turiae,
338 2000 475 2055 ipsum
500 2008 709 2042 auctorem
734 2001 864 2043 fuisse
888 2001 1034 2043 Macer
1057 2002 1246 2043 Licinius
1272 2018 1320 2043 ac
1345 2003 1511 2045 Tubero

160 2063 325 2103 tradunt
349 2062 566 2103 differendi
591 2062 671 2104 sibi
696 2063 932 2105 consulatus
953 2064 994 2104 in
1014 2063 1313 2105 bellicosiorem
1339 2081 1510 2106 annum:

160 2140 208 2166 eo
239 2140 346 2165 anno
377 2125 520 2166 maiori
552 2140 595 2165 se
631 2125 725 2165 usui
759 2125 817 2166 rei
853 2125 1041 2180 publicae
1077 2125 1166 2167 fore
1202 2124 1358 2167 urbano
1393 2134 1511 2182 gesto
1540 2142 1577 2170 11

159 2187 414 2242 magistratu.
463 2188 520 2228 ita
549 2202 625 2228 nee
649 2187 996 2237 dissimulantem,
1024 2188 1124 2241 quid
1148 2188 1304 2238 mallet,
1336 2204 1412 2230 nee
1440 2204 1513 2244 pe-

160 2255 312 2290 tentem
343 2256 480 2289 tamen
511 2248 684 2290 aedilem
721 2249 904 2290 curulem
935 2264 1029 2290 eum
1057 2249 1112 2290 L.
1138 2249 1305 2304 Papirio
1332 2250 1512 2292 Cursore

160 2310 328 2351 factum.
387 2311 429 2351 id
464 2326 516 2352 ne
557 2326 631 2365 pro
668 2318 777 2352 certo
813 2326 1029 2366 ponerem,
1066 2312 1266 2353 vetustior
1304 2313 1512 2353 annalium
1540 2326 1578 2356 12

159 2380 301 2413 auctor
334 2372 435 2414 Piso
472 2373 625 2423 effecit,
662 2374 732 2427 qui
769 2389 817 2415 eo
854 2389 959 2415 anno
996 2374 1148 2415 aediles
1185 2375 1346 2416 curules
1383 2374 1512 2417 fuisse

159 2435 281 2475 tradit
318 2434 394 2476 Cn.
420 2435 653 2477 Domitium
691 2435 768 2477 Cn.
794 2436 823 2477 f.
852 2436 1071 2478 Calvinum
1109 2444 1148 2478 et
1186 2436 1258 2492 Sp.
1287 2437 1513 2478 Carvilium

161 2496 213 2549 Q.
235 2497 262 2537 f.
283 2496 528 2538 Maximum.
572 2498 614 2538 id
639 2499 760 2540 credo
787 2513 1017 2554 cognomen
1042 2514 1220 2540 errorem
1244 2499 1286 2539 in
1311 2499 1510 2541 aedilibus
1540 2514 1578 2542 13

159 2558 308 2600 fecisse
341 2567 604 2613 secutamque
635 2560 819 2601 fabulam
851 2561 1022 2602 mixtam
1048 2576 1099 2602 ex
1124 2561 1320 2602 aediliciis
1347 2568 1386 2602 et
1416 2576 1512 2603 con-

161 2620 365 2662 sularibus
386 2622 560 2663 comitiis
580 2623 891 2665 convenientem
912 2624 1048 2664 errori.
1086 2630 1125 2664 et
1143 2623 1318 2664 lustrum
1338 2638 1386 2665 eo
1405 2639 1512 2665 anno
1540 2637 1576 2666 11

160 2683 367 2724 0011(11111111
394 2699 417 2724 a
437 2683 485 2724 P.
503 2682 746 2739 Sempronio
768 2683 910 2740 Sopho
937 2692 975 2726 et
996 2685 1042 2726 P.
1061 2684 1245 2740 Sulpicio
1267 2684 1511 2728 Saverrione
