1835 3226
354 203 436 245 378
629 209 782 243 LIBER
806 209 897 253 VH,
923 209 977 244 27.
996 209 1052 243 28.
1083 210 1432 256 [a.u.c.4os—411]

353 329 446 355 cum
479 327 629 354 corona
654 311 829 352 militum
855 312 988 353 cincta
1012 312 1094 353 iam
1121 313 1241 353 scalis
1268 320 1483 367 caperetur
1506 315 1624 366 urbs,
1656 317 1709 359 ad

352 382 545 429 quattuor
563 373 675 414 milia
693 373 866 414 militum
885 380 1047 428 praeter
1070 374 1375 415 multitudinem
1399 375 1592 418 inbellem
1618 393 1708 420 sese

307 450 327 480 8
353 437 557 478 dedidere.
619 436 816 490 oppidum
848 436 1029 476 dirutum
1060 443 1182 490 atque
1212 437 1427 478 incensum
1453 463 1506 468 —
1531 438 1582 480 ab
1608 440 1709 481 aede

351 506 511 540 tantum
535 498 676 539 matris
702 498 889 539 Matutae
915 499 1149 540 abstinuere
1173 499 1312 554 ignem
1338 525 1411 549 —‚
1445 501 1598 555 praeda
1623 516 1710 542 om-

351 561 415 602 nis
448 560 565 601 militi
596 560 704 601 data.
766 567 882 601 extra
904 561 1101 615 praedam
1126 568 1318 615 quattuor
1341 562 1454 603 milia
1478 563 1709 604 deditorum

351 622 511 672 habita3
549 637 618 664 eos
650 622 810 664 vinctos
843 623 989 664 consul
1019 629 1113 664 ante
1139 637 1303 664 currum
1329 624 1584 679 triumphans
1611 625 1707 681 egit,

350 684 527 726 venditis
565 684 712 725 deinde
748 699 943 739 magnam
978 685 1195 739 pecuniam
1230 686 1274 726 in
1304 686 1506 727 aerarium
1535 687 1707 742 redegit.

307 760 325 791 9
353 754 449 789 sunt
489 747 561 801 qui
602 747 709 788 hano
743 747 1048 789 multitudinem
1086 748 1291 802 captivam
1330 762 1542 789 servorum
1578 748 1709 790 fuisse

353 809 551 860 scribant,
588 810 712 864 idque
743 810 876 865 magis
908 810 995 851 veri
1025 810 1157 852 simile
1189 816 1251 852 est
1282 825 1407 864 quam
1443 811 1603 852 deditos
1639 825 1709 851 ve-

352 873 477 914 nisse.

309 950 323 978 1
436 933 657 975 XXVIII.
719 933 812 975 Hos
838 933 1028 975 consules
1056 934 1186 976 secuti
1211 941 1306 975 sunt
1330 934 1392 975 M.
1417 934 1574 976 Fabius
1599 934 1710 976 Dor-

353 1013 446 1048 suo,
481 996 570 1040 Ser.
599 996 810 1053 Sulpicius
837 996 1097 1039 Camerinus.
1157 996 1405 1039 Auruncum
1435 998 1531 1039 inde
1556 997 1710 1039 bellum

307 1074 326 1103 2
353 1060 404 1102 ab
429 1061 642 1115 repentina
671 1060 936 1115 populatione
968 1067 1179 1115 coeptum,
1218 1067 1432 1114 metuque,
1469 1075 1521 1101 ne
1551 1061 1594 1101 id
1623 1059 1710 1101 fac-

353 1130 439 1163 tum
470 1123 612 1177 populi
642 1123 782 1172 unius,
815 1123 1032 1164 consilium
1058 1123 1191 1164 omnis
1216 1123 1393 1164 nominis
1418 1123 1560 1164 Latini
1585 1129 1707 1172 esset,

354 1185 527 1226 dictator
556 1185 669 1225 velut
699 1185 897 1226 adversus
930 1192 1132 1226 armatum
1163 1185 1246 1226 iam
1275 1186 1447 1226 Latium
1478 1185 1531 1225 L.
1557 1185 1709 1226 Furius

309 1261 327 1291 3
354 1254 528 1288 creatus.
589 1247 833 1303 magistrum
864 1247 1047 1300 equitum
1080 1246 1157 1288 Cn.
1190 1246 1396 1287 Manlium
1428 1246 1708 1301 Capitolinum

353 1309 468 1350 dixit.
529 1315 569 1350 et
598 1323 710 1358 cum,
748 1309 859 1362 quod
888 1323 961 1363 per
991 1323 1164 1364 magnos
1197 1309 1396 1349 tumultus
1429 1308 1517 1349 fieri
1543 1308 1707 1349 solitum

354 1378 458 1420 erat,
505 1371 659 1412 iustitio
695 1371 848 1412 indicto
885 1370 1058 1411 dilectus
1097 1371 1185 1411 sine
1221 1370 1506 1412 vacationibus
1542 1369 1707 1411 habitus

354 1441 481 1483 esset,
520 1433 724 1489 legiones,
765 1440 962 1487 quantum
999 1433 1193 1474 maturari
1228 1433 1377 1488 potuit,
1413 1433 1457 1474 in
1485 1432 1707 1474 Auruncos

353 1497 512 1537 ductae.
572 1496 631 1537 ibi
666 1497 919 1551 praedonum
957 1496 1090 1551 magis
1127 1511 1251 1550 quam
1281 1496 1463 1537 hostium
1494 1495 1619 1537 animi
1648 1495 1709 1536 in-

308 1573 327 1601 4
353 1559 483 1608 venti3
516 1558 648 1613 prima
671 1559 809 1611 itaque
835 1558 921 1598 acie
948 1557 1197 1598 debellatum
1223 1565 1296 1599 est.
1357 1558 1530 1599 dictator
1557 1565 1706 1607 tamen,

352 1621 449 1674 quia
468 1627 507 1661 et
526 1620 631 1661 ultro
650 1619 804 1661 bellum
823 1619 1043 1660 intulerant
1063 1626 1103 1660 et
1121 1620 1209 1661 sine
1234 1620 1527 1661 detractatione
1553 1634 1597 1662 se
1623 1635 1709 1661 cer-

354 1683 497 1724 tamini
523 1682 769 1732 offerebant,
802 1682 971 1723 deorum
996 1696 1159 1735 quoque
1184 1697 1284 1736 opes
1310 1682 1564 1723 adhibendas
1594 1689 1707 1723 ratus

352 1747 457 1787 inter
491 1747 624 1801 ipsam
661 1746 966 1787 dimicationem
998 1745 1142 1786 aedem
1172 1745 1321 1786 Iunoni
1351 1744 1547 1786 Monetae
1577 1745 1707 1786 vovit:

354 1809 470 1850 cuius
496 1809 714 1850 damnatus
740 1808 825 1849 voti
850 1823 944 1849 cum
976 1808 1106 1848 victor
1130 1807 1308 1848 Romam
1338 1807 1592 1856 revertisset,
1624 1807 1709 1847 dic-

309 1884 328 1913 ῡ
354 1878 487 1912 tatura
518 1885 562 1912 se
593 1870 811 1912 abdicavit.
874 1876 1040 1911 senatus
1072 1869 1311 1910 duumviros
1349 1869 1402 1910 ad
1438 1883 1529 1910 eam
1566 1869 1709 1909 aedem

353 1948 426 1988 pro
457 1933 725 1988 amplitudine
756 1932 898 1987 populi
927 1932 1106 1974 Romani
1138 1931 1371 1972 faciendam
1408 1931 1536 1972 creari
1571 1931 1708 1981 iussit3

353 1996 469 2036 locus
505 1996 548 2035 in
584 2009 675 2036 arce
713 1995 962 2043 destinatus,
1006 2009 1111 2048 quac
1148 2008 1243 2034 area
1278 1994 1443 2034 aedium
1478 1992 1540 2033 M.
1575 1992 1710 2034 Manli

309 2072 327 2101 6
357 2057 582 2112 Capitolini
612 2057 758 2098 fuerat.
821 2056 1010 2098 consules
1038 2056 1248 2097 dictatoris
1274 2055 1456 2097 exercitu
1480 2056 1533 2096 ad
1557 2055 1710 2096 bellum

354 2119 555 2161 Volscum
592 2120 657 2161 usi
695 2118 843 2162 Soram
879 2134 931 2160 ex
967 2119 1175 2168 hostibus,
1223 2118 1410 2159 incautos
1447 2117 1596 2166 adorti,
1644 2131 1710 2158 ce-

352 2189 513 2237 perunt.

437 2245 564 2285 Anno
594 2251 687 2299 post
718 2258 842 2297 quam
873 2251 970 2285 vota
1001 2250 1086 2285 erat
1117 2243 1241 2284 aedes
1271 2241 1468 2283 Monetae
1499 2241 1710 2282 dedicatur

357 2307 405 2349 C.
438 2307 600 2348 Marcio
636 2307 777 2348 Rutilo
814 2306 997 2356 tertium,
1038 2306 1088 2346 T.
1119 2305 1279 2346 Manlio
1317 2304 1526 2358 Torquato
1562 2303 1711 2343 iterum

311 2385 326 2413 7
355 2370 605 2412 consulibus.
666 2369 901 2425 prodigium
937 2368 1142 2423 extemplo
1180 2367 1478 2408 dedicationem
1510 2371 1708 2412 secutum,

355 2433 486 2473 simile
515 2438 680 2474 vetusto
704 2432 855 2473 montis
881 2429 1037 2472 Albani
1060 2430 1268 2485 prodigio:
1299 2441 1477 2481 namque
1502 2433 1541 2468 et
1565 2426 1712 2481 lapidi-

353 2494 430 2537 bus
461 2494 565 2550 pluit
596 2502 636 2536 et
665 2510 747 2535 nox
771 2493 948 2535 interdiu
972 2493 1063 2534 visa
1086 2492 1262 2542 intendi3
1293 2490 1490 2544 librisque
1514 2487 1710 2543 inspectis

355 2571 448 2597 cum
478 2557 601 2611 plena
629 2557 826 2612 religione
859 2556 1002 2597 civitas
1034 2562 1162 2605 esset,
1195 2553 1356 2596 senatui
1380 2551 1551 2607 placuit,
1583 2550 1710 2591 dicta-

309 2630 329 2660 8
355 2627 484 2659 torem
519 2619 715 2660 feriarum
752 2618 1131 2660 constituendarum
1167 2631 1293 2658 causa
1335 2615 1427 2656 dici.
1489 2613 1622 2654 dictus
1658 2610 1708 2652 P.

357 2678 546 2722 Valerius
572 2680 806 2731 Publicola,
838 2681 1036 2736 magister
1066 2679 1249 2734 equitum
1281 2678 1318 2719 ei
1344 2676 1396 2731 Q.
1423 2675 1580 2717 Fabius
1605 2673 1710 2714 Am-
