1835 3226
305 251 358 291 ‘213
622 259 775 293 LIBER
802 259 836 302 1,
863 259 914 291 23.
935 259 987 292 -21,
1017 261 1114 301 [a.u.
1134 271 1162 292 e.
1177 260 1349 303 5-3-111]

306 363 482 402 Etrusca
507 376 571 402 res
598 368 750 414 quanta
775 361 883 402 cirea
907 376 982 403 nos
1008 368 1128 415 teque
1155 363 1333 403 maxime
1361 363 1431 412 sit,
1464 378 1544 416 quo
1570 380 1662 419 pro-

304 425 393 478 pior
417 424 581 472 Tuscis,
608 423 686 463 1100
711 423 844 478 magis
871 424 964 464 scis.
1014 424 1190 464 multum
1214 424 1272 464 illi
1297 431 1415 474 terra,
1441 425 1661 479 plurimum

260 500 276 524 τι
305 485 405 525 mari
430 485 596 539 pollent.
646 500 803 525 memor
828 492 934 534 0510,
972 486 1054 526 iam
1086 500 1180 526 cum
1207 486 1372 541 signum
1402 501 1567 541 pugnae
1593 488 1664 529 da—

305 547 379 595 bis,
407 546 481 587 has
507 547 610 588 duas
637 547 745 587 acies
772 547 1005 600 spectaculo
1025 547 1125 596 fore,
1153 555 1197 588 ut
1215 547 1350 589 fessos
1371 548 1663 603 confectosque

305 609 426 649 simul
451 609 647 649 victorem
673 623 720 649 ac
745 609 900 649 victum
931 610 1233 664 adgrediamur.
1283 610 1420 663 itaque
1452 611 1486 651 si
1516 626 1592 652 nos
1623 612 1664 652 di

304 677 459 718 amant,
499 671 694 723 quoniam
729 685 811 711 non
849 672 1029 712 contenti
1064 671 1251 713 libertate
1283 667 1393 713 certa
1423 673 1466 713 in
1496 673 1664 714 dubiam

302 732 463 786 imperii
500 733 735 786 servitiique
772 732 904 773 aleam
934 733 1063 782 imus,
1101 734 1288 774 ineamus
1325 734 1504 788 aliquam
1540 735 1664 785 viam,

303 809 402 847 qua,
441 795 519 835 utri
552 795 652 836 utris
683 795 902 849 imperent,
942 795 1029 836 51110
1060 811 1212 851 magna
1243 796 1377 845 clade,
1417 797 1505 837 sine
1536 797 1666 837 multo

240 870 278 898 10
304 856 505 910 sanguine
530 857 743 910 utriusque
768 857 909 912 populi
936 857 1102 898 decerni
1131 857 1288 912 possit?
1334 858 1447 899 haud
1477 858 1667 913 displicet

302 932 367 959 res
395 917 530 968 Tullo,
557 933 808 973 quamquam
835 934 929 960 cum
954 920 1090 961 indole
1116 920 1242 961 animi
1267 928 1355 960 tum
1374 935 1447 975 spe
1471 921 1666 962 victoriae

304 979 478 1021 ferocior
508 988 605 1021 erat.
655 981 947 1034 quaerentibus
980 982 1185 1035 utrimque
1216 983 1320 1023 ratio
1351 982 1492 1032 initur,
1531 983 1597 1024 cui
1627 990 1667 1024 et

305 1042 469 1084 fortuna
492 1043 585 1097 ipsa
609 1043 799 1098 praebuit
824 1044 1051 1085 materiam.

263 1119 273 1146 1
388 1105 590 1146 XXIIII.
639 1106 764 1147 Forte
795 1107 836 1147 in
867 1106 1029 1148 duobus
1061 1113 1148 1147 tum
1180 1106 1426 1148 exercitibus
1459 1116 1573 1148 erant
1598 1107 1667 1147 tri-

305 1167 461 1221 gemini
491 1167 637 1209 fratres
670 1183 746 1209 1100
778 1175 910 1209 aetate
940 1183 1016 1209 nec
1042 1168 1198 1209 viribus
1230 1169 1435 1223 dispares:
1467 1168 1665 1209 Horatios

308 1228 599 1283 Curiatiosque
632 1229 762 1271 fuisse
795 1230 893 1272 satis
926 1237 1086 1271 constat
1122 1245 1198 1271 nec
1236 1230 1364 1271 ferme
1401 1245 1466 1272 res
1499 1231 1666 1283 antiqua

307 1291 385 1332 alia
416 1299 478 1332 est
508 1291 700 1340 nobilior,
739 1299 876 1332 tamen
907 1293 949 1332 in
978 1307 1022 1333 re
1054 1299 1139 1333 tam
1169 1292 1279 1333 clara
1311 1293 1524 1333 nominum
1556 1307 1666 1333 error

307 1361 455 1402 manet,
482 1354 612 1394 utrius
638 1354 779 1408 populi
804 1354 980 1403 Horatii,
1007 1354 1138 1395 utrius
1166 1353 1340 1395 Curiatii
1363 1355 1526 1395 fuerint.
1571 1369 1666 1395 auc-

307 1423 414 1456 tores
447 1422 619 1469 utroque
651 1416 833 1457 trahunt:
871 1416 1009 1471 plures
1035 1422 1174 1457 tamen
1203 1417 1385 1465 invenio,
1419 1417 1489 1469 qui
1514 1416 1667 1457 Roma-

307 1492 381 1519 nos
407 1477 604 1520 Horatios
631 1486 794 1528 vocent3
820 1478 897 1520 hos
922 1485 967 1519 ut
993 1493 1153 1532 sequar,
1179 1479 1347 1519 inclinat
1372 1479 1546 1520 animus.

262 1555 279 1580 κ
393 1539 501 1581 Cum
527 1541 754 1595 trigeminis
782 1547 910 1595 agunt
934 1555 1066 1596 reges,
1093 1547 1137 1581 ut
1155 1555 1229 1595 pro
1250 1556 1324 1581 sua
1343 1541 1517 1594 quisque
1535 1541 1668 1596 patria

307 1601 501 1643 dimicent
531 1603 657 1644 ferro:
694 1603 751 1644 ibi
788 1603 1005 1657 imperium
1041 1603 1147 1652 fore,
1185 1603 1294 1643 unde
1324 1603 1495 1644 victoria
1530 1603 1665 1643 fuerit.

263 1679 280 1705 3
308 1664 408 1704 nihil
443 1672 675 1714 recusatur,
720 1672 882 1719 tempus
919 1674 959 1706 et
1000 1665 1116 1706 100115
1161 1665 1364 1706 convenit.
1425 1665 1667 1720 priusquam

307 1725 566 1776 dimicarent,
604 1727 753 1768 foedus
784 1727 911 1768 ictum
942 1728 1047 1767 inter
1071 1727 1283 1768 Romanos
1315 1734 1355 1767 et
1386 1727 1574 1768 Albanos
1606 1735 1666 1768 est

308 1788 370 1828 his
395 1788 578 1843 legibus,
606 1796 667 1838 111,
694 1789 894 1842 cuiusque
919 1789 1061 1843 populi
1087 1789 1198 1829 cives
1225 1803 1272 1829 00
1299 1789 1521 1830 certamine
1546 1789 1668 1830 vicis-

309 1856 410 1899 sent,
436 1850 471 1891 is
497 1850 613 1891 alteri
639 1851 790 1905 populo
816 1866 909 1892 cum
935 1850 1044 1892 bona
1067 1865 1169 1904 pace
1194 1850 1457 1904 imperitaret.

391 1912 578 1954 Foedera
603 1913 683 1954 alia
707 1913 797 1954 aliis
823 1913 998 1968 legibus,
1025 1920 1206 1953 ceterum
1226 1912 1371 1953 eodem
1390 1903 1522 1953 modo·
1532 1912 1670 1953 omnia

263 1988 280 2016 4
307 1972 420 2014 fiunt.
471 1982 558 2015 tum
583 1975 641 2015 ita
664 1975 819 2016 factum
846 1975 1095 2029 accepimus,
1122 1989 1198 2015 1100
1216 1974 1339 2015 11111115
1360 1974 1559 2015 vetustior
1582 1973 1669 2015 foe-

308 2036 416 2076 deris
454 2038 651 2078 memoria
688 2044 773 2078 est:
823 2037 973 2078 fetialis
1009 2051 1150 2092 regem
1187 2036 1356 2077 Tullum
1398 2036 1455 2076 ita
1504 2036 1666 2091 rogavit

311 2097 499 2139 ‘iubesne
525 2114 608 2147 me,
647 2114 737 2147 rex,
777 2113 871 2139 cum
896 2107 1011 2153 patre
1037 2106 1198 2153 patrato
1228 2098 1371 2152 populi
1395 2098 1552 2139 Albani
1582 2097 1669 2139 foc-

308 2159 386 2200 (lus
400 2160 562 2201 ferire?’
590 2160 755 2201 iubente
774 2175 884 2215 rege,
907 2160 1131 2215 ‘sagmina'
1151 2160 1283 2213 inquit
1309 2165 1378 2208 ‘te,
1399 2174 1484 2209 rex,
1504 2162 1666 2214 posc03’

265 2235 283 2263 5
309 2235 380 2261 rex
422 2222 478 2262 ait
517 2226 680 2276 ‘puram
705 2221 867 2271 tollit0‚’
903 2222 1054 2263 fetialis
1080 2237 1131 2262 ex
1157 2236 1249 2262 aree
1274 2221 1472 2277 graminis
1499 2220 1666 2261 herbam

308 2297 454 2337 puram
479 2284 630 2332 attulit,
656 2291 802 2338 postea
826 2298 966 2339 regem
991 2284 1047 2324 ita
1072 2284 1250 2338 rogavit:
1285 2288 1395 2332 ‘rex,
1421 2282 1578 2323 facisne
1603 2298 1667 2322 me

309 2351 353 2385 tu
377 2345 536 2400 regium
561 2346 751 2386 nuntium
775 2346 917 2400 populi
942 2345 1120 2387 Romani
1148 2345 1392 2398 Quiritium,
1418 2360 1519 2386 vasa
1544 2345 1669 2386 001111-

311 2412 453 2460 tesque
479 2407 647 2457 meos?',
678 2423 752 2448 rex
776 2408 1004 2462 respondit:
1045 2408 1174 2461 ‘quod
1199 2407 1285 2448 sine
1311 2407 1455 2447 fraude
1481 2421 1573 2447 mea
1596 2421 1666 2461 po-

266 2482 282 2510 0
309 2469 476 2522 pulique
513 2470 690 2511 Romani
728 2469 951 2523 Quiritium
988 2469 1076 2518 fiat,
1114 2469 1248 2510 facio.’
1296 2469 1447 2509 fetialis
1485 2476 1571 2509 erat
1606 2468 1666 2508 M.

313 2530 513 2573 Valerius.
556 2533 590 2572 is
616 2540 774 2587 patrem
800 2539 1006 2587 patratum
1028 2530 1224 2586 Spurium
1246 2531 1419 2572 Fusium
1443 2529 1552 2578 fecit,
1579 2544 1668 2569 ver-

311 2593 415 2634 bena
447 2602 569 2648 caput
605 2594 856 2649 capillosque
893 2601 1080 2649 tangens.
1135 2602 1250 2647 pater
1286 2599 1470 2647 patratus
1502 2591 1554 2631 ad
1601 2591 1664 2631 ius

311 2655 526 2696 iurandum
553 2657 816 2711 patrandum,
847 2657 889 2697 id
916 2663 976 2697 est
1003 2655 1268 2696 sanciendum
1294 2654 1338 2694 fit
1364 2654 1530 2700 foedus,
1563 2651 1667 2691 111111-

312 2716 442 2769 tisque
469 2717 509 2757 id
536 2718 684 2767 verbis,
710 2733 814 2771 quae
840 2719 964 2773 longo
991 2718 1114 2758 effata
1134 2716 1311 2757 carmine
1332 2730 1412 2755 non
1433 2728 1579 2768 operae
1606 2720 1666 2753 est
