1780 3204
491 247 643 282 LIBER
668 247 744 292 111,
770 247 823 281 cs.
844 248 897 282 69.
926 249 973 290 [a.
990 245 1123 289 0446]
1408 236 1487 276 189

129 354 197 394 illo
230 352 342 394 brevi
373 352 587 406 multiplex
624 351 777 392 bellum
815 351 1051 391 rediturum.
1102 350 1166 391 his
1203 363 1280 405 ego
1311 349 1489 405 gratiora

129 415 241 456 dictu
271 415 351 455 alia
381 429 472 456 esse
504 414 607 463 sci03
647 414 719 455 sed
749 428 814 454 me
846 428 940 454 vera
970 429 1045 468 pro
1081 413 1208 468 gratis
1244 412 1375 465 loqui,
1413 412 1490 453 etsi

129 491 266 517 meum
296 477 509 532 ingenium
546 491 627 517 non
665 482 866 524 moneret,
906 475 1131 516 necessitas
1170 474 1291 530 cogit.
1341 474 1488 514 vellem

129 539 318 592 equidem
346 539 462 580 vobis
487 539 669 593 placere,
698 538 895 591 Quirites,
923 537 996 578 sed
1021 537 1149 578 multo
1175 537 1283 578 malo
1310 551 1383 578 vos
1410 537 1489 577 sal-

128 616 202 642 vos
228 617 332 651 esse,
360 601 647 655 qualicumque
678 615 776 656 erga
800 615 865 641 me
886 600 1022 640 animo
1042 599 1169 640 futuri
1189 599 1300 640 estis.
1344 605 1490 639 natura

128 663 205 704 hoc
236 664 294 704 ita
325 670 608 718 comparatum
643 669 724 711 est,
762 669 807 703 ut
837 663 907 716 qui
939 662 1049 716 apud
1079 661 1383 702 multitudinem
1416 677 1491 702 sua

128 739 254 766 causa
284 725 481 778 loquitur,
520 725 673 780 gratior
704 739 752 766 eo
785 725 855 773 sit,
894 724 1010 765 cuius
1043 738 1159 764 mens
1191 723 1291 763 nihil
1327 730 1489 778 praeter

127 786 337 841 publicum
364 787 627 828 commodum
651 787 782 835 videt,
809 786 889 827 nisi
913 786 1019 827 forte
1045 785 1327 826 adsentatores
1353 785 1489 840 publi-

127 864 210 898 COS‚
236 849 459 904 plebicolas
485 849 598 898 istos,
625 849 696 902 qui
720 863 795 889 vos
820 863 896 889 nec
920 848 962 888 in
988 848 1111 888 armis
1137 848 1273 888 necin
1293 848 1376 889 otio
1397 861 1489 889 esse

128 911 276 961 sinunt,
305 919 440 952 vestra
465 926 538 952 vos
565 926 690 952 causa
709 911 878 951 incitare
898 917 937 951 et
959 910 1167 951 stimulare
1187 910 1353 965 putatis
1392 924 1490 951 con-

127 974 238 1014 citati
268 980 339 1014 aut
367 973 510 1014 honori
541 980 611 1013 aut
640 973 830 1026 quaestui
859 972 939 1013 illis
971 972 1070 1013 estis
1102 981 1161 1021 et,
1199 973 1295 1026 quia
1325 972 1366 1012 in
1393 986 1489 1012 con-

126 1035 263 1076 cordia
289 1035 476 1075 ordinum
507 1035 642 1075 nullos
675 1049 719 1076 se
750 1049 927 1088 usquam
953 1049 1045 1075 esse
1078 1034 1235 1083 vident,
1273 1034 1405 1074 malae
1430 1034 1488 1074 rei

127 1112 170 1138 se
195 1112 320 1150 quam
345 1097 515 1146 nullius,
554 1096 766 1137 turbarum
792 1111 840 1137 ac
866 1096 1114 1136 seditionum
1147 1096 1274 1136 duces
1301 1110 1392 1136 esse
1418 1110 1489 1136 vo-

125 1159 224 1199 lunt.
263 1174 436 1212 quarum
460 1173 598 1199 rerum
624 1158 657 1198 si
683 1173 756 1198 vos
783 1158 964 1198 taedium
990 1157 1155 1197 tandem
1181 1171 1327 1210 capere
1351 1162 1487 1210 potest

125 1227 164 1260 et
188 1227 350 1275 patrum
374 1226 616 1273 vestrosque
642 1219 831 1272 antiquos
858 1233 992 1259 mores
1024 1218 1148 1259 vultis
1174 1233 1248 1272 pro
1278 1218 1342 1259 his
1368 1218 1487 1259 novis

125 1296 305 1331 sumere,
343 1281 456 1322 nulla
493 1281 696 1335 supplicia
730 1295 894 1330 recuso,
932 1281 1012 1321 nisi
1047 1281 1191 1335 paucis
1229 1280 1375 1322 diebus
1411 1281 1487 1322 hos

123 1344 384 1398 populatores
416 1358 609 1397 agrorum
639 1350 872 1383 nostrorum
903 1342 1021 1383 fusos
1053 1343 1305 1398 fugatosque
1342 1343 1487 1384 castris

123 1420 273 1446 exuero
306 1411 345 1445 et
374 1420 398 1445 a
428 1405 555 1460 portis
586 1405 737 1446 nostris
769 1404 1069 1458 moenibusque
1095 1405 1148 1445 ad
1172 1405 1334 1446 illorum
1360 1404 1483 1446 urbes

122 1467 231 1508 hunc
265 1466 361 1508 belli
391 1473 603 1516 terrorem,
641 1481 723 1521 quo
754 1482 864 1509 nunc
894 1482 968 1508 vos
1000 1467 1162 1508 attoniti
1200 1468 1318 1517 estis,
1356 1474 1487 1508 trans-

123 1529 276 1570 tulero.'

206 1591 444 1633 LXVIIII.
493 1592 605 1634 Raro
630 1592 731 1634 alias
758 1592 911 1634 tribuni
941 1592 1153 1648 popularis
1180 1593 1310 1634 oratio
1342 1607 1487 1647 accep-

123 1653 198 1694 tior
228 1653 339 1708 plebi
369 1669 494 1708 quam
524 1662 622 1696 tunc
654 1655 905 1696 severissimi
936 1655 1116 1697 consulis
1150 1655 1238 1696 suit.
1292 1656 1485 1696 iuventus

123 1729 300 1768 quoque,
327 1730 432 1769 quae
456 1717 562 1757 inter
585 1716 688 1758 tales
714 1724 849 1758 metus
875 1717 1213 1758 detractationem
1239 1716 1408 1757 militiae
1427 1723 1486 1756 te-

123 1777 208 1816 lum
234 1778 478 1818 acerrimum
503 1778 701 1819 adversus
732 1785 869 1833 patres
901 1778 1053 1819 habere
1080 1779 1200 1819 solita
1231 1785 1335 1827 erat,
1373 1793 1487 1818 arma

125 1845 164 1878 et
188 1838 341 1879 bellum
362 1839 586 1893 spectabat.
624 1846 663 1881 et
683 1840 907 1895 agrestium
929 1840 1031 1894 fuga
1051 1840 1294 1894 spoliatique
1314 1840 1357 1880 in
1375 1839 1486 1894 agris

125 1906 164 1941 et
189 1900 390 1940 vulnerati
414 1900 598 1942 foediora
621 1901 689 1950 iis,
728 1916 833 1954 quae
860 1901 1168 1943 subiciebantur
1197 1902 1347 1950 oculis,
1383 1916 1488 1942 nun-

125 1962 272 2002 tiantes
305 1968 432 2002 totam
462 1962 607 2003 urbem
637 1963 697 2003 ira
727 1963 947 2017 inplevere.
996 1963 1038 2003 in
1070 1970 1259 2004 senatum
1291 1963 1363 2004 ubi
1387 1978 1485 2004 ven-

126 2030 211 2063 tum
237 2029 311 2072 est,
337 2023 394 2064 ibi
418 2038 515 2064 vero
539 2024 581 2064 in
601 2023 843 2076 Quinctium
869 2040 1011 2066 omnes
1037 2026 1158 2074 versi,
1185 2032 1231 2066 ut
1249 2040 1379 2066 unum
1397 2025 1487 2066 vin-

125 2086 257 2126 dicem
294 2085 518 2126 maiestatis
554 2086 768 2127 Romanae
803 2086 970 2136 intueri,
1009 2094 1049 2128 et
1083 2087 1284 2141 primores
1322 2093 1486 2142 patrum

126 2148 294 2203 dignam
324 2148 459 2188 dicere
491 2149 720 2189 contionem
751 2149 923 2203 imperio
960 2149 1184 2198 consulari,
1223 2150 1391 2205 dignam
1427 2156 1486 2190 tot

126 2209 407 2251 consulatibus
433 2216 526 2251 ante
552 2210 666 2259 actis,
693 2211 861 2265 dignam
886 2211 970 2252 vita
995 2212 1118 2261 omni,
1144 2212 1266 2266 plena
1284 2212 1486 2253 honorum

127 2286 250 2325 saepe
275 2278 498 2326 gestorum,
526 2272 689 2326 saepius
708 2272 958 2314 meritorum.
991 2273 1091 2314 alios
1112 2273 1303 2315 consules
1324 2280 1394 2315 aut
1411 2288 1485 2328 per

125 2333 397 2386 proditionem
429 2333 639 2388 dignitatis
670 2341 833 2389 patrum
864 2335 976 2390 plebi
1007 2335 1194 2376 adulatos
1232 2343 1301 2376 aut
1338 2335 1485 2377 acerbe

127 2395 279 2435 tuendo
303 2395 392 2435 iura
416 2395 569 2436 ordinis
595 2397 844 2450 asperiorem
870 2397 1076 2438 domando
1101 2397 1404 2438 multitudinem
1425 2397 1485 2439 fe-

127 2458 251 2498 cisse:
289 2457 431 2498 Titum
463 2457 704 2510 Quinctium
739 2460 963 2501 orationem
998 2474 1223 2501 memorem
1258 2460 1484 2502 maiestatis

127 2526 287 2572 patrum
314 2520 636 2573 concordiaeque
661 2521 851 2562 ordinum
877 2528 917 2563 et
940 2528 1171 2576 temporum
1206 2522 1393 2577 inprimis
1412 2522 1485 2563 ha-

128 2581 280 2622 buisse,
330 2596 444 2623 orare
476 2597 571 2623 eum
601 2583 903 2638 collegamque,
941 2591 985 2624 ut
1009 2591 1271 2639 capesserent
1299 2600 1385 2625 rem
1409 2599 1485 2640 pu-

129 2643 294 2692 blicam3
321 2658 435 2684 orare
461 2644 659 2694 tribunos,
685 2651 731 2685 ut
755 2660 836 2686 uno
860 2646 996 2686 animo
1022 2660 1116 2687 cum
1141 2646 1379 2688 consulibus
1398 2646 1484 2688 bel-

128 2706 211 2745 lum
243 2704 294 2746 ab
325 2705 426 2747 urbe
458 2720 505 2747 ac
535 2706 751 2749 moenibus
788 2707 1021 2762 propulsari
1055 2707 1201 2748 vellent
1237 2708 1482 2762 plebemque

1516 363 1532 390 ἱ)

1518 613 1556 641 10

1517 924 1552 952 ll
