<?xml version="1.0" encoding="UTF-8"?>
<!DOCTYPE html PUBLIC "-//W3C//DTD XHTML 1.0 Transitional//EN"
    "http://www.w3.org/TR/xhtml1/DTD/xhtml1-transitional.dtd">
<html xmlns="http://www.w3.org/1999/xhtml" xml:lang="en" lang="en">
 <head>
  <title>
</title>
<meta http-equiv="Content-Type" content="text/html;charset=utf-8" />
  <meta name='ocr-system' content='tesseract 3.04.00' />
  <meta name='ocr-capabilities' content='ocr_page ocr_carea ocr_par ocr_line ocrx_word'/>
</head>
<body>
  <div class='ocr_page' id='page_1' title='image "./aburbeconditalib01livyuoft_0505.png"; bbox 0 0 1780 3204; ppageno 0'>
   <div class='ocr_carea' id='block_1_1' title="bbox 431 246 1419 299">
    <p class='ocr_par' dir='ltr' id='par_1_1' title="bbox 431 246 1419 299">
     <span class='ocr_line' id='line_1_1' title="bbox 431 246 1419 299; baseline -0.003 -11"><span class='ocrx_word' id='word_1_1' title='bbox 431 254 585 288; x_wconf 79' lang='lat' dir='ltr'>LIBER</span> <span class='ocrx_word' id='word_1_2' title='bbox 610 254 680 299; x_wconf 79' lang='lat' dir='ltr'>Vi,</span> <span class='ocrx_word' id='word_1_3' title='bbox 705 253 759 289; x_wconf 78' lang='lat'>25.</span> <span class='ocrx_word' id='word_1_4' title='bbox 779 254 832 288; x_wconf 76' lang='lat'>26.</span> <span class='ocrx_word' id='word_1_5' title='bbox 860 252 1058 297; x_wconf 72' lang='lat' dir='ltr'>[a.c.3s0]</span> <span class='ocrx_word' id='word_1_6' title='bbox 1341 246 1419 286; x_wconf 73' lang='lat'>331</span> 
     </span>
    </p>
   </div>
   <div class='ocr_carea' id='block_1_2' title="bbox 70 356 1463 411">
    <p class='ocr_par' dir='ltr' id='par_1_2' title="bbox 70 356 1463 411">
     <span class='ocr_line' id='line_1_2' title="bbox 70 356 1463 411; baseline 0.001 -13"><span class='ocrx_word' id='word_1_7' title='bbox 70 357 132 399; x_wconf 87' lang='lat' dir='ltr'>M.</span> <span class='ocrx_word' id='word_1_8' title='bbox 151 357 323 398; x_wconf 85' lang='lat' dir='ltr'>Furium</span> <span class='ocrx_word' id='word_1_9' title='bbox 343 372 446 399; x_wconf 86' lang='lat' dir='ltr'>esse.</span> <span class='ocrx_word' id='word_1_10' title='bbox 484 358 723 399; x_wconf 79' lang='lat' dir='ltr'>introductis</span> <span class='ocrx_word' id='word_1_11' title='bbox 743 358 786 398; x_wconf 91' lang='lat' dir='ltr'>in</span> <span class='ocrx_word' id='word_1_12' title='bbox 805 364 991 399; x_wconf 88' lang='lat' dir='ltr'>senatum</span> <span class='ocrx_word' id='word_1_13' title='bbox 1011 357 1183 411; x_wconf 81' lang='lat' dir='ltr'>captivis</span> <span class='ocrx_word' id='word_1_14' title='bbox 1203 372 1297 398; x_wconf 88' lang='lat' dir='ltr'>cum</span> <span class='ocrx_word' id='word_1_15' title='bbox 1317 356 1424 398; x_wconf 86' lang='lat' dir='ltr'>bello</span> <span class='ocrx_word' id='word_1_16' title='bbox 1451 373 1463 400; x_wconf 71' lang='grc' dir='ltr'>ζ</span> 
     </span>
    </p>
   </div>
   <div class='ocr_carea' id='block_1_3' title="bbox 58 419 1427 2085">
    <p class='ocr_par' dir='ltr' id='par_1_3' title="bbox 58 419 1427 1962">
     <span class='ocr_line' id='line_1_3' title="bbox 68 419 1426 474; baseline 0 -14"><span class='ocrx_word' id='word_1_17' title='bbox 68 420 375 474; x_wconf 87' lang='lat' dir='ltr'>persequendos</span> <span class='ocrx_word' id='word_1_18' title='bbox 410 420 669 461; x_wconf 87' lang='lat' dir='ltr'>Tusculanos</span> <span class='ocrx_word' id='word_1_19' title='bbox 705 427 841 474; x_wconf 89' lang='lat' dir='ltr'>patres</span> <span class='ocrx_word' id='word_1_20' title='bbox 878 419 1135 460; x_wconf 77' lang='lat' dir='ltr'>censuissent</span> <span class='ocrx_word' id='word_1_21' title='bbox 1167 419 1426 473; x_wconf 78' lang='lat' dir='ltr'>Camilloque</span> 
     </span>
     <span class='ocr_line' id='line_1_4' title="bbox 67 481 1426 531; baseline 0 -9"><span class='ocrx_word' id='word_1_22' title='bbox 67 482 109 522; x_wconf 90' lang='lat' dir='ltr'>id</span> <span class='ocrx_word' id='word_1_23' title='bbox 134 481 287 522; x_wconf 88' lang='lat' dir='ltr'>bellum</span> <span class='ocrx_word' id='word_1_24' title='bbox 311 482 594 531; x_wconf 83' lang='lat' dir='ltr'>mandassent,</span> <span class='ocrx_word' id='word_1_25' title='bbox 633 482 860 523; x_wconf 87' lang='lat' dir='ltr'>adiutorem</span> <span class='ocrx_word' id='word_1_26' title='bbox 886 481 964 523; x_wconf 83' lang='lat' dir='ltr'>sibi</span> <span class='ocrx_word' id='word_1_27' title='bbox 989 482 1042 522; x_wconf 87' lang='lat' dir='ltr'>ad</span> <span class='ocrx_word' id='word_1_28' title='bbox 1067 496 1158 522; x_wconf 89' lang='lat' dir='ltr'>eam</span> <span class='ocrx_word' id='word_1_29' title='bbox 1187 497 1273 522; x_wconf 91' lang='lat' dir='ltr'>rem</span> <span class='ocrx_word' id='word_1_30' title='bbox 1298 498 1426 523; x_wconf 88' lang='lat' dir='ltr'>unum</span> 
     </span>
     <span class='ocr_line' id='line_1_5' title="bbox 66 543 1427 599; baseline 0.001 -16"><span class='ocrx_word' id='word_1_31' title='bbox 66 543 180 598; x_wconf 81' lang='lat' dir='ltr'>petit,</span> <span class='ocrx_word' id='word_1_32' title='bbox 206 544 502 598; x_wconf 87' lang='lat' dir='ltr'>permissoque,</span> <span class='ocrx_word' id='word_1_33' title='bbox 528 551 573 585; x_wconf 93' lang='lat' dir='ltr'>ut</span> <span class='ocrx_word' id='word_1_34' title='bbox 592 559 643 585; x_wconf 81' lang='lat' dir='ltr'>ex</span> <span class='ocrx_word' id='word_1_35' title='bbox 663 543 832 599; x_wconf 89' lang='lat' dir='ltr'>collegis</span> <span class='ocrx_word' id='word_1_36' title='bbox 854 550 1011 598; x_wconf 87' lang='lat' dir='ltr'>optaret</span> <span class='ocrx_word' id='word_1_37' title='bbox 1026 558 1149 597; x_wconf 90' lang='lat' dir='ltr'>quem</span> <span class='ocrx_word' id='word_1_38' title='bbox 1170 544 1302 594; x_wconf 76' lang='lat' dir='ltr'>vellet,</span> <span class='ocrx_word' id='word_1_39' title='bbox 1330 559 1427 585; x_wconf 93' lang='lat' dir='ltr'>con-</span> 
     </span>
     <span class='ocr_line' id='line_1_6' title="bbox 67 606 1425 660; baseline 0.001 -14"><span class='ocrx_word' id='word_1_40' title='bbox 67 614 129 646; x_wconf 86' lang='lat' dir='ltr'>tra</span> <span class='ocrx_word' id='word_1_41' title='bbox 160 621 275 660; x_wconf 88' lang='lat' dir='ltr'>spem</span> <span class='ocrx_word' id='word_1_42' title='bbox 305 607 487 648; x_wconf 88' lang='lat' dir='ltr'>omnium</span> <span class='ocrx_word' id='word_1_43' title='bbox 517 607 570 647; x_wconf 91' lang='lat' dir='ltr'>L.</span> <span class='ocrx_word' id='word_1_44' title='bbox 602 606 774 647; x_wconf 88' lang='lat' dir='ltr'>Furium</span> <span class='ocrx_word' id='word_1_45' title='bbox 807 606 973 660; x_wconf 80' lang='lat' dir='ltr'>optavit.</span> <span class='ocrx_word' id='word_1_46' title='bbox 1029 621 1111 659; x_wconf 89' lang='lat' dir='ltr'>qua</span> <span class='ocrx_word' id='word_1_47' title='bbox 1147 607 1425 647; x_wconf 83' lang='lat' dir='ltr'>moderatione</span> 
     </span>
     <span class='ocr_line' id='line_1_7' title="bbox 66 668 1427 725; baseline 0.001 -17"><span class='ocrx_word' id='word_1_48' title='bbox 66 668 190 710; x_wconf 89' lang='lat' dir='ltr'>animi</span> <span class='ocrx_word' id='word_1_49' title='bbox 216 685 310 711; x_wconf 93' lang='lat' dir='ltr'>cum</span> <span class='ocrx_word' id='word_1_50' title='bbox 335 670 517 725; x_wconf 83' lang='lat' dir='ltr'>collegae</span> <span class='ocrx_word' id='word_1_51' title='bbox 541 669 692 710; x_wconf 79' lang='lat' dir='ltr'>levavit</span> <span class='ocrx_word' id='word_1_52' title='bbox 715 670 941 718; x_wconf 84' lang='lat' dir='ltr'>infamiam,</span> <span class='ocrx_word' id='word_1_53' title='bbox 969 676 1054 709; x_wconf 90' lang='lat' dir='ltr'>tum</span> <span class='ocrx_word' id='word_1_54' title='bbox 1076 668 1153 710; x_wconf 84' lang='lat' dir='ltr'>sibi</span> <span class='ocrx_word' id='word_1_55' title='bbox 1172 670 1345 723; x_wconf 75' lang='lat' dir='ltr'>gloriam</span> <span class='ocrx_word' id='word_1_56' title='bbox 1366 669 1427 710; x_wconf 90' lang='lat' dir='ltr'>in-</span> 
     </span>
     <span class='ocr_line' id='line_1_8' title="bbox 65 730 1426 787; baseline 0.001 -16"><span class='ocrx_word' id='word_1_57' title='bbox 65 738 231 785; x_wconf 83' lang='lat' dir='ltr'>gentem</span> <span class='ocrx_word' id='word_1_58' title='bbox 262 733 430 787; x_wconf 84' lang='lat' dir='ltr'>peperit.</span> <span class='ocrx_word' id='word_1_59' title='bbox 480 746 555 773; x_wconf 91' lang='lat' dir='ltr'>nee</span> <span class='ocrx_word' id='word_1_60' title='bbox 591 731 669 772; x_wconf 87' lang='lat' dir='ltr'>fuit</span> <span class='ocrx_word' id='word_1_61' title='bbox 704 746 798 772; x_wconf 88' lang='lat' dir='ltr'>cum</span> <span class='ocrx_word' id='word_1_62' title='bbox 829 731 1077 772; x_wconf 82' lang='lat' dir='ltr'>Tusculanis</span> <span class='ocrx_word' id='word_1_63' title='bbox 1114 730 1286 772; x_wconf 89' lang='lat' dir='ltr'>bellum:</span> <span class='ocrx_word' id='word_1_64' title='bbox 1324 746 1426 787; x_wconf 88' lang='lat' dir='ltr'>pace</span> 
     </span>
     <span class='ocr_line' id='line_1_9' title="bbox 65 794 1427 849; baseline 0.001 -16"><span class='ocrx_word' id='word_1_65' title='bbox 65 795 269 834; x_wconf 84' lang='lat' dir='ltr'>constanti</span> <span class='ocrx_word' id='word_1_66' title='bbox 293 795 376 834; x_wconf 73' lang='lat' dir='ltr'>vim</span> <span class='ocrx_word' id='word_1_67' title='bbox 394 794 625 835; x_wconf 85' lang='lat' dir='ltr'>Romanam</span> <span class='ocrx_word' id='word_1_68' title='bbox 650 800 878 842; x_wconf 88' lang='lat' dir='ltr'>arcuerunt,</span> <span class='ocrx_word' id='word_1_69' title='bbox 906 808 1028 847; x_wconf 88' lang='lat' dir='ltr'>quam</span> <span class='ocrx_word' id='word_1_70' title='bbox 1055 794 1178 834; x_wconf 86' lang='lat' dir='ltr'>armis</span> <span class='ocrx_word' id='word_1_71' title='bbox 1205 809 1285 835; x_wconf 90' lang='lat' dir='ltr'>non</span> <span class='ocrx_word' id='word_1_72' title='bbox 1310 800 1427 849; x_wconf 88' lang='lat' dir='ltr'>pote-</span> 
     </span>
     <span class='ocr_line' id='line_1_10' title="bbox 64 856 1424 911; baseline 0.001 -16"><span class='ocrx_word' id='word_1_73' title='bbox 64 862 166 896; x_wconf 88' lang='lat' dir='ltr'>rant.</span> <span class='ocrx_word' id='word_1_74' title='bbox 214 856 458 897; x_wconf 86' lang='lat' dir='ltr'>intrantibus</span> <span class='ocrx_word' id='word_1_75' title='bbox 484 856 586 896; x_wconf 89' lang='lat' dir='ltr'>fines</span> <span class='ocrx_word' id='word_1_76' title='bbox 611 856 810 896; x_wconf 81' lang='lat' dir='ltr'>Romanis</span> <span class='ocrx_word' id='word_1_77' title='bbox 836 871 919 896; x_wconf 88' lang='lat' dir='ltr'>non</span> <span class='ocrx_word' id='word_1_78' title='bbox 943 856 1218 911; x_wconf 80' lang='lat' dir='ltr'>demigratum</span> <span class='ocrx_word' id='word_1_79' title='bbox 1249 871 1300 897; x_wconf 84' lang='lat' dir='ltr'>ex</span> <span class='ocrx_word' id='word_1_80' title='bbox 1330 871 1424 911; x_wconf 87' lang='lat' dir='ltr'>pro-</span> 
     </span>
     <span class='ocr_line' id='line_1_11' title="bbox 62 917 1423 973; baseline 0.001 -17"><span class='ocrx_word' id='word_1_81' title='bbox 62 917 228 971; x_wconf 87' lang='lat' dir='ltr'>pinquis</span> <span class='ocrx_word' id='word_1_82' title='bbox 267 918 422 958; x_wconf 87' lang='lat' dir='ltr'>itineris</span> <span class='ocrx_word' id='word_1_83' title='bbox 458 918 578 966; x_wconf 90' lang='lat' dir='ltr'>locis,</span> <span class='ocrx_word' id='word_1_84' title='bbox 622 932 704 958; x_wconf 90' lang='lat' dir='ltr'>non</span> <span class='ocrx_word' id='word_1_85' title='bbox 741 917 873 958; x_wconf 91' lang='lat' dir='ltr'>cultus</span> <span class='ocrx_word' id='word_1_86' title='bbox 916 932 1109 973; x_wconf 88' lang='lat' dir='ltr'>agrorum</span> <span class='ocrx_word' id='word_1_87' title='bbox 1150 918 1423 968; x_wconf 85' lang='lat' dir='ltr'>intermissus,</span> 
     </span>
     <span class='ocr_line' id='line_1_12' title="bbox 63 979 1426 1035; baseline 0.001 -16"><span class='ocrx_word' id='word_1_88' title='bbox 63 979 298 1033; x_wconf 86' lang='lat' dir='ltr'>patentibus</span> <span class='ocrx_word' id='word_1_89' title='bbox 323 980 451 1035; x_wconf 86' lang='lat' dir='ltr'>portis</span> <span class='ocrx_word' id='word_1_90' title='bbox 484 979 596 1021; x_wconf 88' lang='lat' dir='ltr'>urbis</span> <span class='ocrx_word' id='word_1_91' title='bbox 627 979 756 1035; x_wconf 85' lang='lat' dir='ltr'>togati</span> <span class='ocrx_word' id='word_1_92' title='bbox 787 979 952 1021; x_wconf 77' lang='lat' dir='ltr'>obviam</span> <span class='ocrx_word' id='word_1_93' title='bbox 982 980 1219 1033; x_wconf 84' lang='lat' dir='ltr'>frequentes</span> <span class='ocrx_word' id='word_1_94' title='bbox 1250 980 1426 1035; x_wconf 87' lang='lat' dir='ltr'>impera-</span> 
     </span>
     <span class='ocr_line' id='line_1_13' title="bbox 63 1041 1425 1097; baseline 0.001 -16"><span class='ocrx_word' id='word_1_95' title='bbox 63 1041 219 1083; x_wconf 83' lang='lat' dir='ltr'>toribus</span> <span class='ocrx_word' id='word_1_96' title='bbox 244 1057 500 1097; x_wconf 85' lang='lat' dir='ltr'>processere,</span> <span class='ocrx_word' id='word_1_97' title='bbox 527 1049 779 1083; x_wconf 88' lang='lat' dir='ltr'>commeatus</span> <span class='ocrx_word' id='word_1_98' title='bbox 807 1042 1003 1083; x_wconf 80' lang='lat' dir='ltr'>exercitui</span> <span class='ocrx_word' id='word_1_99' title='bbox 1029 1043 1199 1083; x_wconf 86' lang='lat' dir='ltr'>comiter</span> <span class='ocrx_word' id='word_1_100' title='bbox 1223 1043 1265 1082; x_wconf 93' lang='lat' dir='ltr'>in</span> <span class='ocrx_word' id='word_1_101' title='bbox 1290 1049 1425 1084; x_wconf 84' lang='lat' dir='ltr'>castra</span> 
     </span>
     <span class='ocr_line' id='line_1_14' title="bbox 62 1103 1425 1159; baseline 0 -15"><span class='ocrx_word' id='word_1_102' title='bbox 62 1118 115 1144; x_wconf 77' lang='lat' dir='ltr'>ex</span> <span class='ocrx_word' id='word_1_103' title='bbox 138 1104 238 1146; x_wconf 88' lang='lat' dir='ltr'>urbe</span> <span class='ocrx_word' id='word_1_104' title='bbox 264 1112 304 1145; x_wconf 89' lang='lat' dir='ltr'>et</span> <span class='ocrx_word' id='word_1_105' title='bbox 328 1120 379 1145; x_wconf 86' lang='lat' dir='ltr'>ex</span> <span class='ocrx_word' id='word_1_106' title='bbox 404 1105 513 1159; x_wconf 89' lang='lat' dir='ltr'>agris</span> <span class='ocrx_word' id='word_1_107' title='bbox 539 1104 765 1145; x_wconf 81' lang='lat' dir='ltr'>devehitur.</span> <span class='ocrx_word' id='word_1_108' title='bbox 805 1103 1019 1152; x_wconf 85' lang='lat' dir='ltr'>Camillus,</span> <span class='ocrx_word' id='word_1_109' title='bbox 1047 1104 1191 1145; x_wconf 89' lang='lat' dir='ltr'>castris</span> <span class='ocrx_word' id='word_1_110' title='bbox 1218 1110 1310 1144; x_wconf 85' lang='lat' dir='ltr'>ante</span> <span class='ocrx_word' id='word_1_111' title='bbox 1331 1119 1425 1158; x_wconf 89' lang='lat' dir='ltr'>por-</span> 
     </span>
     <span class='ocr_line' id='line_1_15' title="bbox 62 1166 1424 1221; baseline -0.001 -14"><span class='ocrx_word' id='word_1_112' title='bbox 62 1172 123 1207; x_wconf 83' lang='lat' dir='ltr'>tas</span> <span class='ocrx_word' id='word_1_113' title='bbox 148 1167 307 1221; x_wconf 82' lang='lat' dir='ltr'>positis,</span> <span class='ocrx_word' id='word_1_114' title='bbox 334 1167 531 1207; x_wconf 89' lang='lat' dir='ltr'>eademne</span> <span class='ocrx_word' id='word_1_115' title='bbox 557 1166 690 1207; x_wconf 88' lang='lat' dir='ltr'>forma</span> <span class='ocrx_word' id='word_1_116' title='bbox 713 1166 840 1220; x_wconf 89' lang='lat' dir='ltr'>pacis,</span> <span class='ocrx_word' id='word_1_117' title='bbox 867 1180 972 1218; x_wconf 91' lang='lat' dir='ltr'>quae</span> <span class='ocrx_word' id='word_1_118' title='bbox 998 1166 1041 1206; x_wconf 92' lang='lat' dir='ltr'>in</span> <span class='ocrx_word' id='word_1_119' title='bbox 1066 1166 1176 1221; x_wconf 86' lang='lat' dir='ltr'>agris</span> <span class='ocrx_word' id='word_1_120' title='bbox 1198 1174 1424 1206; x_wconf 88' lang='lat' dir='ltr'>ostentare-</span> 
     </span>
     <span class='ocr_line' id='line_1_16' title="bbox 61 1227 1424 1283; baseline 0 -15"><span class='ocrx_word' id='word_1_121' title='bbox 61 1240 137 1277; x_wconf 87' lang='lat' dir='ltr'>tur,</span> <span class='ocrx_word' id='word_1_122' title='bbox 165 1228 287 1269; x_wconf 87' lang='lat' dir='ltr'>etiam</span> <span class='ocrx_word' id='word_1_123' title='bbox 312 1229 417 1269; x_wconf 87' lang='lat' dir='ltr'>intra</span> <span class='ocrx_word' id='word_1_124' title='bbox 441 1229 603 1269; x_wconf 87' lang='lat' dir='ltr'>moenia</span> <span class='ocrx_word' id='word_1_125' title='bbox 627 1235 749 1277; x_wconf 89' lang='lat' dir='ltr'>esset,</span> <span class='ocrx_word' id='word_1_126' title='bbox 778 1227 880 1268; x_wconf 87' lang='lat' dir='ltr'>scire</span> <span class='ocrx_word' id='word_1_127' title='bbox 906 1227 1089 1281; x_wconf 88' lang='lat' dir='ltr'>cupiens,</span> <span class='ocrx_word' id='word_1_128' title='bbox 1116 1228 1330 1283; x_wconf 88' lang='lat' dir='ltr'>ingressus</span> <span class='ocrx_word' id='word_1_129' title='bbox 1357 1243 1424 1268; x_wconf 91' lang='lat' dir='ltr'>ur-</span> 
     </span>
     <span class='ocr_line' id='line_1_17' title="bbox 60 1289 1423 1344; baseline -0.001 -14"><span class='ocrx_word' id='word_1_130' title='bbox 60 1289 154 1330; x_wconf 88' lang='lat' dir='ltr'>bem</span> <span class='ocrx_word' id='word_1_131' title='bbox 173 1289 242 1331; x_wconf 90' lang='lat' dir='ltr'>ubi</span> <span class='ocrx_word' id='word_1_132' title='bbox 261 1296 446 1344; x_wconf 88' lang='lat' dir='ltr'>patentes</span> <span class='ocrx_word' id='word_1_133' title='bbox 466 1291 610 1331; x_wconf 88' lang='lat' dir='ltr'>ianuas</span> <span class='ocrx_word' id='word_1_134' title='bbox 632 1297 671 1331; x_wconf 91' lang='lat' dir='ltr'>et</span> <span class='ocrx_word' id='word_1_135' title='bbox 690 1289 870 1331; x_wconf 88' lang='lat' dir='ltr'>tabernis</span> <span class='ocrx_word' id='word_1_136' title='bbox 886 1289 1036 1344; x_wconf 85' lang='lat' dir='ltr'>apertis</span> <span class='ocrx_word' id='word_1_137' title='bbox 1058 1290 1270 1344; x_wconf 88' lang='lat' dir='ltr'>proposita</span> <span class='ocrx_word' id='word_1_138' title='bbox 1284 1290 1423 1330; x_wconf 87' lang='lat' dir='ltr'>omnia</span> 
     </span>
     <span class='ocr_line' id='line_1_18' title="bbox 58 1351 1423 1407; baseline 0 -15"><span class='ocrx_word' id='word_1_139' title='bbox 58 1351 100 1392; x_wconf 90' lang='lat' dir='ltr'>in</span> <span class='ocrx_word' id='word_1_140' title='bbox 124 1352 260 1392; x_wconf 89' lang='lat' dir='ltr'>medio</span> <span class='ocrx_word' id='word_1_141' title='bbox 285 1352 387 1392; x_wconf 74' lang='lat' dir='ltr'>vidit</span> <span class='ocrx_word' id='word_1_142' title='bbox 410 1353 672 1406; x_wconf 88' lang='lat' dir='ltr'>intentosque</span> <span class='ocrx_word' id='word_1_143' title='bbox 703 1352 872 1407; x_wconf 86' lang='lat' dir='ltr'>opifices</span> <span class='ocrx_word' id='word_1_144' title='bbox 905 1366 979 1393; x_wconf 88' lang='lat' dir='ltr'>suo</span> <span class='ocrx_word' id='word_1_145' title='bbox 1011 1366 1217 1406; x_wconf 85' lang='lat' dir='ltr'>quemque</span> <span class='ocrx_word' id='word_1_146' title='bbox 1245 1352 1358 1407; x_wconf 88' lang='lat' dir='ltr'>operi</span> <span class='ocrx_word' id='word_1_147' title='bbox 1384 1359 1423 1392; x_wconf 91' lang='lat' dir='ltr'>et</span> 
     </span>
     <span class='ocr_line' id='line_1_19' title="bbox 59 1413 1421 1469; baseline 0.001 -15"><span class='ocrx_word' id='word_1_148' title='bbox 59 1413 176 1455; x_wconf 89' lang='lat' dir='ltr'>ludos</span> <span class='ocrx_word' id='word_1_149' title='bbox 207 1414 431 1455; x_wconf 86' lang='lat' dir='ltr'>litterarum</span> <span class='ocrx_word' id='word_1_150' title='bbox 464 1422 643 1469; x_wconf 87' lang='lat' dir='ltr'>strepere</span> <span class='ocrx_word' id='word_1_151' title='bbox 675 1414 919 1455; x_wconf 87' lang='lat' dir='ltr'>discentium</span> <span class='ocrx_word' id='word_1_152' title='bbox 951 1413 1123 1455; x_wconf 76' lang='lat' dir='ltr'>vocibus</span> <span class='ocrx_word' id='word_1_153' title='bbox 1160 1428 1208 1455; x_wconf 90' lang='lat' dir='ltr'>ac</span> <span class='ocrx_word' id='word_1_154' title='bbox 1243 1414 1421 1469; x_wconf 81' lang='lat' dir='ltr'>repletas</span> 
     </span>
     <span class='ocr_line' id='line_1_20' title="bbox 61 1476 1421 1531; baseline 0 -15"><span class='ocrx_word' id='word_1_155' title='bbox 61 1476 225 1516; x_wconf 86' lang='lat' dir='ltr'>semitas</span> <span class='ocrx_word' id='word_1_156' title='bbox 262 1476 367 1517; x_wconf 87' lang='lat' dir='ltr'>inter</span> <span class='ocrx_word' id='word_1_157' title='bbox 403 1476 552 1531; x_wconf 81' lang='lat' dir='ltr'>vulgus</span> <span class='ocrx_word' id='word_1_158' title='bbox 592 1476 703 1517; x_wconf 89' lang='lat' dir='ltr'>aliud</span> <span class='ocrx_word' id='word_1_159' title='bbox 738 1491 960 1531; x_wconf 87' lang='lat' dir='ltr'>puerorum</span> <span class='ocrx_word' id='word_1_160' title='bbox 997 1482 1037 1516; x_wconf 91' lang='lat' dir='ltr'>et</span> <span class='ocrx_word' id='word_1_161' title='bbox 1078 1476 1298 1516; x_wconf 85' lang='lat' dir='ltr'>mulierum</span> <span class='ocrx_word' id='word_1_162' title='bbox 1340 1476 1421 1517; x_wconf 88' lang='lat' dir='ltr'>huc</span> 
     </span>
     <span class='ocr_line' id='line_1_21' title="bbox 59 1539 1421 1592; baseline 0 -13"><span class='ocrx_word' id='word_1_163' title='bbox 59 1544 181 1591; x_wconf 83' lang='lat' dir='ltr'>atque</span> <span class='ocrx_word' id='word_1_164' title='bbox 205 1539 302 1579; x_wconf 89' lang='lat' dir='ltr'>illuc</span> <span class='ocrx_word' id='word_1_165' title='bbox 327 1539 530 1588; x_wconf 88' lang='lat' dir='ltr'>euntium,</span> <span class='ocrx_word' id='word_1_166' title='bbox 563 1554 644 1592; x_wconf 83' lang='lat' dir='ltr'>qua</span> <span class='ocrx_word' id='word_1_167' title='bbox 669 1554 874 1592; x_wconf 87' lang='lat' dir='ltr'>quemque</span> <span class='ocrx_word' id='word_1_168' title='bbox 901 1553 1069 1579; x_wconf 88' lang='lat' dir='ltr'>suorum</span> <span class='ocrx_word' id='word_1_169' title='bbox 1093 1552 1246 1578; x_wconf 89' lang='lat' dir='ltr'>usuum</span> <span class='ocrx_word' id='word_1_170' title='bbox 1272 1553 1421 1579; x_wconf 89' lang='lat' dir='ltr'>causae</span> 
     </span>
     <span class='ocr_line' id='line_1_22' title="bbox 58 1599 1420 1655; baseline -0.001 -15"><span class='ocrx_word' id='word_1_171' title='bbox 58 1600 228 1649; x_wconf 86' lang='lat' dir='ltr'>ferrent,</span> <span class='ocrx_word' id='word_1_172' title='bbox 262 1600 361 1640; x_wconf 85' lang='lat' dir='ltr'>nihil</span> <span class='ocrx_word' id='word_1_173' title='bbox 386 1616 561 1653; x_wconf 88' lang='lat' dir='ltr'>usquam</span> <span class='ocrx_word' id='word_1_174' title='bbox 588 1617 669 1641; x_wconf 90' lang='lat' dir='ltr'>non</span> <span class='ocrx_word' id='word_1_175' title='bbox 694 1601 854 1655; x_wconf 78' lang='lat' dir='ltr'>pavidis</span> <span class='ocrx_word' id='word_1_176' title='bbox 882 1600 1023 1648; x_wconf 87' lang='lat' dir='ltr'>modo,</span> <span class='ocrx_word' id='word_1_177' title='bbox 1057 1599 1132 1640; x_wconf 85' lang='lat' dir='ltr'>scd</span> <span class='ocrx_word' id='word_1_178' title='bbox 1160 1614 1211 1639; x_wconf 89' lang='lat' dir='ltr'>ne</span> <span class='ocrx_word' id='word_1_179' title='bbox 1238 1599 1420 1646; x_wconf 77' lang='lat' dir='ltr'>miranti-</span> 
     </span>
     <span class='ocr_line' id='line_1_23' title="bbox 59 1661 1422 1717; baseline -0.002 -14"><span class='ocrx_word' id='word_1_180' title='bbox 59 1662 136 1703; x_wconf 92' lang='lat' dir='ltr'>bus</span> <span class='ocrx_word' id='word_1_181' title='bbox 162 1663 329 1714; x_wconf 87' lang='lat' dir='ltr'>quidcm</span> <span class='ocrx_word' id='word_1_182' title='bbox 356 1663 504 1711; x_wconf 87' lang='lat' dir='ltr'>simile,</span> <span class='ocrx_word' id='word_1_183' title='bbox 543 1662 899 1717; x_wconf 87' lang='lat' dir='ltr'>circumspiciebat</span> <span class='ocrx_word' id='word_1_184' title='bbox 923 1661 1061 1703; x_wconf 89' lang='lat' dir='ltr'>omnia.</span> <span class='ocrx_word' id='word_1_185' title='bbox 1086 1661 1297 1714; x_wconf 83' lang='lat' dir='ltr'>inquirens</span> <span class='ocrx_word' id='word_1_186' title='bbox 1325 1676 1422 1701; x_wconf 90' lang='lat' dir='ltr'>ocu-</span> 
     </span>
     <span class='ocr_line' id='line_1_24' title="bbox 59 1722 1420 1775; baseline -0.001 -12"><span class='ocrx_word' id='word_1_187' title='bbox 59 1723 127 1772; x_wconf 88' lang='lat' dir='ltr'>lis,</span> <span class='ocrx_word' id='word_1_188' title='bbox 164 1723 333 1764; x_wconf 91' lang='lat' dir='ltr'>ubinam</span> <span class='ocrx_word' id='word_1_189' title='bbox 358 1723 511 1764; x_wconf 87' lang='lat' dir='ltr'>bellum</span> <span class='ocrx_word' id='word_1_190' title='bbox 537 1724 702 1773; x_wconf 86' lang='lat' dir='ltr'>fuisset3</span> <span class='ocrx_word' id='word_1_191' title='bbox 742 1724 844 1764; x_wconf 87' lang='lat' dir='ltr'>adeo</span> <span class='ocrx_word' id='word_1_192' title='bbox 869 1738 945 1764; x_wconf 88' lang='lat' dir='ltr'>nec</span> <span class='ocrx_word' id='word_1_193' title='bbox 970 1730 1130 1763; x_wconf 89' lang='lat' dir='ltr'>amotae</span> <span class='ocrx_word' id='word_1_194' title='bbox 1156 1722 1214 1762; x_wconf 88' lang='lat' dir='ltr'>rei</span> <span class='ocrx_word' id='word_1_195' title='bbox 1244 1737 1420 1775; x_wconf 87' lang='lat' dir='ltr'>usquam</span> 
     </span>
     <span class='ocr_line' id='line_1_25' title="bbox 60 1785 1421 1840; baseline -0.001 -14"><span class='ocrx_word' id='word_1_196' title='bbox 60 1800 136 1826; x_wconf 90' lang='lat' dir='ltr'>nec</span> <span class='ocrx_word' id='word_1_197' title='bbox 161 1785 320 1826; x_wconf 88' lang='lat' dir='ltr'>oblatae</span> <span class='ocrx_word' id='word_1_198' title='bbox 346 1786 398 1825; x_wconf 88' lang='lat' dir='ltr'>ad</span> <span class='ocrx_word' id='word_1_199' title='bbox 423 1792 585 1839; x_wconf 86' lang='lat' dir='ltr'>tempus</span> <span class='ocrx_word' id='word_1_200' title='bbox 613 1786 833 1840; x_wconf 88' lang='lat' dir='ltr'>vestigium</span> <span class='ocrx_word' id='word_1_201' title='bbox 858 1786 987 1825; x_wconf 88' lang='lat' dir='ltr'>ullum</span> <span class='ocrx_word' id='word_1_202' title='bbox 1013 1791 1116 1834; x_wconf 85' lang='lat' dir='ltr'>erat,</span> <span class='ocrx_word' id='word_1_203' title='bbox 1150 1785 1223 1825; x_wconf 87' lang='lat' dir='ltr'>sed</span> <span class='ocrx_word' id='word_1_204' title='bbox 1253 1785 1309 1825; x_wconf 85' lang='lat' dir='ltr'>ita</span> <span class='ocrx_word' id='word_1_205' title='bbox 1334 1800 1421 1825; x_wconf 90' lang='lat' dir='ltr'>om-</span> 
     </span>
     <span class='ocr_line' id='line_1_26' title="bbox 60 1846 1421 1901; baseline 0.001 -14"><span class='ocrx_word' id='word_1_206' title='bbox 60 1847 128 1887; x_wconf 81' lang='lat' dir='ltr'>nia</span> <span class='ocrx_word' id='word_1_207' title='bbox 153 1847 355 1886; x_wconf 80' lang='lat' dir='ltr'>constanti</span> <span class='ocrx_word' id='word_1_208' title='bbox 380 1847 599 1901; x_wconf 85' lang='lat' dir='ltr'>tranquilla</span> <span class='ocrx_word' id='word_1_209' title='bbox 622 1861 737 1901; x_wconf 88' lang='lat' dir='ltr'>pace,</span> <span class='ocrx_word' id='word_1_210' title='bbox 763 1854 808 1887; x_wconf 91' lang='lat' dir='ltr'>ut</span> <span class='ocrx_word' id='word_1_211' title='bbox 833 1862 881 1888; x_wconf 91' lang='lat' dir='ltr'>eo</span> <span class='ocrx_word' id='word_1_212' title='bbox 906 1847 976 1887; x_wconf 77' lang='lat' dir='ltr'>vix</span> <span class='ocrx_word' id='word_1_213' title='bbox 1000 1847 1113 1887; x_wconf 87' lang='lat' dir='ltr'>fama</span> <span class='ocrx_word' id='word_1_214' title='bbox 1144 1846 1239 1887; x_wconf 88' lang='lat' dir='ltr'>belli</span> <span class='ocrx_word' id='word_1_215' title='bbox 1264 1847 1421 1901; x_wconf 85' lang='lat' dir='ltr'>perlata</span> 
     </span>
     <span class='ocr_line' id='line_1_27' title="bbox 60 1908 366 1962; baseline 0 -14"><span class='ocrx_word' id='word_1_216' title='bbox 60 1908 190 1948; x_wconf 75' lang='lat' dir='ltr'>videri</span> <span class='ocrx_word' id='word_1_217' title='bbox 215 1915 366 1962; x_wconf 86' lang='lat' dir='ltr'>posset.</span> 
     </span>
    </p>

    <p class='ocr_par' dir='ltr' id='par_1_4' title="bbox 60 1969 1420 2085">
     <span class='ocr_line' id='line_1_28' title="bbox 144 1969 1418 2024; baseline 0.002 -15"><span class='ocrx_word' id='word_1_218' title='bbox 144 1969 318 2010; x_wconf 83' lang='lat' dir='ltr'>XXVI.</span> <span class='ocrx_word' id='word_1_219' title='bbox 361 1969 508 2010; x_wconf 86' lang='lat' dir='ltr'>Victus</span> <span class='ocrx_word' id='word_1_220' title='bbox 538 1970 664 2024; x_wconf 88' lang='lat' dir='ltr'>igitur</span> <span class='ocrx_word' id='word_1_221' title='bbox 690 1970 890 2024; x_wconf 85' lang='lat' dir='ltr'>patientia</span> <span class='ocrx_word' id='word_1_222' title='bbox 919 1970 1099 2011; x_wconf 90' lang='lat' dir='ltr'>hostium</span> <span class='ocrx_word' id='word_1_223' title='bbox 1132 1978 1319 2011; x_wconf 89' lang='lat' dir='ltr'>senatum</span> <span class='ocrx_word' id='word_1_224' title='bbox 1351 1986 1418 2011; x_wconf 92' lang='lat' dir='ltr'>eo-</span> 
     </span>
     <span class='ocr_line' id='line_1_29' title="bbox 60 2031 1420 2085; baseline 0.001 -13"><span class='ocrx_word' id='word_1_225' title='bbox 60 2047 151 2072; x_wconf 87' lang='lat' dir='ltr'>rum</span> <span class='ocrx_word' id='word_1_226' title='bbox 181 2031 319 2072; x_wconf 86' lang='lat' dir='ltr'>vocari</span> <span class='ocrx_word' id='word_1_227' title='bbox 349 2031 480 2072; x_wconf 87' lang='lat' dir='ltr'>iussit.</span> <span class='ocrx_word' id='word_1_228' title='bbox 531 2032 626 2073; x_wconf 87' lang='lat' dir='ltr'>‘soli</span> <span class='ocrx_word' id='word_1_229' title='bbox 657 2032 822 2081; x_wconf 86' lang='lat' dir='ltr'>adhuc,&#39;</span> <span class='ocrx_word' id='word_1_230' title='bbox 858 2032 991 2085; x_wconf 89' lang='lat' dir='ltr'>inquit</span> <span class='ocrx_word' id='word_1_231' title='bbox 1017 2032 1284 2082; x_wconf 87' lang='lat' dir='ltr'>‘Tusculani‚</span> <span class='ocrx_word' id='word_1_232' title='bbox 1322 2048 1420 2074; x_wconf 76' lang='lat' dir='ltr'>vera</span> 
     </span>
    </p>
   </div>
   <div class='ocr_carea' id='block_1_4' title="bbox 1451 870 1467 898">
    <p class='ocr_par' dir='ltr' id='par_1_5' title="bbox 1451 870 1467 898">
     <span class='ocr_line' id='line_1_30' title="bbox 1451 870 1467 898; baseline 0 0"><span class='ocrx_word' id='word_1_233' title='bbox 1451 870 1467 898; x_wconf 89' lang='grc'>7</span> 
     </span>
    </p>
   </div>
   <div class='ocr_carea' id='block_1_5' title="bbox 1450 1117 1468 1146">
    <p class='ocr_par' dir='ltr' id='par_1_6' title="bbox 1450 1117 1468 1146">
     <span class='ocr_line' id='line_1_31' title="bbox 1450 1117 1468 1146; baseline 0 0"><span class='ocrx_word' id='word_1_234' title='bbox 1450 1117 1468 1146; x_wconf 71' lang='lat' dir='ltr'>S</span> 
     </span>
    </p>
   </div>
   <div class='ocr_carea' id='block_1_6' title="bbox 1450 1244 1466 1270">
    <p class='ocr_par' dir='ltr' id='par_1_7' title="bbox 1450 1244 1466 1270">
     <span class='ocr_line' id='line_1_32' title="bbox 1450 1244 1466 1270; baseline -0.125 0"><span class='ocrx_word' id='word_1_235' title='bbox 1450 1244 1466 1270; x_wconf 64' lang='grc' dir='ltr'>ἱ)</span> 
     </span>
    </p>
   </div>
   <div class='ocr_carea' id='block_1_7' title="bbox 1450 1614 1488 1641">
    <p class='ocr_par' dir='ltr' id='par_1_8' title="bbox 1450 1614 1488 1641">
     <span class='ocr_line' id='line_1_33' title="bbox 1450 1614 1488 1641; baseline 0 -1"><span class='ocrx_word' id='word_1_236' title='bbox 1450 1614 1488 1641; x_wconf 80' lang='lat'>10</span> 
     </span>
    </p>
   </div>
   <div class='ocr_carea' id='block_1_8' title="bbox 1450 1737 1483 1765">
    <p class='ocr_par' dir='ltr' id='par_1_9' title="bbox 1450 1737 1483 1765">
     <span class='ocr_line' id='line_1_34' title="bbox 1450 1737 1483 1765; baseline 0 0"><span class='ocrx_word' id='word_1_237' title='bbox 1450 1737 1483 1765; x_wconf 93' lang='lat'>11</span> 
     </span>
    </p>
   </div>
   <div class='ocr_carea' id='block_1_9' title="bbox 1448 1987 1460 2014">
    <p class='ocr_par' dir='ltr' id='par_1_10' title="bbox 1448 1987 1460 2014">
     <span class='ocr_line' id='line_1_35' title="bbox 1448 1987 1460 2014; baseline 0 0"><span class='ocrx_word' id='word_1_238' title='bbox 1448 1987 1460 2014; x_wconf 92' lang='lat' dir='ltr'>l</span> 
     </span>
    </p>
   </div>
   <div class='ocr_carea' id='block_1_10' title="bbox 60 2093 1448 2146">
    <p class='ocr_par' dir='ltr' id='par_1_11' title="bbox 60 2093 1448 2146">
     <span class='ocr_line' id='line_1_36' title="bbox 60 2093 1448 2146; baseline 0.001 -13"><span class='ocrx_word' id='word_1_239' title='bbox 60 2108 174 2133; x_wconf 88' lang='lat' dir='ltr'>arma</span> <span class='ocrx_word' id='word_1_240' title='bbox 197 2107 397 2146; x_wconf 67' lang='lat' dir='ltr'>verasque</span> <span class='ocrx_word' id='word_1_241' title='bbox 423 2093 542 2142; x_wconf 73' lang='lat' dir='ltr'>vires,</span> <span class='ocrx_word' id='word_1_242' title='bbox 570 2093 719 2146; x_wconf 88' lang='lat' dir='ltr'>quibus</span> <span class='ocrx_word' id='word_1_243' title='bbox 746 2093 797 2134; x_wconf 88' lang='lat' dir='ltr'>ab</span> <span class='ocrx_word' id='word_1_244' title='bbox 818 2094 878 2134; x_wconf 86' lang='lat' dir='ltr'>ira</span> <span class='ocrx_word' id='word_1_245' title='bbox 896 2094 1178 2135; x_wconf 88' lang='lat' dir='ltr'>Romanorum</span> <span class='ocrx_word' id='word_1_246' title='bbox 1198 2101 1336 2135; x_wconf 68' lang='lat' dir='ltr'>vestra</span> <span class='ocrx_word' id='word_1_247' title='bbox 1355 2103 1419 2135; x_wconf 87' lang='lat' dir='ltr'>tu-</span> <span class='ocrx_word' id='word_1_248' title='bbox 1445 2100 1448 2103; x_wconf 75' lang='grc'><strong>’</strong></span> 
     </span>
    </p>
   </div>
   <div class='ocr_carea' id='block_1_11' title="bbox 57 2155 1418 2771">
    <p class='ocr_par' dir='ltr' id='par_1_12' title="bbox 57 2155 1418 2692">
     <span class='ocr_line' id='line_1_37' title="bbox 61 2155 1418 2206; baseline 0.002 -12"><span class='ocrx_word' id='word_1_249' title='bbox 61 2155 260 2205; x_wconf 88' lang='lat' dir='ltr'>taremini,</span> <span class='ocrx_word' id='word_1_250' title='bbox 286 2155 512 2196; x_wconf 80' lang='lat' dir='ltr'>invenistis.</span> <span class='ocrx_word' id='word_1_251' title='bbox 555 2156 609 2196; x_wconf 86' lang='lat' dir='ltr'>ite</span> <span class='ocrx_word' id='word_1_252' title='bbox 629 2155 806 2196; x_wconf 85' lang='lat' dir='ltr'>Romam</span> <span class='ocrx_word' id='word_1_253' title='bbox 831 2156 882 2196; x_wconf 84' lang='lat' dir='ltr'>ad</span> <span class='ocrx_word' id='word_1_254' title='bbox 908 2162 1116 2206; x_wconf 83' lang='lat' dir='ltr'>senatum3</span> <span class='ocrx_word' id='word_1_255' title='bbox 1143 2156 1418 2197; x_wconf 89' lang='lat' dir='ltr'>aestimabunt</span> 
     </span>
     <span class='ocr_line' id='line_1_38' title="bbox 60 2217 1414 2272; baseline 0.002 -16"><span class='ocrx_word' id='word_1_256' title='bbox 60 2224 209 2270; x_wconf 88' lang='lat' dir='ltr'>patres,</span> <span class='ocrx_word' id='word_1_257' title='bbox 237 2223 371 2257; x_wconf 90' lang='lat' dir='ltr'>utrum</span> <span class='ocrx_word' id='word_1_258' title='bbox 397 2217 489 2271; x_wconf 89' lang='lat' dir='ltr'>plus</span> <span class='ocrx_word' id='word_1_259' title='bbox 510 2224 602 2258; x_wconf 89' lang='lat' dir='ltr'>ante</span> <span class='ocrx_word' id='word_1_260' title='bbox 622 2232 777 2272; x_wconf 88' lang='lat' dir='ltr'>poenae</span> <span class='ocrx_word' id='word_1_261' title='bbox 797 2234 848 2259; x_wconf 87' lang='lat' dir='ltr'>an</span> <span class='ocrx_word' id='word_1_262' title='bbox 869 2233 977 2258; x_wconf 89' lang='lat' dir='ltr'>nunc</span> <span class='ocrx_word' id='word_1_263' title='bbox 998 2219 1140 2259; x_wconf 74' lang='lat' dir='ltr'>veniae</span> <span class='ocrx_word' id='word_1_264' title='bbox 1160 2219 1293 2259; x_wconf 89' lang='lat' dir='ltr'>meriti</span> <span class='ocrx_word' id='word_1_265' title='bbox 1313 2219 1414 2260; x_wconf 89' lang='lat' dir='ltr'>sitis.</span> 
     </span>
     <span class='ocr_line' id='line_1_39' title="bbox 60 2278 1417 2335; baseline 0.004 -18"><span class='ocrx_word' id='word_1_266' title='bbox 60 2293 142 2318; x_wconf 88' lang='lat' dir='ltr'>non</span> <span class='ocrx_word' id='word_1_267' title='bbox 166 2278 413 2332; x_wconf 90' lang='lat' dir='ltr'>praecipiam</span> <span class='ocrx_word' id='word_1_268' title='bbox 438 2279 612 2333; x_wconf 75' lang='lat' dir='ltr'>gratiam</span> <span class='ocrx_word' id='word_1_269' title='bbox 637 2279 790 2334; x_wconf 90' lang='lat' dir='ltr'>publici</span> <span class='ocrx_word' id='word_1_270' title='bbox 820 2279 1026 2321; x_wconf 86' lang='lat' dir='ltr'>beneficii:</span> <span class='ocrx_word' id='word_1_271' title='bbox 1064 2281 1312 2335; x_wconf 87' lang='lat' dir='ltr'>deprecandi</span> <span class='ocrx_word' id='word_1_272' title='bbox 1343 2295 1417 2335; x_wconf 90' lang='lat' dir='ltr'>po-</span> 
     </span>
     <span class='ocr_line' id='line_1_40' title="bbox 60 2340 1416 2396; baseline 0.004 -18"><span class='ocrx_word' id='word_1_273' title='bbox 60 2346 248 2379; x_wconf 86' lang='lat' dir='ltr'>testatem</span> <span class='ocrx_word' id='word_1_274' title='bbox 274 2355 297 2380; x_wconf 90' lang='lat' dir='ltr'>a</span> <span class='ocrx_word' id='word_1_275' title='bbox 322 2354 387 2380; x_wconf 87' lang='lat' dir='ltr'>me</span> <span class='ocrx_word' id='word_1_276' title='bbox 412 2340 654 2391; x_wconf 83' lang='lat' dir='ltr'>habueritis3</span> <span class='ocrx_word' id='word_1_277' title='bbox 684 2341 875 2396; x_wconf 86' lang='lat' dir='ltr'>precibus</span> <span class='ocrx_word' id='word_1_278' title='bbox 902 2349 1094 2383; x_wconf 87' lang='lat' dir='ltr'>eventum</span> <span class='ocrx_word' id='word_1_279' title='bbox 1124 2342 1272 2383; x_wconf 76' lang='lat' dir='ltr'>vestris</span> <span class='ocrx_word' id='word_1_280' title='bbox 1299 2357 1416 2383; x_wconf 86' lang='lat' dir='ltr'>sena—</span> 
     </span>
     <span class='ocr_line' id='line_1_41' title="bbox 60 2403 1415 2460; baseline 0.004 -19"><span class='ocrx_word' id='word_1_281' title='bbox 60 2410 138 2451; x_wconf 88' lang='lat' dir='ltr'>tus,</span> <span class='ocrx_word' id='word_1_282' title='bbox 165 2416 288 2455; x_wconf 85' lang='lat' dir='ltr'>quem</span> <span class='ocrx_word' id='word_1_283' title='bbox 314 2403 528 2453; x_wconf 75' lang='lat' dir='ltr'>videbitur,</span> <span class='ocrx_word' id='word_1_284' title='bbox 555 2404 693 2445; x_wconf 64' lang='lat' dir='ltr'>(labit.9</span> <span class='ocrx_word' id='word_1_285' title='bbox 740 2413 959 2460; x_wconf 87' lang='lat' dir='ltr'>postquam</span> <span class='ocrx_word' id='word_1_286' title='bbox 985 2405 1163 2446; x_wconf 82' lang='lat' dir='ltr'>Romam</span> <span class='ocrx_word' id='word_1_287' title='bbox 1189 2406 1415 2447; x_wconf 91' lang='lat' dir='ltr'>Tusculani</span> 
     </span>
     <span class='ocr_line' id='line_1_42' title="bbox 59 2467 1414 2520; baseline 0.003 -16"><span class='ocrx_word' id='word_1_288' title='bbox 59 2471 257 2505; x_wconf 79' lang='lat' dir='ltr'>venerunt</span> <span class='ocrx_word' id='word_1_289' title='bbox 287 2472 534 2518; x_wconf 88' lang='lat' dir='ltr'>senatusque</span> <span class='ocrx_word' id='word_1_290' title='bbox 565 2467 688 2520; x_wconf 88' lang='lat' dir='ltr'>paulo</span> <span class='ocrx_word' id='word_1_291' title='bbox 719 2474 811 2508; x_wconf 89' lang='lat' dir='ltr'>ante</span> <span class='ocrx_word' id='word_1_292' title='bbox 847 2467 1030 2508; x_wconf 88' lang='lat' dir='ltr'>fidelium</span> <span class='ocrx_word' id='word_1_293' title='bbox 1064 2468 1268 2509; x_wconf 91' lang='lat' dir='ltr'>sociorum</span> <span class='ocrx_word' id='word_1_294' title='bbox 1303 2483 1414 2508; x_wconf 88' lang='lat' dir='ltr'>mac-</span> 
     </span>
     <span class='ocr_line' id='line_1_43' title="bbox 59 2526 1414 2586; baseline 0.004 -20"><span class='ocrx_word' id='word_1_295' title='bbox 59 2533 146 2567; x_wconf 90' lang='lat' dir='ltr'>stus</span> <span class='ocrx_word' id='word_1_296' title='bbox 170 2526 213 2567; x_wconf 90' lang='lat' dir='ltr'>in</span> <span class='ocrx_word' id='word_1_297' title='bbox 237 2527 439 2568; x_wconf 84' lang='lat' dir='ltr'>vestibulo</span> <span class='ocrx_word' id='word_1_298' title='bbox 465 2528 601 2569; x_wconf 87' lang='lat' dir='ltr'>curiae</span> <span class='ocrx_word' id='word_1_299' title='bbox 627 2536 689 2570; x_wconf 87' lang='lat' dir='ltr'>est</span> <span class='ocrx_word' id='word_1_300' title='bbox 714 2537 972 2584; x_wconf 86' lang='lat' dir='ltr'>conspectus,</span> <span class='ocrx_word' id='word_1_301' title='bbox 998 2530 1099 2571; x_wconf 89' lang='lat' dir='ltr'>moti</span> <span class='ocrx_word' id='word_1_302' title='bbox 1118 2531 1323 2586; x_wconf 82' lang='lat' dir='ltr'>extemplo</span> <span class='ocrx_word' id='word_1_303' title='bbox 1341 2546 1414 2585; x_wconf 87' lang='lat' dir='ltr'>pa-</span> 
     </span>
     <span class='ocr_line' id='line_1_44' title="bbox 58 2589 1413 2648; baseline 0.004 -20"><span class='ocrx_word' id='word_1_304' title='bbox 58 2595 138 2628; x_wconf 92' lang='lat' dir='ltr'>tres</span> <span class='ocrx_word' id='word_1_305' title='bbox 166 2589 301 2630; x_wconf 86' lang='lat' dir='ltr'>vocari</span> <span class='ocrx_word' id='word_1_306' title='bbox 327 2604 396 2631; x_wconf 90' lang='lat' dir='ltr'>eos</span> <span class='ocrx_word' id='word_1_307' title='bbox 421 2590 503 2630; x_wconf 90' lang='lat' dir='ltr'>iam</span> <span class='ocrx_word' id='word_1_308' title='bbox 528 2597 615 2631; x_wconf 90' lang='lat' dir='ltr'>tum</span> <span class='ocrx_word' id='word_1_309' title='bbox 639 2590 894 2646; x_wconf 89' lang='lat' dir='ltr'>hospitaliter</span> <span class='ocrx_word' id='word_1_310' title='bbox 912 2592 1044 2648; x_wconf 86' lang='lat' dir='ltr'>magis</span> <span class='ocrx_word' id='word_1_311' title='bbox 1071 2607 1194 2646; x_wconf 90' lang='lat' dir='ltr'>quam</span> <span class='ocrx_word' id='word_1_312' title='bbox 1212 2592 1413 2634; x_wconf 85' lang='lat' dir='ltr'>hostiliter</span> 
     </span>
     <span class='ocr_line' id='line_1_45' title="bbox 57 2664 227 2692; baseline 0.012 -2"><span class='ocrx_word' id='word_1_313' title='bbox 57 2664 227 2692; x_wconf 77' lang='lat' dir='ltr'>iussere.</span> 
     </span>
    </p>

    <p class='ocr_par' dir='ltr' id='par_1_13' title="bbox 140 2712 1407 2771">
     <span class='ocr_line' id='line_1_46' title="bbox 140 2712 1407 2771; baseline 0.004 -17"><span class='ocrx_word' id='word_1_314' title='bbox 140 2712 331 2756; x_wconf 88' lang='lat' dir='ltr'>Dictator</span> <span class='ocrx_word' id='word_1_315' title='bbox 363 2714 624 2756; x_wconf 87' lang='lat' dir='ltr'>Tusculanus</span> <span class='ocrx_word' id='word_1_316' title='bbox 656 2715 711 2756; x_wconf 86' lang='lat' dir='ltr'>ita</span> <span class='ocrx_word' id='word_1_317' title='bbox 741 2715 867 2757; x_wconf 86' lang='lat' dir='ltr'>verba</span> <span class='ocrx_word' id='word_1_318' title='bbox 897 2716 1010 2758; x_wconf 89' lang='lat' dir='ltr'>fecit:</span> <span class='ocrx_word' id='word_1_319' title='bbox 1051 2717 1218 2771; x_wconf 85' lang='lat' dir='ltr'>‘quibus</span> <span class='ocrx_word' id='word_1_320' title='bbox 1255 2716 1407 2759; x_wconf 89' lang='lat' dir='ltr'>bellum</span> 
     </span>
    </p>
   </div>
   <div class='ocr_carea' id='block_1_12' title="bbox 1443 2172 1461 2201">
    <p class='ocr_par' dir='ltr' id='par_1_14' title="bbox 1443 2172 1461 2201">
     <span class='ocr_line' id='line_1_47' title="bbox 1443 2172 1461 2201; textangle 90"><span class='ocrx_word' id='word_1_321' title='bbox 1443 2172 1461 2201; x_wconf 64' lang='grc' dir='ltr'>[ὑ</span> 
     </span>
    </p>
   </div>
   <div class='ocr_carea' id='block_1_13' title="bbox 1434 2730 1452 2759">
    <p class='ocr_par' dir='ltr' id='par_1_15' title="bbox 1434 2730 1452 2759">
     <span class='ocr_line' id='line_1_48' title="bbox 1434 2730 1452 2759; baseline 0 0"><span class='ocrx_word' id='word_1_322' title='bbox 1434 2730 1452 2759; x_wconf 70' lang='lat'>-1</span> 
     </span>
    </p>
   </div>
  </div>
 </body>
</html>
