1835 3226
318 759 356 788 12

318 1134 356 1163 13

318 1258 358 1287 14

318 1509 357 1538 15

317 1750 353 1778 lb·

337 2061 354 2090 10

384 262 467 303 240
666 267 823 302 LIBER
847 267 941 311 1111,
966 266 1022 303 49.
1040 266 1095 301 50.
1124 268 1172 310 [a.
1187 277 1221 301 u.
1237 278 1265 302 e.
1279 267 1356 302 340.
1370 267 1452 311 341]

384 374 477 414 bem
502 372 679 421 revertit,
706 371 846 412 audita
870 385 952 412 vox
977 370 1064 412 eius
1090 371 1133 411 in
1158 370 1346 412 contione
1373 370 1521 412 stolida
1544 385 1591 412 ac
1616 386 1743 426 prope

384 448 547 483 vecors,
574 448 656 487 qua
682 431 826 474 Sextio
851 432 1014 473 tribuno
1038 431 1171 487 plebis
1196 431 1332 488 legem
1356 432 1560 488 agrariam
1583 432 1742 482 ferenti,

384 495 507 537 simul
531 495 658 536 Bolas
690 509 854 548 quoque
885 501 930 535 ut
960 496 1219 536 mitterentur
1248 494 1382 535 coloni
1412 495 1590 535 laturum
1615 509 1659 536 se
1684 496 1745 536 di-

383 558 490 599 centi
514 582 569 588 —
594 557 743 612 dignos
769 557 878 597 enim
903 571 1007 606 esse,
1034 557 1105 610 qui
1129 557 1253 598 armis
1274 557 1491 611 cepissent,
1518 571 1660 598 eorum
1678 572 1745 598 ur-

383 620 476 662 bem
502 633 730 675 agrumque
749 618 957 659 Bolanum
976 634 1069 660 esse
1087 644 1141 649 ——
1168 618 1340 660 ‘malum
1361 619 1528 673 quidem
1546 618 1743 660 militibus

383 682 484 723 meis
494 681 517 732 ,⁹
547 681 679 735 inquit
704 681 801 722 ‘nisi
826 680 1079 734 quieverint?
1127 681 1239 734 quod
1263 681 1447 721 auditum
1478 696 1561 723 non
1591 681 1746 722 contio-

383 760 478 786 nem
503 744 636 799 magis
662 758 787 797 quam
812 758 909 784 mox
932 750 1070 798 patres
1096 743 1280 785 offendit.
1318 749 1359 784 et
1383 743 1573 785 tribunus
1597 743 1744 798 plebis,

382 808 444 849 vir
469 821 562 848 acer
590 820 668 847 nec
697 805 965 855 infacundus,
1003 812 1148 847 nactus
1179 805 1285 846 inter
1315 805 1572 847 adversarios
1605 821 1746 861 supcr-

382 870 483 912 bum
517 868 731 924 ingenium
766 868 1098 922 inmodicamque
1134 868 1338 924 linguam,
1381 882 1506 921 quam
1541 868 1745 911 inritando

385 931 661 988 agitandoque
686 930 728 971 in
753 944 823 971 eas
848 929 1062 984 inpelleret
1080 944 1217 979 voces,
1244 945 1349 984 quae
1369 929 1548 971 invidiae
1566 945 1647 972 non
1666 931 1746 986 ipsi

383 1002 554 1043 tantum,
582 993 656 1034 sed
675 1007 824 1033 causae
850 998 972 1046 atque
993 992 1185 1033 universo
1205 992 1338 1033 ordini
1362 998 1512 1042 essent,
1539 993 1745 1034 neminem

383 1071 434 1097 ex
460 1055 632 1110 collegio
657 1054 914 1096 tribunorum
939 1054 1115 1095 militum
1141 1054 1305 1109 saepius
1331 1069 1458 1108 quam
1482 1053 1745 1096 Postumium

382 1120 426 1159 in
450 1117 790 1172 disceptationem
814 1116 1012 1158 trahebat.
1061 1123 1149 1157 tum
1173 1132 1271 1158 vcro
1298 1117 1525 1158 secundum
1551 1123 1635 1157 tam
1656 1131 1746 1157 sae-

383 1196 482 1221 vum
507 1186 629 1233 atque
653 1178 924 1219 inhumanum
950 1179 1105 1219 dictum
1137 1179 1338 1228 ‘auditis‚'
1369 1179 1502 1232 inquit
1527 1178 1743 1232 ‘QuiriteS,

386 1243 490 1283 sicut
516 1241 643 1282 servis
670 1240 824 1280 malum
844 1240 1070 1280 minantem
1089 1240 1314 1281 militibus?
1344 1247 1482 1281 tamen
1501 1240 1603 1281 haec
1622 1240 1744 1281 belua

383 1304 544 1360 dignior
573 1302 691 1343 vobis
723 1308 835 1342 tanto
866 1301 1019 1342 honore
1050 1301 1256 1342 videbitur
1285 1316 1410 1355 quam
1441 1302 1512 1354 qui
1543 1316 1616 1343 vos
1641 1302 1743 1343 urbe

383 1368 575 1423 agrisque
600 1366 773 1406 donatos
798 1365 840 1405 in
865 1365 1046 1405 colonias
1072 1365 1255 1414 mittunt,
1282 1365 1352 1418 qui
1378 1365 1517 1405 sedem
1544 1366 1743 1406 senectuti

382 1435 542 1471 vestrae
572 1427 845 1482 prospiciunt,
884 1427 954 1480 qui
983 1441 1057 1481 pro
1093 1426 1242 1467 vestris
1279 1426 1505 1468 commodis
1543 1427 1742 1469 adversus

383 1499 467 1533 tam
492 1490 678 1532 crudeles
705 1489 987 1544 superbosque
1013 1488 1269 1529 adversarios
1290 1489 1553 1544 depugnant?
1577 1489 1743 1544 incipite

382 1553 529 1595 deinde
554 1551 709 1601 mirari,
748 1566 820 1592 cur
844 1551 965 1605 pauci
990 1551 1072 1591 iam
1096 1557 1276 1591 vestram
1302 1551 1528 1605 suscipiant
1560 1565 1740 1592 causam.

381 1614 481 1668 quid
504 1620 550 1654 ut
575 1629 597 1654 a
623 1612 741 1654 vobis
768 1612 958 1667 sperent?
981 1627 1033 1652 an
1057 1611 1244 1662 honores,
1271 1627 1375 1665 quos
1402 1612 1647 1653 adversariis
1673 1627 1743 1653 vc-

383 1675 477 1717 stris
508 1675 645 1730 potius
676 1689 802 1728 quam
831 1674 973 1728 populi
998 1674 1175 1714 Romani
1205 1673 1580 1729 propugnatoribus
1612 1674 1743 1715 datis?

382 1736 642 1792 ingemuistis
667 1736 790 1777 modo
815 1749 916 1776 voce
941 1735 1063 1776 huius
1090 1735 1241 1776 audita.
1291 1736 1391 1788 quid
1415 1736 1458 1776 id
1481 1735 1630 1777 refert?
1660 1736 1741 1776 iam

382 1799 416 1840 si
431 1798 676 1853 suffragium
689 1798 819 1846 detur,
845 1797 967 1846 hunc,
994 1797 1065 1850 qui
1079 1796 1233 1836 malum
1245 1797 1363 1838 vobis
1377 1797 1567 1846 minatur,
1588 1797 1650 1846 iis,
1672 1798 1741 1850 qui

381 1876 502 1917 agros
529 1861 732 1913 sedesque
757 1874 805 1900 ae
829 1859 1015 1900 fortunas
1042 1857 1223 1899 stabilire
1247 1858 1403 1907 volunt,
1429 1858 1695 1913 praeferetis.'

466 1923 520 1964 L.
563 1922 731 1963 Perlata
753 1921 857 1962 haec
881 1935 964 1961 vox
987 1920 1179 1961 Postumi
1204 1920 1256 1961 ad
1281 1920 1430 1960 milites
1456 1919 1584 1961 multo
1609 1921 1651 1960 in
1676 1935 1741 1961 ca-

382 1986 475 2027 stris
501 1985 697 2026 maiorem
722 1984 1047 2040 indignationem
1072 1983 1218 2035 movit:
1243 1983 1473 2038 praedaene
1497 1982 1741 2036 intercepto·

380 2063 467 2089 rem
493 2048 853 2100 fraudatoremque
873 2046 995 2087 etiam
1015 2045 1169 2086 malum
1190 2045 1337 2086 minari
1356 2044 1579 2085 militibus?
1602 2044 1741 2097 itaque

381 2125 475 2151 cum
506 2109 693 2150 fremitus
725 2115 864 2164 aperte
896 2114 1006 2149 esset
1037 2115 1077 2148 et
1106 2114 1299 2161 quaestor
1322 2106 1372 2147 P.
1401 2105 1563 2148 Sestius
1595 2106 1741 2147 eadem

380 2172 574 2213 violentia
599 2171 776 2212 coerceri
799 2177 963 2226 putaret
988 2170 1231 2211 seditionem
1248 2183 1384 2224 posse,
1411 2183 1493 2222 qua
1511 2174 1623 2208 mota
1642 2175 1736 2216 erat,

380 2234 509 2275 misso
534 2233 587 2274 ad
610 2232 905 2274 vociferantem
931 2232 1137 2286 quendam
1161 2231 1332 2271 militem
1351 2230 1503 2279 lictore,
1531 2244 1626 2270 cum
1645 2229 1740 2269 inde

382 2297 535 2338 clamor
559 2302 600 2337 et
622 2295 802 2350 iurgium
827 2302 1026 2344 oreretur,
1060 2309 1160 2335 saxo
1185 2294 1291 2334 ictus
1323 2292 1443 2334 turba
1468 2291 1647 2340 excedit,
1679 2291 1741 2331 in-

382 2373 506 2413 super
518 2358 752 2412 increpante
766 2357 837 2411 qui
850 2357 1147 2406 vulneraverat,
1173 2355 1324 2397 habere
1338 2361 1609 2409 quaestorem,
1630 2353 1740 2407 quod

380 2420 587 2475 inperator
612 2426 721 2460 esset
745 2418 942 2460 militibus
969 2419 1160 2459 minatus.
1210 2418 1263 2458 ad
1292 2417 1401 2458 hunc
1427 2416 1648 2457 tumultum
1673 2429 1740 2455 ac-

381 2483 485 2523 citus
510 2481 752 2523 Postumius
778 2481 986 2536 asperiora
1016 2480 1153 2522 omnia
1178 2479 1276 2521 fecit
1306 2478 1464 2521 acerbis
1490 2476 1738 2532 quaestioni-

381 2543 472 2593 bus,
500 2543 734 2585 crudelibus
755 2543 979 2598 suppliciis.
1016 2550 1225 2598 postrcmo
1246 2556 1340 2583 cum
1358 2541 1528 2582 modum
1546 2539 1628 2580 irae
1648 2537 1737 2577 nul-

380 2605 465 2646 lum
480 2606 645 2656 faceret,
673 2606 725 2646 ad
738 2605 1072 2646 vociferationem
1088 2619 1242 2654 eorum,
1269 2618 1372 2657 quos
1386 2601 1523 2643 necari
1537 2599 1612 2641 sub
1627 2605 1735 2639 crate

380 2667 568 2717 iusserat,
595 2682 799 2708 concursu
823 2667 946 2716 facto,
972 2667 1061 2721 ipse
1087 2666 1139 2707 ad
1157 2664 1451 2720 interpellantis
1470 2674 1646 2717 poenam
1665 2674 1735 2699 vc-

338 2741 355 2769 ῡ
382 2742 471 2770 cors
502 2729 553 2770 de
584 2729 776 2770 tribunali
808 2729 996 2770 decurrit.
1045 2728 1102 2770 ibi
1133 2743 1227 2769 cum
1259 2727 1549 2768 submoventes
1579 2721 1734 2778 passim
