1835 3226
319 206 402 248 424
639 214 792 248 LIBER
815 214 926 258 vm,
951 214 1004 248 24.
1024 214 1078 248 ⁶25.
1108 217 1154 258 [a.
1169 226 1204 249 u.
1222 215 1344 261 0428]

256 333 294 362 16
320 319 354 359 is
396 317 487 358 finis
529 316 763 357 lacerationi
804 315 900 365 fuit,
945 316 1231 371 sepultumque
1270 317 1518 360 Consentiae
1555 322 1665 374 quod

255 395 291 423 17

255 578 291 607 13

272 948 289 977 10

319 379 593 419 membrorum
629 378 832 430 reliquum
867 378 945 418 fuit
975 393 1072 420 eura
1101 379 1282 420 mulieris
1313 380 1454 429 unius,
1491 396 1666 435 ossaque

317 441 606 494 Metapontum
638 440 690 480 ad
713 439 854 481 hostes
878 441 1069 491 remissa,
1101 441 1196 482 inde
1220 441 1395 495 Epirum
1421 443 1590 484 devecta
1615 445 1667 484 ad

319 502 581 556 Cleopatram
616 516 788 542 uxorem
833 517 1095 557 sororemque
1134 502 1445 558 Olympiadem,
1495 520 1667 558 quarum

317 570 446 604 mater
470 563 610 618 magni
634 563 863 605 Alexandri
888 565 1030 615 altera,
1065 581 1178 607 soror
1202 566 1327 607 altera
1351 566 1440 607 fuit.
1490 567 1590 608 haee
1616 569 1666 608 de

317 625 544 665 Alexandri
580 625 795 680 Epirensis
833 627 937 667 tristi
976 634 1142 677 eventu,
1191 642 1440 682 quamquam
1477 628 1665 670 Romano

317 685 423 727 bello
453 686 618 727 fortuna
648 702 742 728 eum
774 687 987 738 abstinuit,
1026 696 1180 739 tamen,
1218 689 1313 743 quia
1342 690 1384 730 in
1409 690 1530 731 Italia
1560 690 1668 732 bella

315 750 462 805 gessit,
494 750 636 804 paucis
662 750 817 791 dixisse
844 751 942 792 satis
970 752 1033 792 sit.

400 811 550 852 XXV.
587 810 750 852 Eodem
770 828 877 853 anno
897 812 1190 854 lectisternium
1209 814 1385 866 Romae,
1413 815 1555 868 quinto
1574 821 1667 870 post

316 873 521 913 conditam
540 873 703 923 urbem,
729 874 861 915 isdem
881 874 1030 928 quibus
1056 883 1148 916 ante
1169 875 1379 930 placandis
1399 876 1583 917 habitum
1605 883 1667 918 est

317 935 417 975 dcis.
477 935 574 976 novi
604 935 751 976 deinde
784 936 972 978 consules
1003 937 1120 978 iussu
1149 938 1292 992 populi
1329 953 1422 979 cum
1459 938 1667 980 misissent

315 996 385 1049 qui
422 996 647 1038 indicerent
685 996 941 1040 Samnitibus
984 998 1156 1049 bellum,
1204 1000 1283 1054 ipsi
1324 1000 1476 1041 maiore
1519 1007 1667 1041 conatu

315 1073 439 1111 quam
476 1059 673 1101 adversus
707 1058 889 1102 Graecos
927 1068 1074 1102 cuncta
1108 1061 1320 1116 parabant.
1381 1069 1421 1103 et
1451 1062 1530 1102 alia
1560 1077 1667 1103 nova

315 1120 415 1160 nihil
440 1127 526 1160 tum
553 1122 688 1163 animo
714 1122 793 1163 tale
819 1123 1068 1177 agitantibus
1095 1131 1356 1165 accesserunt
1381 1124 1551 1165 auxilia:
1577 1125 1667 1165 Lu-

316 1182 406 1222 cani
425 1189 545 1236 atque
560 1182 706 1237 Apuli,
734 1184 882 1237 quibus
901 1185 1093 1239 gentibus
1119 1185 1219 1225 nihil
1244 1186 1296 1226 ad
1322 1201 1411 1226 eam
1438 1186 1546 1226 diem
1573 1202 1665 1227 cum

315 1243 503 1284 Romano
527 1244 680 1298 populo
705 1245 857 1295 fuerat,
883 1246 924 1286 in
949 1246 1072 1286 fidem
1099 1254 1314 1296 venerunt,
1342 1263 1454 1288 arma
1474 1248 1664 1301 virosque

315 1305 367 1346 ad
393 1304 544 1346 bellum
569 1306 828 1360 pollicentes3
861 1307 1026 1348 foedere
1053 1323 1150 1363 crgo
1174 1309 1216 1348 in
1242 1309 1462 1349 amicitiam
1493 1310 1661 1363 accepti.

315 1368 459 1408 eodem
485 1374 667 1422 tempore
693 1369 814 1409 etiam
840 1369 880 1408 in
908 1367 1077 1410 Samnio
1102 1385 1166 1410 res
1192 1385 1384 1424 prospere
1410 1378 1539 1424 gesta.
1589 1371 1663 1411 tria

315 1429 466 1483 oppida
485 1429 525 1469 in
544 1436 789 1484 potestatem
810 1437 1020 1480 venerunt,
1047 1430 1213 1481 Allifae,
1243 1431 1429 1481 Callifae,
1456 1432 1661 1481 Rufrium,

315 1490 500 1544 aliusque
531 1507 631 1546 ager
660 1493 790 1546 primo
823 1493 1002 1533 adventu
1028 1493 1243 1534 consulum
1268 1494 1389 1549 longe
1414 1494 1575 1547 lateque
1601 1503 1662 1535 est

313 1560 584 1606 pervastatus.
628 1554 706 1595 hoc
725 1554 832 1595 bello
853 1562 935 1595 tam
961 1570 1155 1610 prospere
1182 1557 1398 1597 commisso
1425 1557 1537 1597 alteri
1563 1572 1663 1610 quo-

314 1629 392 1667 que
412 1614 537 1664 bello,
565 1630 646 1670 quo
662 1614 811 1657 Gracci
831 1616 1135 1666 obsidebantur,
1162 1618 1243 1657 iam
1264 1618 1355 1659 finis
1375 1619 1525 1659 aderat.
1567 1635 1662 1659 nam

313 1683 598 1730 praeterquam
629 1678 740 1730 quod
771 1678 1028 1732 intersaeptis
1060 1679 1322 1719 munimentis
1353 1680 1532 1720 hostium
1568 1696 1662 1734 pars

313 1738 417 1792 parti
443 1738 605 1779 abscisa
630 1746 727 1788 erat,
754 1739 939 1780 foediora
964 1740 1171 1793 aliquanto
1196 1740 1300 1781 intra
1324 1756 1462 1782 muros
1487 1742 1549 1790 iis,
1576 1743 1664 1795 qui-

314 1799 390 1841 bus
417 1800 546 1842 hostis
572 1801 781 1842 territabat
801 1801 1110 1856 (patiebantur),
1138 1809 1175 1842 et
1195 1802 1307 1843 velut
1326 1803 1433 1857 eapti
1452 1818 1475 1843 a
1495 1804 1664 1844 suismet

313 1861 413 1915 ipsis
444 1862 659 1916 praesidiis
691 1863 859 1918 indigna
890 1863 971 1904 iam
996 1863 1134 1904 liberis
1160 1878 1322 1917 quoque
1348 1879 1394 1904 ae
1421 1864 1664 1920 coniugibus

314 1930 352 1963 et
377 1937 482 1976 quae
509 1931 719 1979 captarum
745 1925 907 1966 urbium
934 1933 1116 1966 extrema
1147 1933 1239 1966 sunt
1271 1926 1542 1980 patiebantur.
1590 1927 1666 1968 ita-

313 2000 392 2038 que
423 2000 516 2026 cum
547 1993 586 2027 et
617 2002 640 2027 a
665 1987 844 2028 Tarento
876 1994 915 2028 et
946 2003 968 2028 a
996 1986 1251 2028 Samnitibus
1283 1988 1395 2029 sama.
1425 1995 1532 2029 esset
1558 2004 1665 2030 nova.

312 2047 464 2088 auxilia
488 2056 678 2098 ventura,
708 2048 955 2090 Samnitium
981 2049 1073 2104 plus
1100 2065 1222 2103 quam
1248 2050 1398 2090 vellent
1422 2050 1527 2090 intra
1552 2066 1663 2091 moe-

313 2109 380 2150 nia
406 2125 496 2151 esse
521 2110 727 2160 rebantur,
754 2111 1070 2152 Tarentinorum
1096 2112 1349 2152 iuventutem
1371 2110 1519 2153 Graeci
1535 2110 1663 2152 Grae-

313 2186 400 2221 cos,
438 2172 548 2213 haud
584 2174 719 2214 minus
755 2188 828 2228 per
858 2188 960 2227 quos
994 2173 1170 2215 Samniti
1193 2174 1434 2227 Nolanoque
1465 2188 1588 2227 quam
1620 2181 1664 2214 ut

311 2233 511 2276 Romanis
537 2235 725 2276 hostibus
750 2236 1004 2285 resisterent,
1032 2236 1337 2291 exspectabant.
1374 2243 1581 2291 postremo
1607 2236 1664 2277 le-

313 2295 526 2337 vissimum
559 2297 760 2338 malorum
793 2298 944 2338 deditio
976 2298 1028 2338 ad
1053 2299 1263 2339 Romanos
1295 2299 1395 2339 visa.
1445 2297 1662 2339 Charilaus

313 2364 351 2397 et
392 2358 623 2413 Nymphius
665 2359 871 2414 principes
914 2360 1089 2400 civitatis
1132 2360 1432 2401 communicato
1473 2360 1577 2400 inter
1618 2374 1662 2400 se

313 2421 482 2461 consilio
507 2428 646 2475 partes
672 2422 725 2462 ad
748 2436 835 2462 rem
860 2422 1063 2476 agendam
1089 2422 1284 2470 divisere,
1317 2429 1359 2462 ut
1385 2422 1486 2462 alter
1510 2422 1563 2462 ad
1586 2422 1662 2462 im-

313 2487 540 2533 peratorem
564 2482 846 2524 Romanorum
878 2483 1171 2538 transfugeret,
1207 2483 1308 2523 alter
1340 2483 1580 2524 subsisteret
1611 2483 1662 2523 ad

251 2554 288 2582 10
312 2542 588 2595 praebendam
603 2551 845 2599 oportunam
859 2545 1028 2586 consilio
1047 2544 1204 2585 urbem.
1239 2545 1456 2586 Charilaus
1476 2545 1564 2594 fuit,
1592 2544 1662 2598 qui

314 2604 364 2643 ad
390 2603 613 2646 Publilium
639 2607 855 2648 Philonem
881 2607 990 2647 venit
1022 2614 1080 2655 et,
1118 2607 1228 2660 quod
1259 2607 1432 2656 bonum,
1465 2607 1659 2654 faustum,

315 2664 412 2704 felix
439 2666 756 2722 Palaepolitanis
788 2669 1022 2723 populoque
1048 2669 1236 2710 Romano
1267 2675 1394 2719 esset,
1427 2668 1585 2710 tradere
1616 2681 1660 2708 se
