1835 3226
284 386 301 416 9

262 572 301 601 10

263 758 296 786 ll

260 877 297 906 12

260 1127 298 1156 13

258 1376 297 1404 11.

276 1747 294 1777 10

276 1932 293 1961 ΕΟ

276 2677 291 2704 7

329 261 411 302 243
655 266 809 300 LIBER
834 265 928 309 IIII,
954 265 1008 299 58.
1027 265 1083 299 59.
1115 268 1162 307 [a.
1175 277 1210 300 u.
1226 277 1257 300 c.
1273 266 1354 310 348]

327 373 458 427 primo
488 383 650 423 quoque
682 368 747 409 die
778 368 832 409 ad
860 368 1060 423 populum
1095 368 1260 409 ferrent.
1310 369 1420 422 quod
1452 369 1522 410 ubi
1551 371 1682 425 primo

326 432 631 488 promulgatum
656 437 736 480 est,
773 430 948 471 fremere
973 430 1184 480 iuventus,
1220 431 1403 472 nondum
1434 431 1682 473 debellatum

327 510 419 536 cum
439 493 604 535 Volscis
631 507 736 542 esse,
763 493 886 534 modo
911 493 993 534 duo
1017 493 1224 547 praesidia
1248 493 1459 534 occidione
1484 493 1621 535 occisa
1644 501 1683 534 et

326 571 419 598 cum
443 554 624 610 periculo
648 555 831 605 retineri3
868 554 1026 595 nullum
1051 571 1205 596 annum
1236 570 1346 605 esse,
1384 570 1465 609 quo
1489 570 1572 596 non
1597 556 1682 596 acie

325 618 558 666 dimicetur,
596 623 636 658 et
672 623 883 670 tamquam
913 617 1120 672 paeniteat
1149 617 1301 659 laboris
1338 632 1493 658 novum
1529 617 1681 658 bellum

325 695 419 722 cum
448 679 622 720 finitimo
651 679 805 734 populo
837 685 877 720 et
905 679 1195 734 potentissimo
1225 680 1378 735 parari,
1416 680 1486 734 qui
1517 694 1681 721 omnem

324 742 534 784 Etruriam
568 742 620 783 sit
655 741 946 783 concitaturus.
1001 741 1104 783 haec
1141 758 1216 784 sua
1252 749 1396 797 sponte
1433 743 1588 797 agitata
1622 743 1683 783 in-

326 819 449 860 super
479 803 631 845 tribuni
660 803 793 859 plebis
825 804 1068 845 accendunt.
1117 805 1344 846 maximum
1375 804 1529 846 bellum
1558 804 1683 859 patri-

325 866 402 907 bus
429 881 521 907 cum
546 865 666 920 plebe
692 880 783 907 esse
809 865 1014 906 dictitant:
1041 880 1132 907 eam
1157 866 1207 907 de
1232 866 1433 907 industria
1452 867 1682 907 vexandam

324 928 468 969 militia
497 928 864 981 trucidandamque
894 927 1084 968 hostibus
1117 927 1242 978 obici,
1282 943 1373 970 eam
1408 928 1552 983 procul
1581 928 1682 969 urbe

323 990 465 1032 haberi
489 997 612 1044 atque
637 990 832 1045 ablegari,
859 1005 909 1031 ne
935 990 1047 1031 domi
1067 1005 1140 1045 per
1159 991 1287 1032 otium
1308 1006 1464 1032 memor
1482 991 1682 1031 libertatis

323 1053 658 1106 coloniarumque
683 1060 753 1094 aut
778 1053 866 1108 agri
889 1052 1045 1108 publici
1071 1060 1141 1093 aut
1167 1053 1354 1108 suffragii
1379 1053 1505 1094 libere
1525 1052 1683 1094 ferendi

323 1115 495 1156 consilia
520 1116 659 1169 agitet.
707 1122 1034 1169 prensantesque
1061 1122 1277 1156 veteranos
1310 1115 1515 1170 stipendia
1545 1115 1683 1156 cuius-

323 1191 402 1231 que
428 1183 467 1217 et
491 1177 659 1217 volnera
683 1191 730 1217 ac
757 1177 965 1218 cicatrices
991 1177 1275 1227 numerabant,
1302 1178 1402 1231 quid
1426 1177 1508 1218 iam
1533 1177 1681 1232 integri

323 1245 433 1280 esset
461 1238 504 1279 in
534 1253 702 1293 corpore
733 1238 812 1279 loci
849 1239 901 1279 ad
936 1254 1045 1280 nova
1080 1239 1250 1280 volnera
1286 1239 1543 1293 accipienda,
1582 1238 1681 1291 quid

323 1315 447 1355 super
472 1300 697 1355 sanguinis,
725 1301 795 1354 qui
820 1300 907 1341 dari
926 1315 1000 1355 pro
1017 1315 1060 1342 re
1079 1301 1243 1355 publica
1262 1311 1415 1355 posset,
1441 1300 1678 1355 rogitantes.

321 1363 424 1404 haec
448 1377 543 1403 cum
567 1363 609 1402 in
635 1362 892 1403 sermonibus
919 1362 1262 1415 contionibusque
1288 1363 1495 1403 interdum
1521 1362 1679 1416 agitan-

322 1432 383 1466 tes
404 1425 648 1466 avertissent
665 1424 829 1479 plebem
849 1424 900 1465 ab
921 1425 1183 1479 suscipiendo
1204 1425 1323 1474 bello,
1352 1425 1558 1479 profertur
1577 1432 1679 1465 tem-

320 1502 398 1542 pus
424 1487 622 1527 ferundae
647 1487 769 1542 legis,
803 1502 945 1541 quam,
979 1487 1014 1528 si
1040 1487 1224 1528 subiecta
1249 1487 1427 1528 invidiae
1454 1494 1580 1536 esset,
1607 1502 1678 1527 an-

323 1549 470 1603 tiquari
495 1549 731 1603 apparebat.

405 1610 596 1652 LVHH.
644 1611 814 1652 Interim
840 1611 1024 1653 tribunos
1050 1612 1223 1652 militum
1248 1612 1290 1652 in
1309 1611 1508 1653 Volscum
1533 1626 1677 1667 agrum

320 1672 470 1713 ducere
495 1672 719 1713 exercitum
745 1672 895 1727 placuit
905 1690 915 1723 3
951 1672 1028 1714 Cn.
1056 1673 1274 1714 Cornelius
1301 1689 1407 1714 unus
1433 1673 1590 1714 Romae
1615 1688 1678 1714 re-

319 1734 453 1775 lictus.
503 1741 585 1776 tres
616 1734 787 1783 tribuni,
825 1742 1049 1789 postquam
1079 1736 1192 1776 nullo
1223 1736 1312 1776 loco
1345 1742 1479 1776 castra
1502 1735 1677 1777 Volsco-

319 1811 410 1837 rum
436 1811 526 1837 esse
552 1811 627 1837 nee
652 1797 947 1838 commissuros
975 1812 1018 1838 se
1043 1797 1199 1852 proelio
1232 1798 1438 1851 apparuit,
1477 1797 1676 1852 tripertito

320 1859 372 1899 ad
402 1858 678 1900 devastandos
709 1858 813 1899 fines
845 1859 1086 1901 discessere.
1140 1858 1334 1900 Valerius
1359 1859 1534 1899 Antium
1563 1860 1676 1913 petit,

322 1918 539 1961 Cornelius
552 1921 746 1970 Ecetras3
772 1935 1031 1975 quacumque
1045 1921 1264 1970 incessere,
1291 1921 1371 1961 late
1384 1921 1569 1975 populati
1584 1927 1679 1961 sunt

319 1989 426 2024 tecta
450 1997 667 2038 agrosque,
694 1988 740 2023 ut
765 1983 1006 2024 distinerent
1030 1983 1229 2033 Volscos3
1254 1983 1429 2032 Fabius,
1457 1983 1568 2036 quod
1591 1998 1678 2023 ma-

318 2045 428 2086 xime
453 2044 685 2100 petebatur,
718 2046 770 2086 ad
795 2044 946 2087 Anxur
970 2046 1296 2101 oppugnandum
1322 2046 1409 2086 sine
1440 2045 1523 2086 ulla
1546 2060 1678 2100 popu-

317 2106 469 2148 latione
494 2107 679 2148 accessit.
729 2106 880 2148 Anxur
910 2108 987 2148 fuit
1018 2123 1123 2161 quae
1155 2122 1263 2148 nunc
1290 2107 1535 2148 Tarracinae
1568 2113 1674 2156 sunt,

317 2167 416 2210 urbs
446 2183 577 2223 prona
605 2169 648 2209 in
678 2169 864 2223 paludes.
920 2169 972 2210 ab
998 2184 1046 2210 ea
1076 2176 1191 2224 parte
1215 2168 1371 2210 Fabius
1404 2168 1676 2223 oppugnatio-

318 2245 412 2270 nem
432 2230 622 2271 ostendit.
661 2231 968 2272 circummissae
989 2239 1182 2285 quattuor
1200 2231 1387 2272 cohortes
1404 2245 1498 2271 cum
1514 2230 1562 2271 C.
1580 2229 1676 2271 Ser-

317 2292 414 2333 vilio
432 2291 571 2334 Ahala
590 2307 682 2333 cum
702 2293 971 2334 inminentem
990 2293 1082 2334 urbi
1102 2294 1248 2335 collem
1269 2293 1487 2348 cepissent,
1515 2307 1565 2333 ex
1584 2292 1674 2334 loco

318 2354 459 2395 altiore
485 2369 566 2408 qua
589 2355 747 2395 nullum
773 2361 859 2396 erat
883 2356 1136 2410 praesidium
1160 2355 1317 2410 ingenti
1343 2354 1519 2396 clamore
1545 2368 1592 2395 ac
1612 2361 1675 2395 tu-

320 2416 452 2457 multu
476 2417 639 2457 moenia
663 2417 864 2458 invasere.
914 2418 967 2458 ad
997 2432 1121 2471 quem
1151 2417 1373 2458 tumultum
1399 2416 1675 2471 obstupefacti

317 2479 387 2531 qui
411 2478 609 2519 adversus
628 2479 808 2520 Fabium
833 2479 977 2520 urbem
1002 2480 1186 2521 infimam
1211 2479 1431 2520 tuebantur
1448 2478 1585 2519 locum
1604 2479 1674 2519 de-

318 2540 412 2580 dere
439 2540 570 2581 scal‘as
597 2541 862 2590 admovendi,
887 2541 1091 2596 plenaque
1116 2542 1296 2583 hostium
1321 2548 1469 2582 cuncta
1494 2546 1609 2581 erant
1633 2546 1671 2580 ct

317 2601 468 2642 inmitis
495 2602 566 2642 diu
591 2603 737 2644 caedes
762 2603 914 2658 pariter
938 2603 1187 2659 fugientium
1213 2618 1261 2644 ac
1285 2603 1581 2651 resistentium,
1608 2615 1670 2641 ar-

318 2670 518 2704 matorum
550 2671 672 2718 atque
702 2665 920 2706 inermium
955 2665 1046 2706 fuit.
1097 2665 1352 2722 cogebantur
1386 2665 1523 2718 itaque
1557 2661 1666 2709 victi,

318 2725 414 2777 quia
438 2726 676 2768 cedentibus
703 2727 791 2782 spei
816 2727 871 2768 nil
898 2734 996 2778 erat,
1023 2743 1204 2783 pugnam
1231 2727 1344 2776 inire,
1372 2740 1463 2767 cum
1489 2738 1667 2778 pronun-
