1835 3226
363 213 444 254 4ῖῦ
570 218 723 252 LIBER
748 217 879 261 v1111,
904 217 958 251 32.
977 218 1033 251 33.
1062 221 1110 260 [η.
1126 229 1161 252 u.
1179 230 1208 252 c.
1228 219 1306 252 443.
1326 219 1390 252 444
1408 221 1444 264 5]

362 323 590 363 nuntiatum
618 328 698 370 est,
726 320 931 374 extemplo
956 326 1156 361 tesseram
1181 320 1269 361 dari
1292 320 1424 370 iubet,
1452 329 1496 362 ut
1519 324 1715 377 prandeat

361 385 477 425 miles
503 383 757 436 firmatisque
783 382 874 423 cibo
899 381 1054 423 viribus
1081 397 1195 423 arma
1219 382 1365 437 capiat.
1404 383 1513 424 dicto
1537 392 1714 438 paretur.

318 461 335 488 ξ)
362 445 504 486 consul
535 444 606 485 ubi
637 451 814 484 armatos
844 451 1092 498 paratosque
1117 444 1237 494 fidit,
1271 445 1388 500 signa
1419 452 1534 486 extra
1563 446 1714 487 vallum

360 506 532 562 proferri
562 505 681 546 iussit
712 512 751 546 et
776 505 887 546 haud
916 505 1059 560 procul
1089 505 1207 547 hoste
1237 506 1429 547 instruxit
1455 507 1596 548 aciem.
1646 508 1712 548 ali·

360 568 557 622 quamdiu
582 567 726 608 intenti
751 567 956 621 utrimque
983 574 1182 608 steterunt
1201 576 1479 623 expectantes,
1507 576 1549 609 ut
1570 569 1621 610 ab
1647 570 1711 610 ad—

322 647 334 674 ,-
360 630 550 672 versariis
577 629 731 670 clamor
756 636 795 670 et
819 644 960 684 pugna
990 629 1205 684 inciperet3
1243 637 1283 670 et
1313 631 1426 685 prius
1458 630 1519 672 sol
1549 631 1718 671 meridie

361 708 405 734 se
424 692 636 733 inclinavit
656 706 780 745 quam
801 691 928 732 telum
946 691 1041 731 hinc
1067 701 1134 732 aut
1160 692 1270 732 illinc
1297 692 1493 733 emissum
1513 700 1587 733 est.
1624 693 1718 734 inde

361 769 412 796 ne
447 754 600 795 insecta
630 768 673 795 re
705 753 902 803 abiretur,
941 754 1095 794 clamor
1125 753 1176 795 ab
1206 754 1396 795 Etruscis
1427 755 1554 796 oritur
1585 745 1718 796 conci-

318 833 333 861 7
360 825 542 870 nuntque
569 815 692 857 tubae
712 822 751 856 et
777 816 894 871 signa
919 815 1160 856 inferuntur.
1198 831 1275 856 nce
1295 816 1463 871 segnius
1483 817 1717 858 aRomanis

360 895 501 935 pugna
525 879 661 919 initur.
706 886 951 920 concurrunt
977 878 1150 920 infensis
1176 879 1335 920 animis.
1379 894 1549 921 numero
1574 879 1717 929 hostis,

316 956 335 985 8
361 942 510 982 virtute
530 941 745 982 Romanus
772 948 949 995 superat.
999 955 1151 995 anceps
1176 941 1376 995 proelium
1402 941 1552 983 multos
1577 942 1720 982 utrim-

360 1019 441 1058 que
467 1011 505 1044 et
531 1003 804 1044 fortissimum
829 1017 1035 1056 quemque
1062 1003 1259 1053 absumit,
1286 1018 1362 1044 nec
1386 1004 1499 1058 prius
1525 1003 1719 1044 inclinata

361 1081 426 1107 res
458 1073 519 1107 est
551 1081 676 1119 quam
708 1066 890 1106 secunda
915 1066 1023 1106 acies
1049 1065 1238 1106 Romana
1263 1065 1314 1106 ad
1339 1065 1471 1120 prima
1497 1066 1632 1121 signa,
1658 1066 1720 1106 in-

318 1142 335 1172 9
362 1128 466 1183 tegi-i
492 1127 627 1177 fessis,
655 1138 954 1169 successerunt.
1003 1127 1191 1177 Etrusci,
1217 1127 1314 1181 quia
1337 1127 1460 1168 nullis
1485 1127 1717 1169 recentibus

363 1191 556 1233 subsidiis
583 1191 686 1231 fulta
709 1191 841 1245 prima
866 1191 974 1231 acies
1000 1190 1090 1239 fuit,
1111 1199 1204 1230 ante
1232 1190 1351 1245 signa
1369 1190 1557 1243 circaque
1577 1205 1718 1231 omnes

362 1254 608 1295 ceciderunt.
657 1253 770 1293 nullo
802 1267 997 1305 umquam
1028 1252 1181 1306 proelio
1207 1251 1333 1306 fugae
1365 1252 1501 1292 minus
1526 1266 1601 1292 nec
1626 1251 1718 1306 plus

363 1316 500 1356 caedis
526 1315 686 1363 fuisset,
711 1315 754 1355 ni
780 1314 1007 1355 obstinatos
1032 1314 1135 1354 mori
1161 1313 1323 1355 Tuscos
1349 1329 1431 1354 nox
1455 1314 1637 1361 texisset,
1664 1314 1720 1353 ita

298 1391 337 1420 10
364 1385 406 1418 ut
427 1378 600 1418 victores
620 1377 733 1431 prius
753 1391 876 1430 quam
897 1377 993 1416 victi
1017 1376 1232 1430 pugnandi
1252 1375 1374 1415 finem
1396 1375 1588 1415 facerent.
1626 1383 1719 1429 post

365 1455 557 1481 occasum
585 1439 682 1480 solis
709 1439 873 1493 signum
899 1438 1080 1492 receptui
1106 1438 1245 1477 datum
1272 1444 1352 1486 est;
1388 1444 1506 1478 nocte
1533 1436 1583 1477 ab
1609 1444 1720 1477 utro-

299 1515 334 1543 11
363 1516 443 1555 que
468 1502 507 1541 in
535 1508 670 1541 castra
699 1500 888 1541 reditum.
937 1514 1014 1540 nec
1039 1499 1186 1540 deinde
1212 1499 1431 1552 quicquam
1457 1514 1505 1540 co
1531 1513 1637 1538 anno
1662 1499 1719 1539 rei

362 1563 559 1604 memoria
597 1563 746 1617 dignae
783 1562 893 1615 apud
928 1560 1114 1602 Sutrium
1145 1568 1308 1614 gestum
1345 1567 1424 1610 est,
1463 1560 1555 1613 quia
1593 1568 1631 1600 et
1669 1575 1719 1600 ex

363 1625 543 1666 hostium
570 1624 750 1665 exercitu
781 1624 913 1677 prima
938 1630 1021 1663 tota
1047 1622 1156 1663 acies
1183 1622 1316 1662 deleta
1340 1637 1422 1663 uno
1453 1622 1606 1676 proelio
1631 1622 1720 1662 suc-

363 1695 424 1728 rat
460 1686 717 1728 subsidiariis
757 1685 880 1725 modo
915 1685 1086 1733 relictis,
1131 1684 1201 1724 vix
1237 1684 1348 1737 quod
1386 1684 1484 1724 satis
1522 1691 1631 1725 esset
1667 1684 1719 1724 ad

301 1762 336 1790 12
364 1758 591 1791 castrorum
614 1748 880 1804 praesidium,
902 1755 941 1787 et
961 1747 1071 1801 apud
1089 1746 1301 1787 Romanos
1327 1753 1486 1786 tantum
1504 1746 1719 1786 vulnerum

363 1813 453 1862 suit,
475 1820 517 1852 ut
542 1811 680 1866 plures
706 1817 800 1866 post
825 1810 1025 1865 proelium
1052 1808 1180 1850 saucii
1205 1809 1456 1850 decesserint
1476 1823 1599 1862 quam
1618 1809 1722 1850 ceci-

364 1876 506 1915 derant
531 1875 572 1914 in
599 1874 698 1915 acie.

325 1951 334 1976 1
449 1936 677 1977 XXXIII.
717 1935 768 1988 Q.
796 1935 952 1976 Fabius
983 1934 1238 1987 insequentis
1271 1933 1366 1974 anni
1398 1933 1541 1974 consul
1571 1932 1722 1973 bellum

365 2001 417 2041 ad
434 1998 619 2041 Sutrium
639 1999 812 2053 excepit,
835 1998 990 2053 collega
1005 1997 1136 2037 Fabio
1153 1996 1201 2037 C.
1216 1996 1401 2036 Marcius
1416 1995 1581 2036 Rutilus
1602 1995 1721 2035 datus

366 2070 439 2103 est.
491 2070 673 2103 ceterum
705 2068 743 2101 et
769 2060 925 2101 Fabius
960 2059 1292 2114 supplementum
1318 2057 1368 2098 ab
1395 2057 1529 2098 Roma
1555 2056 1724 2098 adduxit

366 2132 403 2165 et
430 2139 563 2165 novus
590 2124 792 2164 exercitus
819 2123 942 2163 domo
968 2122 1123 2162 accitus
1148 2120 1337 2161 Etruscis
1362 2120 1485 2160 venit.

323 2198 339 2226 :3
449 2186 650 2227 Permulti
675 2186 771 2226 anni
796 2186 876 2225 iam
897 2190 1023 2233 erant,
1045 2198 1139 2224 cum
1164 2183 1270 2223 inter
1292 2182 1485 2237 patricios
1507 2181 1724 2236 magistra-

366 2257 432 2290 tus
458 2249 725 2301 tribunosque
751 2247 862 2288 nulla
888 2246 1110 2287 certamina
1134 2245 1310 2292 fuerant,
1338 2259 1432 2285 cum
1457 2258 1509 2284 ex
1534 2258 1581 2284 ea
1606 2242 1725 2283 fami-

366 2312 439 2360 lia,
466 2326 571 2364 quae
597 2311 709 2351 velut
735 2309 871 2350 fatalis
898 2308 1030 2361 (cum)
1056 2307 1230 2348 tribunis
1257 2322 1302 2347 ac
1330 2306 1439 2361 plebi
1464 2312 1567 2355 erat,
1595 2311 1724 2346 certa-

332 2386 463 2414 imen
494 2373 633 2414 oritur.
682 2371 766 2426 Ap.
795 2370 996 2412 Claudius
1029 2384 1175 2410 censor
1211 2368 1468 2409 circumactis
1505 2367 1648 2408 decem
1685 2372 1725 2407 et

367 2443 458 2476 octo
476 2435 701 2483 mensibus,
717 2434 826 2487 quod
841 2432 1019 2473 Aemilia
1038 2431 1129 2486 lege
1148 2431 1309 2471 finitum
1330 2444 1526 2471 censurae
1547 2428 1723 2483 spatium

368 2497 563 2552 temporis
590 2504 688 2545 erat,
716 2511 809 2536 cum
831 2494 879 2536 C.
900 2493 1089 2535 Plautius
1116 2492 1273 2547 collega
1299 2492 1387 2533 eius
1414 2491 1657 2546 magistratu
1681 2503 1724 2530 se

325 2571 342 2598 ,3
369 2559 613 2608 abdicasset,
639 2558 752 2599 nulla
777 2557 818 2598 vi
843 2555 1019 2610 conpelli
1044 2562 1088 2594 ut
1114 2553 1322 2595 abdicaret
1345 2553 1490 2608 potuit.
1534 2550 1582 2592 P.
1607 2550 1725 2592 Sem-

370 2621 536 2673 pronius
563 2628 648 2662 erat
674 2620 861 2661 tribunus
893 2617 1044 2673 plebis,
1077 2616 1147 2670 qui
1172 2616 1374 2657 finiendae
1400 2628 1597 2655 censurae
1621 2613 1724 2653 intra

369 2681 597 2735 legitimum
634 2690 795 2737 tempus
833 2680 1034 2722 actionem
1072 2685 1327 2733 susceperat,
1367 2691 1447 2718 non
1483 2674 1722 2731 popularem

321 2073 338 2101 10
