1780 3204
463 303 616 338 LIBER
639 304 684 348 v,
710 305 762 338 23.
784 303 839 339 ⁶24.
869 307 916 348 [a.
933 302 1061 338 C.396.
1080 303 1162 348 395]
1409 292 1491 335 275

136 408 360 451 honorandi
385 408 466 448 diei
489 407 596 448 illius
617 408 786 449 modum
806 407 1060 461 aliquantum
1080 406 1269 448 excessit.
1311 406 1488 448 maxime
1516 421 1535 451 5

136 476 379 526 conspectus
404 470 493 525 ipsc
519 476 581 510 est
605 484 725 510 curru
750 470 865 524 equis
892 469 994 510 albis
1020 470 1160 510 iuncto
1184 468 1329 510 urbem
1353 469 1491 510 invec-

136 541 218 582 tus,
249 546 475 588 parumque
499 531 542 572 id
566 546 648 572 non
678 532 796 574 civile
828 532 969 581 modo,
1009 531 1082 572 sed
1111 531 1337 572 humanum
1369 530 1491 571 etiam

136 595 281 635 visum.
330 594 442 635 Iovis
471 592 663 647 Solisque
695 593 809 647 equis
842 593 1150 648 aequiperatum
1182 593 1422 634 dictatorem
1450 592 1493 633 in
1519 607 1536 637 6

135 656 375 711 religionem
407 655 529 696 etiam
561 654 776 696 trahebant
807 655 1121 709 triumphusque
1153 654 1205 696 ob
1242 669 1333 695 eam
1370 669 1493 694 unam

137 718 313 758 maxime
339 732 424 758 rem
451 717 594 758 clarior
618 732 742 771 quam
772 717 925 773 gratior
954 717 1044 758 fuit.
1094 723 1182 758 tum
1206 717 1358 758 Iunoni
1386 716 1494 772 regi·
1521 732 1537 760 7

137 795 214 821 nae
250 780 449 835 templum
486 780 527 820 in
557 780 768 820 Aventino
803 780 954 821 locavit
989 780 1275 834 dedicavitque
1305 779 1494 820 Matutae

136 843 290 883 matris.
339 848 461 896 atque
491 842 554 883 his
587 842 735 883 divinis
766 842 1039 896 humanisque
1063 842 1187 884 rebus
1213 843 1342 898 gestis
1368 843 1496 883 dicta-

138 913 226 946 tura
251 919 295 946 se
320 904 537 946 abdicavit.
587 905 654 959 agi
680 905 826 945 deinde
852 905 903 945 de
922 904 1130 959 Apollinis
1156 905 1265 946 dono
1290 911 1493 959 coeptum.
1521 916 1539 945 S

138 967 203 1007 cui
233 981 278 1007 se
308 966 509 1007 decimam
540 967 704 1007 vovisse
733 967 911 1021 praedae
935 972 1093 1021 partem
1119 981 1213 1007 cum
1237 966 1390 1007 diceret
1416 964 1498 1007 Ca-

138 1028 292 1078 millus,
318 1028 531 1082 pontifices
558 1027 801 1069 solvendum
825 1028 1022 1083 religione
1046 1018 1245 1082 populum
1270 1034 1495 1076 censerent,

138 1090 248 1131 haud
279 1090 399 1131 facile
430 1089 610 1131 inibatur
639 1090 740 1130 ratio
771 1089 940 1131 iubendi
970 1089 1121 1130 referre
1146 1090 1342 1144 praedam
1366 1103 1498 1143 popu·
1523 1101 1540 1130 9

137 1152 240 1202 lum,
268 1158 312 1192 ut
337 1166 388 1192 ex
414 1166 461 1192 ea
485 1167 580 1205 pars
601 1151 738 1192 debita
756 1151 798 1191 in
818 1165 981 1192 sacrum
1001 1157 1292 1192 secerneretur.
1330 1151 1497 1190 tandem
1526 1163 1565 1191 10

138 1228 185 1254 eo
222 1214 333 1267 quod
367 1213 624 1254 lenissimum
661 1212 877 1254 videbatur
907 1213 1128 1253 decursum
1159 1218 1238 1261 est,
1276 1218 1322 1252 ut
1352 1212 1423 1264 qui
1454 1226 1497 1252 se

137 1276 386 1328 domumque
421 1274 619 1329 religione
656 1273 868 1315 exsolvere
904 1274 1045 1324 vellet,
1083 1288 1178 1315 cum
1209 1273 1374 1315 sibimet
1408 1273 1497 1327 ipse

135 1337 329 1392 praedam
367 1343 639 1377 aestumasset
670 1351 806 1386 suam,
845 1336 1044 1377 decumae
1079 1335 1257 1390 pretium
1292 1335 1419 1390 partis
1455 1335 1497 1375 in

135 1398 344 1453 publicum
377 1397 571 1448 deferret,
603 1404 650 1438 ut
680 1412 731 1439 ex
762 1413 810 1439 co
842 1399 994 1439 donum
1020 1413 1191 1439 aureum
1216 1398 1388 1453 dignum
1413 1412 1498 1438 am-
1527 1411 1562 1438 11

136 1460 334 1514 plitudine
359 1460 501 1514 templi
526 1475 572 1501 ac
598 1460 765 1501 numine
785 1460 851 1501 dei
870 1475 921 1501 ex
941 1460 1141 1516 dignitate
1159 1460 1301 1515 populi
1320 1459 1498 1501 Romani

138 1522 263 1563 fieret.
314 1537 362 1562 ea
392 1536 554 1576 quoquc
586 1523 761 1564 conlatio
791 1522 925 1578 plebis
957 1523 1115 1564 animos
1142 1538 1166 1563 a
1193 1522 1369 1564 Camillo
1401 1522 1498 1562 alie-

137 1584 260 1625 navit.
308 1584 414 1625 inter
443 1584 545 1626 haec
575 1585 837 1640 pacificatum
867 1585 994 1641 legati
1025 1601 1049 1626 a
1073 1584 1237 1626 Volscis
1270 1591 1310 1626 et
1333 1583 1494 1637 Aequis
1525 1596 1562 1624 12

136 1653 351 1696 venerunt,
388 1647 686 1702 impetrataque
715 1662 816 1702 pax,
854 1648 988 1703 magis
1019 1654 1065 1688 ut
1096 1647 1210 1689 fessa
1234 1654 1317 1688 tam
1343 1647 1499 1687 diutino

138 1707 244 1749 bello
270 1709 554 1762 adquiesceret
578 1709 739 1758 civitas,
768 1724 892 1763 quam
917 1710 1028 1763 quod
1052 1710 1168 1764 digni
1191 1715 1390 1764 peterent.

221 1769 424 1810 XXIIII.
473 1770 589 1811 Veiis
622 1771 752 1824 captis
786 1786 859 1812 sex
882 1771 1068 1812 tribunos
1095 1772 1271 1811 militum
1296 1768 1501 1811 consulari
1528 1783 1542 1810 1

137 1837 340 1885 potestate
364 1832 587 1884 insequens
613 1848 743 1873 annus
763 1832 925 1873 habuit:
952 1832 1056 1873 duos
1074 1831 1247 1873 Publios
1271 1831 1499 1879 Cornelios,

142 1891 323 1933 Cossum
338 1902 377 1932 et
393 1891 642 1947 Scipionem,
662 1893 723 1933 M.
734 1893 948 1934 Valerium
960 1893 1196 1934 Maximum
1210 1893 1371 1942 iterum,
1394 1891 1501 1934 Cae-

142 1968 285 1995 sonem
298 1953 475 1994 Fabium
490 1953 746 1995 Ambustum
766 1955 949 2004 tertium,
968 1955 1022 1995 L.
1037 1955 1210 1996 Furium
1223 1955 1501 1996 Medullinum

142 2015 342 2068 quintum,
365 2014 417 2067 Q.
436 2014 657 2057 Servilium
677 2016 853 2056 tertium.
888 2015 1090 2058 Corneliis
1103 2017 1314 2058 Faliscum
1332 2016 1498 2065 bellum,

143 2076 310 2117 Valerio
336 2091 383 2117 ac
407 2075 581 2118 Servilio
604 2076 796 2131 Capenas
823 2084 931 2119 sorte
951 2078 1097 2119 evenit.
1136 2078 1187 2120 ab
1206 2079 1257 2119 iis
1276 2093 1358 2120 non
1378 2077 1500 2119 urbes

142 2138 184 2178 vi
209 2144 279 2178 aut
304 2138 495 2193 operibus
522 2145 761 2193 temptatae,
789 2140 861 2180 sed
886 2155 985 2195 ager
1009 2146 1071 2182 est
1091 2140 1364 2196 depopulatus
1384 2153 1502 2195 prae-

143 2200 301 2253 daeque
325 2215 463 2241 rerum
488 2202 712 2256 agrestium
732 2208 863 2252 actae,
889 2202 1002 2244 nulla
1021 2202 1121 2244 felix
1140 2202 1272 2253 arbor,
1298 2202 1399 2243 nihil
1416 2202 1502 2243 fru-

144 2261 322 2316 giferum
346 2263 388 2302 in
414 2278 513 2318 agro
538 2263 738 2304 relictum.
788 2279 836 2305 ea
861 2264 997 2306 clades
1019 2264 1276 2320 Capenatem
1299 2264 1500 2319 populum
1527 2276 1544 2304 3

146 2323 327 2378 subegit,
353 2339 436 2379 pax
459 2325 693 2379 petentibus
719 2326 832 2377 data3
862 2327 904 2367 in
927 2327 1103 2369 Faliscis
1129 2327 1284 2369 bellum
1306 2325 1500 2368 restabat.

230 2385 389 2427 Romae
414 2387 576 2427 interim
600 2388 815 2442 multiplex
840 2389 985 2430 seditio
1011 2396 1114 2439 erat,
1147 2390 1263 2430 cuius
1288 2388 1502 2429 leniendae
1528 2402 1548 2429 4

147 2462 272 2488 causa
297 2447 499 2489 coloniam
524 2448 566 2488 in
590 2448 785 2499 Volscos,
818 2464 898 2504 quo
924 2451 1001 2492 tria
1030 2451 1144 2492 milia
1174 2451 1325 2492 civium
1349 2450 1503 2491 Roma-

147 2524 293 2551 norum
319 2510 603 2560 scriberentur,
630 2511 914 2553 deducendam
933 2518 1175 2554 censuerant
1184 2529 1194 2562 3
1220 2511 1502 2564 triumvirique

147 2572 200 2612 ad
228 2572 270 2612 id
301 2573 426 2613 creati
456 2579 572 2614 terna
600 2573 745 2629 iugera
775 2580 815 2615 et
846 2580 1063 2628 septunces
1088 2574 1241 2614 viritim
1266 2573 1501 2614 diviserant.

147 2648 196 2674 ea
218 2633 380 2689 largitio
406 2635 542 2689 sperni
567 2644 729 2690 coepta,
756 2635 853 2689 quia
878 2635 966 2690 spei
989 2636 1154 2677 maioris
1174 2635 1418 2677 avertendae
1440 2649 1505 2675 so-
1529 2648 1548 2677 5

146 2695 297 2736 lacium
327 2695 533 2737 obiectum
564 2697 805 2739 censebant:
843 2711 916 2738 cur
945 2697 1053 2738 enim
1078 2697 1252 2753 relegari
1274 2696 1438 2752 plebem
1462 2696 1505 2736 in

148 2756 342 2808 Volscos,
376 2773 469 2799 cum
494 2759 768 2814 pulcherrima
793 2758 892 2800 urbs
918 2758 1012 2801 Veii
1043 2774 1223 2815 agerque
1247 2759 1503 2801 Veientanus

1210 2825 1277 2858 18*

1527 2029 1544 2056 ¹:
