1835 3226
365 177 448 217 ΜΞ
714 181 869 216 LIBER
892 182 946 226 x,
974 182 1026 216 17.
1049 183 1099 215 18.
1129 184 1366 228 [a.u.c.45s]

364 303 387 327 a
418 286 548 326 Fabio
579 284 847 325 Ferentinum
877 284 1206 339 Romuleamque
1243 294 1503 341 oppugnatas
1541 289 1717 330 tradunt.

301 363 336 390 12
364 355 458 390 sunt
483 347 553 400 qui
577 361 776 388 novorum
798 346 1013 387 consulum
1039 346 1144 388 hanc
1169 347 1343 403 gloriam
1368 349 1532 399 faciant,
1553 351 1718 404 quidam

320 548 330 576 1

316 733 333 762 10

317 1727 333 1756 *l

361 424 443 450 non
468 408 695 457 amborum,
717 408 790 449 sed
815 408 994 458 alterius,
1009 408 1062 449 L.
1078 409 1308 451 Volumnii:
1335 411 1371 452 ei
1393 410 1610 452 Samnium
1629 427 1721 467 pro-

361 487 537 513 vinciam
563 486 763 512 evemsse.

445 533 618 575 XVIII.
656 532 773 574 Dum
799 548 848 575 ea
873 534 915 574 in
941 532 1130 584 Samnio,
1164 535 1461 590 cuiuscumque
1492 537 1618 578 ductu
1649 553 1721 578 au-

362 596 590 651 spicioque,
616 602 867 651 gererentur,
894 595 1095 638 Romanis
1120 597 1162 638 in
1186 596 1364 639 Etruria
1379 598 1542 639 interim
1566 598 1719 640 bellum

360 659 505 713 ingens
537 658 675 699 multis
703 672 754 699 cx
783 657 977 713 gentibus
1009 659 1210 709 concitur,
1244 660 1360 701 cuius
1392 667 1533 701 auctor
1559 659 1719 702 Gellius

360 720 566 775 Egnatius
587 735 638 761 ex
659 719 917 761 Samnitibus
944 729 1041 762 erat.
1080 721 1209 762 Tusci
1233 721 1318 762 fere
1344 737 1485 763 omnes
1512 723 1721 764 conscive-

360 788 451 823 rant
476 781 649 832 bellum3
677 789 855 823 traxerat
875 783 1066 838 contagio
1085 784 1295 838 proximos
1311 783 1511 825 Umbriae
1531 785 1718 839 populos,

360 851 399 886 et
420 843 582 886 Gallica
606 844 759 885 auxilia
784 846 972 887 mercede
999 845 1334 888 sollicitabantur.
1385 847 1517 888 onmis
1544 862 1592 888 ea
1616 847 1721 887 mul-

360 907 490 948 titudo
527 907 579 948 ad
615 913 750 948 castra
783 906 1032 949 Samnitium
1070 907 1352 949 conveniebat.
1413 909 1484 962 qui
1520 909 1719 950 tumultus

358 984 505 1024 repens
537 976 758 1024 postquam
789 976 851 1010 est
876 969 1054 1011 Romam
1084 970 1285 1025 perlatus,
1319 985 1413 1011 cum
1444 971 1527 1012 iam
1556 972 1609 1012 L.
1635 970 1721 1013 Vo-

358 1032 538 1073 lumnius
559 1031 702 1074 consul
722 1047 816 1073 cum
835 1032 998 1088 legione
1025 1033 1207 1074 secunda
1227 1047 1273 1073 ae
1295 1033 1412 1074 tertia
1432 1033 1720 1087 sociorumque

359 1093 524 1135 milibus
550 1094 784 1148 quindecim
809 1095 1018 1149 profectus
1044 1095 1086 1135 in
1108 1093 1325 1136 Samnium
1352 1102 1473 1144 esset,
1494 1094 1576 1150 Ap.
1594 1094 1720 1136 Clau-

359 1156 472 1196 dium
497 1157 628 1211 primo
648 1171 811 1210 quoque
837 1164 1019 1212 tempore
1039 1157 1080 1198 in
1094 1157 1303 1198 Etruriam
1328 1157 1385 1198 ire
1410 1157 1576 1212 placuit.
1614 1157 1720 1199 duae

359 1218 573 1259 Romanae
609 1218 793 1273 legiones
832 1226 996 1260 secutae
1032 1220 1166 1274 prima
1196 1226 1236 1260 et
1267 1227 1412 1272 quarta
1443 1227 1482 1260 ct
1514 1220 1719 1261 sociorum

360 1280 576 1321 duodecim
596 1280 719 1320 milia.
758 1287 892 1321 eastra
911 1280 1022 1321 haud
1046 1281 1189 1336 procul
1214 1280 1265 1321 ab
1284 1281 1401 1322 hoste
1427 1281 1573 1335 posita.
1612 1288 1720 1322 cete-

359 1357 451 1383 rum
478 1357 525 1383 eo
551 1342 684 1397 magis
715 1342 948 1396 profectum
980 1349 1059 1392 cst,
1092 1342 1204 1396 quod
1235 1349 1393 1383 mature
1418 1349 1587 1383 ventum
1619 1349 1715 1391 erat,

359 1410 404 1444 ut
429 1404 631 1457 quosdam
658 1410 889 1458 spectantes
915 1404 996 1445 iam
1023 1419 1135 1445 arma
1160 1404 1350 1444 Etruriae
1382 1404 1556 1458 populos
1583 1411 1716 1445 metus

360 1466 538 1507 Romani
562 1466 738 1507 nominis
765 1467 1055 1521 conprimeret,
1088 1481 1210 1520 quam
1237 1466 1348 1520 quod
1378 1467 1504 1507 ductu
1536 1467 1715 1507 consulis

359 1528 580 1581 quicquam
611 1527 668 1569 ibi
699 1528 797 1569 satis
824 1529 922 1569 seitc
949 1535 1018 1569 aut
1049 1529 1254 1570 fortunate
1285 1535 1448 1583 gestum
1476 1529 1539 1569 sit.
1589 1528 1718 1569 multa

359 1589 515 1645 proelia
527 1589 628 1630 locis
644 1595 683 1630 et
696 1589 947 1643 temporibus
967 1590 1117 1643 iniquis
1133 1590 1364 1639 commissa,
1382 1604 1558 1644 spesque
1573 1590 1613 1630 in
1628 1590 1715 1630 dies

359 1652 590 1707 graviorem
615 1651 776 1692 hostem
801 1651 992 1701 faciebat,
1013 1659 1052 1693 et
1076 1653 1158 1693 iam
1183 1667 1310 1706 prope
1336 1659 1433 1701 erat,
1461 1659 1504 1692 ut
1529 1667 1603 1693 nee
1623 1653 1718 1693 duci

361 1714 508 1755 milites
528 1728 604 1755 nec
623 1713 820 1755 militibus
841 1714 926 1754 dux
946 1714 1044 1755 satis
1065 1714 1221 1754 fideret.
1258 1713 1413 1754 litteras
1439 1714 1492 1754 ad
1518 1713 1716 1769 collegam

360 1776 654 1818 accersendum
676 1791 727 1817 ex
743 1775 914 1818 Samnio
934 1776 1082 1818 missas
1102 1776 1144 1816 in
1164 1776 1278 1816 trinis
1300 1775 1515 1817 annalibus
1536 1775 1716 1817 invenio:

359 1839 473 1894 piget
498 1845 635 1879 tamen
659 1837 701 1878 id
721 1844 877 1879 certum
902 1853 1067 1893 ponere,
1095 1853 1188 1879 cum
1214 1852 1262 1878 ea
1286 1837 1377 1892 ipsa
1401 1837 1505 1877 inter
1529 1837 1718 1878 consules

359 1901 502 1956 populi
526 1900 723 1950 Romani,
749 1900 832 1941 iam
856 1901 1003 1941 iterum
1030 1901 1175 1941 eodem
1201 1900 1355 1941 honore
1381 1898 1610 1954 fungentis,
1637 1899 1721 1940 dis-

362 1963 541 2018 crepatio
573 1963 713 2013 fuerit,
740 1962 881 2018 Appio
912 1963 1118 2005 abnuente
1149 1963 1317 2012 missas,
1345 1961 1569 2004 Volumnio
1600 1963 1720 2004 adfir-

360 2032 511 2075 mante,
532 2025 647 2080 Appi
666 2040 709 2066 se
730 2024 874 2066 litteris
901 2026 1090 2066 accitum.
1128 2025 1211 2066 iam
1223 2024 1470 2066 Volumnius
1491 2025 1533 2065 in
1549 2023 1719 2066 Samnio

361 2087 437 2128 tria
463 2087 631 2128 castella
655 2095 830 2142 ceperat,
852 2087 893 2128 in
913 2087 1062 2142 quibus
1083 2087 1136 2128 ad
1161 2087 1237 2127 tria
1262 2086 1373 2127 milia
1398 2086 1578 2127 hostium
1599 2101 1720 2128 caesa.

361 2156 486 2199 erant,
509 2150 724 2190 dimidium
744 2150 828 2191 fere
849 2150 935 2191 eius
956 2156 1134 2204 captum,
1157 2156 1195 2190 et
1208 2150 1476 2190 Lucanorum
1497 2149 1718 2190 seditiones

361 2228 384 2253 a
409 2212 580 2268 plebeiis
608 2220 647 2253 et
673 2212 889 2268 egentibus
916 2212 1090 2254 ducibus
1118 2219 1226 2253 ortas
1254 2227 1415 2253 summa
1446 2212 1719 2267 optumatium

360 2275 570 2316 voluntate
585 2290 657 2330 per
672 2275 723 2328 Q.
739 2274 930 2324 Fabium,
946 2290 1017 2329 pro
1037 2275 1204 2316 consule
1225 2275 1397 2315 missum
1412 2289 1460 2315 eo
1475 2289 1568 2315 cum
1583 2280 1719 2315 vetere

318 2351 334 2380 9
361 2338 559 2387 exercitu,
593 2344 889 2393 conpresserat.
939 2337 1073 2379 Decio
1103 2337 1363 2392 populandos
1390 2336 1571 2378 hostium
1596 2352 1717 2392 agros

360 2400 568 2454 relinquit,
600 2400 689 2455 ipse
721 2415 815 2441 eum
849 2400 933 2441 suis
966 2400 1094 2457 copiis
1126 2400 1166 2440 in
1191 2399 1403 2440 Etruriam
1434 2399 1486 2440 ad
1517 2399 1718 2454 collegam

298 2473 335 2502 ιο
360 2462 517 2517 pergit3
555 2477 679 2517 quem
709 2462 994 2504 advenientem
1025 2462 1121 2503 laeti
1151 2476 1293 2503 omnes
1325 2468 1581 2516 acceperunt.
1629 2459 1720 2515 Ap-

361 2524 474 2577 pium
505 2539 557 2565 ex
588 2525 840 2566 conscientia
871 2540 946 2566 sua
977 2525 1099 2566 credo
1136 2524 1319 2565 animum
1355 2523 1570 2573 habuisse,
1607 2522 1718 2564 haud

362 2585 550 2627 inmerito
580 2587 748 2636 iratum,
783 2587 817 2629 si
847 2587 947 2628 nihil
980 2587 1218 2642 scripserat,
1255 2585 1457 2627 inliberali
1487 2592 1527 2627 et
1556 2585 1717 2640 ingrato

300 2659 334 2686 ιι
363 2647 517 2697 animo,
551 2649 584 2690 si
617 2656 785 2705 eguerat
818 2664 913 2704 ope,
946 2649 1286 2691 dissimulantem.
1340 2648 1410 2689 vix
1441 2648 1549 2689 enim
1586 2646 1716 2688 salute
