1780 3204
410 216 563 251 LIBER
586 215 716 261 VIIII,
740 215 795 250 43.
813 216 867 250 44.
895 218 943 260 [a.
958 215 998 252 C.
1011 215 1087 250 306.
1101 215 1183 259 305]
1394 205 1472 247 491

127 319 292 375 publiea
321 320 489 374 inpensa
516 319 661 361 factae.
711 326 750 360 et
775 334 868 360 cum
895 317 1305 373 Carthaginiensibus
1332 318 1474 359 eodem
1500 333 1542 361 26

128 397 234 422 anno
259 381 404 423 foedus
431 382 547 422 tertio
571 387 811 423 renovatum
836 381 1063 436 legatisque
1090 396 1242 430 eorum,
1263 381 1333 434 qui
1359 381 1410 421 ad
1434 381 1476 421 id

128 450 333 492 venerant,
361 443 529 483 comiter
553 458 723 484 munera
748 443 886 483 missa.

212 505 509 545 XLKXIHI.
557 505 814 546 Dictatorem
838 505 947 545 idem
972 519 1102 545 annus
1128 503 1272 544 habuit
1296 503 1345 544 P.
1374 502 1477 544 Cor-

128 566 282 606 nelium
309 565 547 620 Scipionem
572 581 665 607 cum
691 566 886 621 magistro
913 566 1095 619 equitum
1120 565 1168 606 P.
1188 565 1322 606 Decio
1341 564 1475 605 Mure.

128 627 179 667 ab
199 628 275 676 his,
296 634 461 682 propter
479 642 583 681 quae
604 629 726 668 creati
746 635 871 677 erant,
894 627 1057 668 comitia
1075 627 1305 668 consularia
1324 627 1475 676 habita,

128 689 223 741 quia
247 696 389 729 neuter
413 689 627 729 consulum
653 696 869 743 potuerant
893 689 1000 730 bello
1025 688 1183 729 abesse.
1233 689 1357 729 creati
1382 703 1478 729 con-

129 750 238 790 sules
263 750 316 790 L.
343 750 599 799 Postumius,
627 750 690 790 Ti.
710 750 934 791 Minucius.
983 750 1058 791 hos
1085 750 1273 790 consules
1298 750 1398 790 Piso
1425 749 1476 802 Q.

126 811 257 853 Fabio
289 819 328 852 ct
357 811 405 852 P.
431 811 565 852 Decio
598 812 782 867 suggerit
814 812 977 853 biennio
1003 818 1211 865 exempto,
1243 826 1324 864 quo
1351 810 1477 852 Clau-

130 873 243 913 dium
268 873 620 926 Volumniumque
646 881 685 914 et
711 873 947 914 Cornelium
978 888 1070 914 cum
1096 873 1255 913 Marcio
1287 873 1476 913 consules

127 934 258 975 factos
292 935 543 976 tradidimus.
592 936 839 976 memoriane
870 935 1022 990 fugerit
1052 936 1093 975 in
1118 935 1332 976 annalibus
1364 935 1477 990 dige-

126 996 263 1036 rendis
290 1012 341 1036 an
367 996 552 1037 consulto
578 996 695 1037 binos
722 997 931 1046 consules,
958 996 1085 1037 falsos
1112 1003 1242 1045 ratus,
1269 1002 1478 1037 transcen-

126 1057 240 1106 derit,
267 1058 465 1098 incertum
491 1065 564 1098 est.

209 1119 369 1159 Eodem
395 1134 502 1159 anno
527 1119 567 1159 in
594 1134 784 1173 campum
802 1117 1014 1159 Stellatem
1034 1118 1122 1173 agri
1138 1118 1342 1172 Campani
1357 1116 1478 1159 Sam-

126 1180 269 1220 nitium
294 1181 548 1221 incursiones
575 1180 720 1220 factae.
769 1180 908 1232 itaque
933 1179 1054 1220 ambo
1080 1179 1269 1220 consules
1293 1179 1336 1219 in
1357 1178 1477 1219 Sam-
1516 1196 1520 1202 ·

125 1242 237 1281 nium
263 1242 391 1282 missi.
442 1256 535 1282 cum
561 1242 744 1282 diversas
770 1241 971 1296 regiones,
988 1241 1203 1281 Tifernum
1223 1240 1475 1290 Postumius,

124 1303 356 1343 Bovianum
382 1302 592 1344 Minucius
617 1303 800 1356 petisset,
826 1302 1017 1343 Postumi
1041 1303 1154 1356 prius
1180 1303 1306 1343 ductu
1331 1303 1383 1343 ad
1407 1302 1479 1342 Ti-

124 1364 284 1404 fernum
314 1371 556 1419 pugnatum.
611 1365 680 1405 alii
715 1364 826 1405 haud
862 1364 985 1405 dubie
1020 1363 1226 1406 Samnites
1263 1365 1393 1405 victos
1431 1379 1478 1405 ac

123 1426 269 1480 viginti
305 1426 418 1467 milia
452 1426 667 1467 hominum
703 1433 822 1481 capta
857 1427 1040 1476 tradunt,
1074 1427 1141 1467 alii
1171 1426 1308 1467 Marte
1344 1441 1475 1480 aequo

125 1487 353 1528 discessum
379 1494 418 1528 et
437 1487 699 1528 Postumium
724 1495 880 1529 metum
906 1488 1166 1529 simulantem
1191 1494 1389 1528 nocturno
1414 1488 1478 1528 iti-

123 1563 218 1589 nere
238 1549 343 1589 clam
367 1550 409 1589 in
433 1557 593 1590 montes
620 1551 757 1604 copias
784 1549 1020 1598 abduxisse,
1046 1550 1187 1590 hostes
1213 1556 1375 1590 secutos
1396 1550 1477 1589 duo

124 1611 235 1651 milia
270 1611 364 1651 inde
400 1611 500 1652 locis
536 1612 704 1652 munitis
741 1618 780 1652 ct
815 1612 928 1666 ipsos
960 1611 1209 1652 consedisse.
1259 1611 1402 1651 consul
1434 1620 1478 1651 ut

125 1673 272 1713 stativa
297 1679 383 1713 tuta
408 1673 721 1727 copiosaque—
736 1680 776 1713 et
800 1673 856 1714 ita
881 1679 1062 1714 erant—
1080 1673 1233 1728 petisse
1259 1673 1475 1722 videretur,

123 1741 342 1788 postquam
368 1741 407 1774 et
432 1735 694 1775 munimentis
720 1741 855 1775 castra
878 1735 1054 1776 firmavit
1079 1742 1118 1776 et
1143 1735 1254 1775 omni
1279 1742 1478 1789 apparatu

123 1811 260 1836 rerum
284 1795 445 1836 utilium
468 1795 679 1845 instruxit,
710 1796 851 1836 relicto
881 1796 999 1837 firmo
1029 1796 1234 1850 praesidio
1261 1797 1310 1837 de
1336 1797 1477 1851 vigilia

124 1857 242 1898 tertia
266 1871 347 1910 qua
372 1857 466 1897 duci
495 1858 681 1911 proxime
706 1864 842 1911 potest
867 1858 1078 1912 expeditas
1110 1858 1292 1913 legiones
1319 1859 1371 1899 ad
1396 1858 1478 1899 col-

123 1919 259 1973 legam
281 1925 319 1958 et
338 1919 473 1972 ipsum
493 1919 690 1959 adversus
711 1919 812 1960 alios
833 1920 1044 1960 sedentem
1064 1920 1187 1960 ducit.
1230 1919 1287 1961 ibi
1311 1927 1476 1961 auctore

124 1980 340 2021 Postumio
366 1980 578 2021 Minucius
611 1995 704 2021 cum
734 1981 923 2022 hostibus
956 1982 1075 2036 signa
1106 1982 1281 2031 confert,
1314 1989 1353 2023 et
1382 1997 1476 2023 cum

126 2057 276 2096 anceps
303 2042 505 2096 proelium
530 2043 571 2082 in
596 2043 771 2083 multum
796 2043 876 2083 diei
901 2043 1189 2097 processisset,
1217 2051 1304 2084 tum
1327 2043 1478 2085 Postu-

125 2105 231 2145 mius
263 2104 432 2158 integris
463 2104 695 2159 legionibus
722 2104 928 2146 defessam
953 2105 1035 2146 iam
1061 2106 1191 2147 aciem
1215 2106 1393 2147 hostium
1418 2107 1478 2147 in-

124 2166 291 2221 proviso
320 2166 487 2206 invadit.
535 2166 672 2219 itaque
704 2181 795 2206 cum
827 2167 1026 2208 lassitudo
1057 2182 1105 2208 ac
1135 2168 1304 2208 vulnera
1333 2168 1476 2223 fugam
1526 2189 1531 2195 ·

126 2243 289 2281 quoque
313 2229 634 2282 praepedissent,
656 2229 864 2269 occidione
884 2230 1008 2270 occisi
1032 2230 1184 2279 hostes,
1207 2230 1326 2285 signa
1349 2245 1477 2271 unum

127 2296 166 2330 et
190 2290 335 2344 viginti
365 2297 484 2344 capta
513 2298 634 2344 atque
664 2291 759 2332 inde
784 2292 837 2332 ad
861 2298 995 2332 castra
1019 2291 1208 2333 Postumi
1232 2299 1475 2346 perrectum.

126 2351 182 2392 ibi
218 2352 299 2392 duo
335 2352 509 2392 victores
547 2353 748 2394 exercitus
783 2353 1018 2407 perculsum
1053 2354 1135 2394 iam
1170 2353 1282 2394 fama
1316 2353 1477 2394 hostem

127 2412 256 2453 adorti
292 2412 470 2453 fundunt
500 2413 747 2468 fugantque:
786 2415 904 2469 signa
934 2415 1124 2455 militaria
1160 2430 1233 2455 sex
1263 2422 1302 2456 et
1333 2415 1477 2470 viginti

127 2481 246 2528 capta
282 2482 321 2514 et
357 2475 577 2529 imperator
615 2474 862 2517 Samnitium
894 2475 1051 2518 Statius
1084 2475 1243 2518 Gellius
1279 2478 1477 2531 multique

127 2536 195 2576 alii
219 2536 410 2578 mortales
436 2544 476 2578 et
500 2545 633 2579 castra
662 2545 832 2592 utraque
864 2546 993 2593 capta.
1043 2546 1083 2580 et
1107 2540 1339 2580 Bovianum
1365 2540 1475 2590 urbs,

126 2604 291 2653 postero
322 2599 386 2640 die
418 2607 562 2655 coepta
598 2602 845 2656 oppugnari,
882 2601 997 2642 brevi
1033 2603 1208 2656 capitur,
1246 2617 1477 2657 magnaque

125 2660 257 2716 gloria
280 2677 415 2703 rerum
441 2670 651 2718 gestarum
676 2664 865 2705 eonsules
891 2665 1202 2719 triumpharunt.
1245 2665 1476 2707 Minucium

1505 519 1517 546 l

1503 641 1521 659 ἢ

1504 762 1522 791 3

1503 948 1522 976 4

1504 1198 1521 1223 (J

1506 1380 1520 1408 7

1501 1442 1519 1469 S

1507 1812 1544 1840 10

1505 1935 1538 1964 11

1509 2368 1544 2397 13

1506 2554 1543 2582 14

1507 2680 1543 2708 ls)
