1835 3226
350 184 433 224 510
655 189 809 223 LIBER
833 189 888 232 X,
915 189 966 221 15.
990 190 1042 222 16.
1070 191 1167 232 [a.u.
1184 188 1399 233 affixas]

304 308 322 339 9
350 295 401 348 Q.
428 293 558 334 Fabio
589 291 802 333 consulem
827 291 1021 332 dicerent.
1070 290 1227 332 Fabius
1258 291 1389 345 primo
1415 291 1466 332 de
1491 306 1535 333 se
1561 293 1705 334 eadem

348 356 433 396 fere
459 368 564 407 quae
594 353 728 408 priore
754 367 860 393 anno
886 352 1061 394 dicendo
1087 352 1280 394 abnuere.
1330 353 1595 394 circumstare
1627 355 1706 395 sel-

346 417 428 457 lam
454 415 586 456 onmis
611 414 821 464 nobilitas,
855 429 988 464 orare,
1020 422 1065 455 ut
1090 430 1141 456 ex
1166 430 1294 456 caeno
1324 415 1486 470 plebeio
1517 416 1706 457 consula-

348 485 434 519 tum
461 476 691 518 extraheret
721 477 1060 531 maiestatemque
1091 477 1305 531 pristinam
1331 492 1424 518 cum
1450 477 1594 518 honori
1618 484 1704 518 tum

285 554 323 583 ιο
347 540 527 595 patriciis
558 537 752 594 gentibus
789 539 989 580 redderet.
1043 539 1199 580 Fabius
1231 539 1392 591 silentio
1423 539 1533 580 facto
1570 540 1706 580 media

348 601 531 643 oratione
557 601 693 642 studia
716 601 930 642 hominum
956 601 1133 642 sedavit:
1159 601 1364 642 facturum
1384 602 1492 642 enim
1512 616 1555 642 sc
1575 601 1705 643 fuisse

347 664 467 713 dixit,
499 670 542 704 ut
569 663 743 704 duorum
773 664 1037 718 patriciorum
1067 664 1235 705 uomina
1264 664 1481 719 reciperet,
1515 664 1549 705 si
1579 664 1704 705 alium

283 742 319 770 11
348 741 472 781 quam
505 740 548 766 se
579 725 792 767 consulem
821 726 910 767 fieri
934 726 1109 776 videret3
1146 741 1256 767 nunc
1281 741 1324 768 se
1358 742 1476 768 suam
1506 726 1706 767 rationem

349 788 543 836 comitiis,
572 802 666 828 cum
690 794 832 829 eontra
855 788 970 843 leges
997 788 1182 829 futurum
1209 789 1279 838 sit,
1311 789 1492 843 pessimo
1517 788 1705 843 exemplo

282 866 321 895 12
348 865 430 891 non
454 849 704 890 habiturum.
741 850 798 891 ita
810 849 1123 892 L.Volumnius
1148 851 1199 892 de
1222 850 1343 906 plebe
1368 866 1461 892 eum
1481 850 1564 905 Ap.
1582 850 1707 892 Clau-

346 913 414 954 dio
439 912 582 954 consul
608 920 670 954 est
693 912 847 963 factus,
879 913 1014 968 priore
1044 914 1141 954 item
1167 913 1382 955 consulatu
1413 914 1518 954 inter
1543 928 1586 954 se
1612 928 1706 955 con-

346 975 489 1030 parati.
538 974 730 1016 nobilitas
757 974 962 1016 obiectare
992 975 1137 1025 Fabio,
1163 975 1324 1031 fugisse
1349 990 1444 1016 eum
1470 974 1552 1030 Ap.
1581 974 1706 1016 Clau-

347 1039 460 1078 dium
486 1038 687 1093 collegam
713 1037 945 1092 eloquentia
970 1037 1241 1091 civilibusque
1267 1038 1422 1079 artibus
1447 1037 1558 1078 haud
1583 1037 1705 1078 dubie

345 1093 635 1154 praestantem.

303 1177 318 1206 1
430 1160 555 1202 XVI.
590 1160 779 1202 Comitiis
804 1161 998 1216 perfectis
1024 1169 1182 1203 veteres
1207 1161 1397 1203 consules
1424 1162 1526 1202 iussi
1550 1160 1704 1203 bellum

302 1238 320 1267 2
346 1223 388 1263 in
410 1221 581 1264 Samnio
601 1237 743 1277 gerere
768 1230 987 1278 prorogato
1006 1224 1047 1263 in
1068 1238 1140 1264 sex
1159 1238 1323 1264 menses
1347 1223 1530 1278 imperio.
1567 1223 1704 1276 itaque

346 1284 577 1337 insequenti
609 1299 772 1337 quoque
805 1300 913 1325 anno
938 1285 991 1326 L.
1019 1285 1263 1334 Volumnio,
1290 1284 1372 1340 Ap.
1402 1285 1577 1326 Claudio
1609 1299 1705 1326 con-

348 1347 505 1388 sulibus
526 1346 574 1387 P.
590 1346 760 1396 Decius,
787 1347 858 1400 qui
884 1347 1027 1388 consul
1052 1348 1093 1387 in
1115 1346 1284 1388 Samnio
1309 1347 1473 1388 relictus
1499 1363 1523 1388 a
1547 1347 1705 1401 collega

348 1410 500 1458 fuerat,
528 1409 747 1463 proconsul
772 1409 881 1450 idem
907 1409 1094 1464 populari
1118 1425 1200 1450 non
1225 1409 1377 1450 destitit
1405 1424 1545 1463 agros,
1573 1409 1703 1451 donc-c

351 1471 599 1513 Samnitium
632 1471 857 1511 exercitum
887 1486 1093 1524 nusquam
1125 1486 1167 1511 se
1198 1471 1352 1525 proelio
1383 1470 1701 1511 committentem

302 1549 320 1577 3
347 1539 554 1588 postremo
576 1532 732 1587 expulit
750 1532 915 1573 finibus.
940 1533 1150 1573 Etruriam
1171 1533 1279 1587 pulsi
1297 1533 1500 1587 petierunt
1520 1540 1571 1582 et,
1592 1531 1703 1586 quod

346 1594 621 1651 legationibus
652 1595 904 1648 nequiquam
936 1610 1059 1649 saepe
1089 1601 1407 1649 temptaverant,
1444 1595 1485 1635 id
1517 1610 1560 1636 se
1591 1601 1703 1635 tauto

347 1658 512 1713 agmine
538 1663 788 1698 armatorum
816 1657 955 1698 mixtis
982 1664 1133 1697 terrore
1158 1657 1349 1711 precibus
1375 1663 1538 1697 acturos
1565 1656 1704 1697 effica-

300 1735 320 1763 4
347 1721 432 1761 cius
453 1719 541 1769 rati,
563 1719 875 1774 postulaverunt
899 1719 1130 1773 principum
1144 1719 1335 1759 Etruriae
1355 1718 1585 1759 concilium.
1623 1733 1703 1771 quo

346 1789 501 1832 coacto,
528 1796 601 1837 per
625 1788 724 1836 quot
749 1796 878 1822 annos
904 1796 977 1836 pro
1004 1781 1189 1822 libertate
1215 1781 1410 1821 dimicent
1435 1795 1527 1822 cum
1552 1780 1705 1821 Roma-

346 1846 428 1894 nis,
462 1851 691 1899 exponunt:
729 1844 868 1885 omnia
893 1851 1084 1898 expertos
1116 1858 1226 1892 esse,
1261 1843 1295 1884 si
1321 1843 1491 1884 suismet
1521 1843 1705 1897 ipsorum

302 1922 320 1950 5
346 1907 502 1948 viribus
539 1906 711 1948 tolerare
748 1913 903 1947 tantam
940 1905 1092 1946 molem
1124 1905 1221 1946 belli
1256 1911 1445 1960 posseut3
1482 1911 1705 1959 temptasse

347 1970 470 2011 etiam
500 1968 612 2010 haud
642 1968 783 2024 magni
813 1968 1010 2009 momenti
1041 1968 1305 2008 finitimarum
1331 1968 1515 2022 gentium
1541 1966 1703 2008 auxilia.

345 2032 500 2087 petisse
536 2045 682 2086 pacem
718 2046 743 2071 a
777 2030 930 2085 populo
967 2030 1176 2079 Romano,
1215 2045 1308 2070 cum
1346 2029 1498 2070 bellum
1534 2028 1705 2070 tolerare

345 2110 427 2135 non
458 2099 646 2148 possent,
684 2092 926 2141 rebellasse,
964 2092 1075 2146 quod
1111 2107 1193 2146 pax
1231 2091 1503 2132 servientibus
1540 2091 1705 2146 gravior

302 2170 320 2200 6
346 2172 469 2210 quam
501 2156 639 2197 liberis
670 2155 824 2197 bellum
856 2162 976 2197 esset.
1026 2170 1150 2196 unam
1178 2155 1256 2196 sibi
1289 2169 1403 2209 spem
1434 2153 1634 2207 reliquam
1663 2153 1704 2194 in

345 2220 534 2261 Etruscis
576 2225 729 2260 restare
744 2234 754 2267 ;
805 2218 925 2267 scire,
963 2224 1127 2273 gentem
1164 2217 1309 2258 Italiae
1353 2216 1706 2271 opulentissimam

346 2282 489 2331 armis,
521 2281 638 2330 viris,
670 2280 845 2335 pecunia
875 2294 985 2329 esse3
1023 2279 1174 2320 habere
1205 2279 1365 2320 accolas
1400 2277 1564 2328 Gallos,
1600 2278 1706 2318 inter

346 2344 501 2385 ferrum
532 2351 571 2384 et
602 2359 715 2384 arma
745 2350 883 2391 natos,
921 2342 1080 2382 feroces
1118 2356 1211 2382 cum
1248 2347 1393 2395 suopte
1423 2340 1588 2395 ingenio
1620 2346 1704 2380 tum

346 2407 545 2448 adversus
571 2406 795 2454 Romanos,
822 2405 1039 2459 populum,
1067 2418 1188 2457 quem
1216 2410 1381 2458 captum
1406 2418 1430 2444 a
1455 2417 1499 2444 se
1525 2416 1704 2456 auroque

304 2482 320 2511 7
347 2470 617 2524 redemptum,
643 2468 756 2509 haud
775 2483 882 2508 vana
905 2467 1116 2515 iactantes,
1143 2472 1382 2507 memorent.
1418 2465 1519 2506 nihil
1544 2464 1702 2513 abesse,

349 2532 383 2572 si
408 2532 460 2573 sit
485 2532 645 2572 animus
665 2530 856 2572 Etruscis
881 2530 952 2583 qui
976 2529 1204 2570 Porsinnae
1230 2528 1438 2582 quondam
1463 2526 1706 2567 maioribus·

350 2607 429 2646 que
460 2609 599 2635 eorum
631 2593 772 2642 fuerit,
805 2592 915 2646 quin·
929 2591 1141 2633 Romanos
1172 2591 1283 2632 omni
1313 2605 1413 2645 agro
1439 2589 1496 2630 cis
1523 2588 1705 2629 Tiberim

349 2655 489 2708 pulsos
515 2656 708 2696 dimicare
733 2669 807 2710 pro
834 2653 965 2695 salute
992 2668 1079 2703 sua,
1105 2667 1187 2694 non
1214 2653 1263 2693 de
1289 2651 1543 2693 intolerando
1563 2649 1704 2692 ltaliae
