1780 3204
476 237 631 273 LIBER
655 238 729 280 111,
757 238 810 273 70.
830 239 882 272 71.
911 239 960 283 [a.
978 236 1016 273 C.
1030 238 1113 282 446]
1391 230 1469 271 19].

111 346 151 386 vi
182 344 437 400 perficerent.
492 357 567 384 nec
599 343 744 398 fugare
777 342 956 395 equitem
986 342 1192 397 integrum
1229 342 1328 383 satis
1360 356 1470 384 esse:

110 407 357 448 conficerent
387 420 515 459 equos
546 405 757 458 virosque,
796 419 846 445 ne
878 404 970 458 quis
1000 404 1264 445 reveheretur
1293 404 1387 445 inde
1419 405 1472 446 ad

109 469 310 524 proelium
335 474 405 509 aut
429 468 651 522 integraret
674 481 870 522 pugnam.
908 481 990 507 non
1014 481 1138 521 posse
1163 465 1254 507 illos
1279 466 1470 508 resistere

110 531 200 579 sibi,
227 530 376 584 quibus
403 529 587 571 conferta
610 529 794 584 peditum
820 529 928 570 acies
955 529 1160 570 cessisset.
1198 529 1310 570 haud
1336 530 1470 571 surdis

110 592 277 634 auribus
308 592 429 632 dicta.
478 591 734 646 inpressione
765 606 849 632 una
886 598 1017 632 totum
1055 591 1282 645 equitatum
1312 591 1469 642 fudere,

110 670 303 710 magnam
327 655 412 695 vim
437 669 488 695 ex
513 654 630 707 equis
655 653 990 708 praecipitavere,
1016 654 1130 708 ipsos
1157 669 1367 708 equosque
1388 655 1472 709 spi-

109 717 212 758 culis
233 716 465 758 confodere.
503 716 538 757 is
558 716 652 756 finis
675 730 840 771 pugnae
865 716 1066 769 equestris
1092 716 1182 757 fuit.
1221 723 1319 757 tunc
1339 717 1471 758 adorti

109 779 293 834 peditum
318 779 449 819 aciem
474 778 639 819 nuntios
665 779 718 818 ad
744 778 935 819 consules
955 779 1015 819 rei
1032 786 1175 834 gestae
1195 779 1373 829 mittunt,
1400 780 1472 821 ubi

109 842 190 882 iam
215 840 486 882 inclinabatur
509 840 689 881 hostium
714 840 836 881 acies.
873 841 1042 881 nuntius
1068 840 1215 882 deinde
1241 848 1281 882 et
1304 842 1471 882 vincen-

109 903 218 944 tibus
238 903 438 944 Romanis
464 903 623 943 animos
649 902 766 943 auxit
790 908 830 943 et
854 902 1078 944 referentes
1098 903 1273 958 gradum
1297 904 1471 958 perculit

109 966 293 1019 Aequos.
342 965 384 1005 in
409 965 545 1006 media
568 965 746 1019 primum
772 965 858 1005 acie
884 965 993 1005 vinci
1019 966 1166 1020 coepti,
1192 981 1273 1020 qua
1298 967 1471 1021 permis-

109 1043 179 1069 sus
205 1028 409 1081 equitatus
435 1027 672 1069 turbaverat
696 1027 873 1068 ordines.
924 1027 1134 1070 sinistrum
1166 1028 1314 1069 deinde
1341 1043 1468 1069 cornu

108 1089 160 1131 ab
193 1089 388 1142 Quinctio
419 1089 588 1130 consule
618 1089 716 1143 pelli
748 1096 954 1143 coeptum.
1003 1089 1046 1129 in
1071 1089 1216 1130 dextro
1247 1090 1470 1144 plurimum

108 1151 260 1193 laboris
296 1151 386 1192 fuit.
436 1151 493 1192 ibi
528 1150 738 1206 Agrippa,
776 1157 910 1191 aetate
946 1150 1185 1204 viribusque
1223 1151 1340 1192 ferox
1375 1166 1470 1192 eum

108 1213 219 1254 omni
242 1219 357 1268 parte
381 1227 546 1267 pugnae
571 1213 717 1252 melius
743 1227 831 1252 rem
855 1212 943 1266 geri
962 1226 1086 1265 quam
1107 1212 1218 1266 apud
1237 1227 1281 1253 se
1300 1213 1469 1263 videret,

108 1283 276 1329 accepta
306 1275 425 1329 signa
455 1273 506 1314 ab
539 1274 747 1328 signiferis
773 1273 862 1328 ipse
893 1273 1062 1323 inferre,
1101 1275 1306 1327 quaedam
1336 1275 1469 1316 iacere

107 1337 230 1377 ctiam
254 1336 296 1376 in
321 1335 528 1376 confertos
560 1335 700 1376 hostes
733 1336 886 1390 coepit3
925 1335 1042 1376 euius
1074 1335 1325 1391 ignominiae
1356 1344 1469 1378 metu

107 1398 299 1439 concitati
329 1397 480 1438 milites
516 1397 705 1438 invasere
740 1397 916 1439 hostem.
965 1398 1023 1439 ita
1059 1405 1235 1452 aequata
1271 1414 1322 1439 cx
1358 1400 1470 1441 omni

102 1467 219 1515 parte
245 1459 414 1500 victoria
439 1466 512 1501 est.
550 1459 719 1501 nuntius
746 1466 834 1500 tum
859 1475 883 1500 a
904 1458 1100 1512 Quinctio
1120 1461 1243 1510 venit,
1271 1461 1469 1502 victorem

103 1522 185 1562 iam
200 1535 243 1562 se
257 1521 470 1562 imminere
483 1521 665 1562 hostium
685 1521 842 1571 castris,
870 1522 978 1563 nolle
992 1522 1225 1577 inrumpere
1246 1530 1469 1576 antequam

105 1584 218 1634 sciat,
245 1583 494 1625 debellatum
519 1593 559 1625 et
576 1584 618 1625 in
645 1584 809 1625 sinistro
835 1599 962 1626 cornu
987 1599 1099 1626 esse:
1127 1585 1162 1625 si
1186 1585 1268 1626 iam
1293 1585 1471 1627 fudisset

105 1646 264 1696 hostes,
303 1646 507 1688 conferret
538 1647 591 1687 ad
623 1661 666 1688 se
699 1646 837 1702 signa,
875 1653 921 1687 ut
952 1647 1075 1688 simul
1106 1647 1238 1688 omnis
1265 1648 1468 1690 exercitus

104 1708 259 1762 praeda
282 1708 492 1762 potiretur.
535 1708 666 1749 victor
689 1707 881 1763 Agrippa
907 1723 1002 1749 cum
1026 1716 1170 1749 mutua
1194 1709 1468 1764 gratulatione

106 1770 159 1810 ad
183 1771 378 1811 victorem
403 1771 605 1825 collegam
630 1778 846 1823 castraque
871 1771 1053 1811 hostium
1078 1771 1203 1812 venit.
1241 1770 1298 1811 ibi
1323 1772 1466 1825 paucis

107 1831 423 1872 defendentibus
449 1839 740 1885 momentoque
772 1832 877 1873 fusis
904 1833 991 1873 sine
1023 1833 1243 1873 certamine
1267 1833 1310 1872 in
1334 1834 1467 1874 muni-

108 1893 239 1934 tiones
263 1893 504 1947 inrumpunt
528 1894 764 1948 praedaque
794 1894 953 1948 ingenti
984 1902 1201 1948 conpotem
1227 1896 1465 1945 exercitum,

108 1955 193 1996 suis
225 1955 349 1995 etiam
373 1955 497 1996 rebus
522 1955 792 2009 recuperatis,
830 1970 934 2008 quae
971 1956 1235 2010 populatione
1274 1972 1466 2012 agrorum

107 2017 284 2058 amissae
310 2024 436 2066 erant,
462 2017 676 2057 reducunt.
715 2017 967 2071 triumphum
992 2033 1068 2059 nec
1091 2018 1205 2073 ipsos
1230 2019 1465 2073 postulasse

107 2093 182 2120 nec
207 2079 387 2119 delatum
407 2079 456 2119 iis
477 2078 528 2120 ab
550 2086 695 2119 senatu
713 2079 882 2133 accipio,
909 2094 985 2120 nec
1004 2080 1177 2121 traditur
1195 2095 1321 2122 causa
1341 2082 1467 2136 spreti

106 2149 176 2182 aut
200 2156 282 2182 non
308 2141 459 2196 sperati
483 2140 662 2182 honoris.
712 2155 790 2196 ego
815 2148 1014 2195 quantum
1039 2142 1082 2182 in
1106 2149 1219 2184 tanto
1250 2143 1464 2185 intervallo

106 2211 336 2257 temporum
362 2203 530 2252 conicio,
557 2217 651 2243 eum
670 2202 838 2244 Valerio
863 2210 986 2257 atque
1010 2203 1187 2245 Horatio
1213 2205 1464 2255 consulibus,

105 2265 176 2318 qui
200 2271 360 2319 praeter
383 2264 559 2306 Volscos
586 2272 625 2306 et
648 2264 821 2319 Aequos
849 2264 994 2307 Sabini
1020 2266 1141 2307 etiam
1173 2266 1270 2307 belli
1293 2268 1466 2322 perfecti

105 2327 277 2381 gloriam
307 2334 568 2382 pepererant,
606 2335 781 2383 negatus
813 2327 865 2369 ab
897 2335 1043 2369 senatu
1075 2329 1307 2384 triumphus
1339 2336 1461 2380 esset,

105 2389 376 2430 verecundiae
401 2389 479 2430 fuit
502 2404 576 2444 pro
607 2397 723 2444 parte
754 2390 924 2431 dimidia
953 2403 1090 2432 rerum
1121 2391 1360 2433 consulibus
1391 2407 1463 2447 pe-

106 2459 189 2492 tere
215 2452 484 2506 triumphum,
516 2467 586 2502 ne,
619 2453 741 2494 etiam
767 2453 801 2494 si
826 2454 1135 2508 impetrassent,
1172 2454 1305 2509 magis
1330 2454 1462 2496 homi-

106 2528 202 2553 num
227 2513 329 2554 ratio
355 2529 478 2568 quam
504 2515 742 2556 meritorum
765 2515 906 2556 habita
930 2515 1148 2556 videretur.

1500 356 1517 384 (J

1498 544 1515 572 7

1495 730 1515 760 8

1498 1352 1531 1380 11

1497 1601 1536 1630 12

1497 1724 1535 1753 13

1494 2034 1534 2064 14

1493 2159 1532 2188 15

188 2575 361 2617 LXXI.
394 2576 620 2618 Victoriam
646 2577 863 2618 honestam
883 2592 935 2618 ex
954 2577 1142 2619 hostibus
1162 2585 1322 2632 partam
1342 2587 1459 2634 turpe
1488 2594 1502 2622 1

103 2637 214 2677 domi
233 2638 283 2678 de
302 2636 452 2680 finibus
473 2639 675 2680 sociorum
693 2639 890 2681 iudicium
908 2639 1052 2695 populi
1070 2640 1328 2682 deformavit.
1363 2640 1461 2682 Ari-

104 2698 182 2738 cini
219 2706 341 2753 atque
372 2699 578 2742 Ardeates
617 2701 668 2743 de
707 2701 903 2757 ambiguo
935 2717 1034 2757 agro
1066 2717 1160 2743 cum
1193 2709 1316 2757 saepe
1353 2702 1458 2745 bello

1490 2656 1507 2675 ·)
