1780 3204
438 277 592 313 LIBER
610 278 655 322 V,
682 277 825 312 28—30.
854 278 901 320 [a.
917 274 1140 318 oaorem]
1377 263 1454 304 281

108 392 189 426 tate
214 385 368 425 litterae
395 398 419 424 a
441 381 658 424 Postumio
682 380 887 422 laureatae
913 385 1122 428 secuntur,
1155 377 1365 418 victoriam
1390 391 1462 431 po-

107 447 193 502 puli
216 445 395 488 Romani
419 459 522 493 esse,
549 443 791 497 Aequorum
816 442 1040 483 exercitum
1065 440 1257 481 deletum.

194 506 440 550 XXVIIII.
489 505 766 547 Tribunorum
791 503 923 559 plebis
949 504 1129 544 actiones
1161 503 1258 556 quia
1281 501 1462 542 nondum
1492 516 1502 543 1

107 571 346 612 invenerant
375 570 516 618 finem,
555 574 594 608 et
622 566 740 622 plebs
773 567 1009 607 continuare
1034 565 1233 606 latoribus
1264 564 1368 619 legis
1383 563 1462 611 ,tri-

108 634 306 675 bunatum
331 639 372 674 et
394 639 529 687 patres
554 630 720 671 reficere
744 629 1035 670 intercessores
1060 628 1164 683 legis
1196 627 1329 668 adnisi
1355 631 1461 667 sunt.

109 697 182 738 sed
212 696 306 751 plus
338 695 423 737 suis
456 693 630 735 comitiis
660 692 779 747 plebs
810 692 950 732 valuit.
1012 705 1135 745 quem
1171 690 1354 731 dolorem
1390 688 1463 729 ulti
1489 699 1506 728 2

107 765 243 814 patres
276 763 371 799 sunt
401 762 566 798 senatus
598 754 783 796 consulto
814 754 942 803 facto,
979 762 1025 794 ut
1061 752 1269 802 consules,
1306 751 1463 792 invisus

106 819 218 875 plebi
242 819 524 874 magistratus,
552 822 795 858 crearentur.
851 831 1002 856 annum
1027 820 1121 870 post
1145 814 1332 868 quintum
1357 813 1465 854 deei-

108 897 221 922 mum
248 881 374 922 creati
398 879 588 921 consules
613 879 666 919 L.
692 878 914 919 Lucretius
939 877 1108 926 Flavus,
1137 875 1226 918 Ser.
1255 874 1463 930 Sulpicius

109 942 368 984 Camerinus.

191 1004 400 1059 Principio
424 1003 546 1044 huius
573 1003 668 1043 anni
698 1002 905 1051 ferociter,
932 1001 1029 1054 quia
1058 1015 1178 1041 nemo
1209 1014 1260 1040 ex
1291 999 1463 1055 collegio
1489 1010 1507 1037 3

106 1066 404 1107 intercessurus
431 1072 533 1113 erat,
567 1064 714 1105 coortis
741 1064 794 1104 ad
816 1063 1105 1118 perferendam
1129 1062 1265 1116 legem
1290 1061 1462 1102 tribunis

107 1127 241 1182 plebis
272 1142 347 1168 nec
379 1126 546 1182 segnius
579 1126 631 1167 ob
656 1126 699 1166 id
734 1126 872 1179 ipsum
902 1123 1140 1165 consulibus
1176 1123 1462 1163 resistentibus

107 1190 299 1242 omnique
325 1189 487 1229 civitate
512 1188 554 1228 in
578 1203 702 1228 unam
728 1201 819 1227 eam
844 1201 985 1227 curam
1010 1199 1226 1232 conversa,
1254 1183 1464 1224 Vitelliam

107 1251 307 1292 coloniam
330 1251 562 1291 Romanam
586 1249 628 1289 in
654 1263 728 1289 suo
754 1262 854 1302 agro
879 1246 1020 1300 Aequi
1045 1252 1298 1301 expugnant.
1354 1246 1463 1287 colo·
1489 1263 1507 1290 4

105 1327 250 1353 norum
273 1327 368 1366 pars
392 1311 573 1351 maxima
597 1310 834 1359 incolumis,
868 1309 964 1362 quia
988 1315 1107 1349 nocte
1132 1307 1364 1362 proditione
1389 1322 1462 1363 op-

104 1374 247 1428 pidum
278 1379 443 1427 captum
472 1372 644 1413 liberam
674 1386 747 1426 per
777 1386 925 1412 aversa
956 1370 1068 1412 urbis
1099 1370 1244 1426 fugam
1281 1371 1461 1421 dederat,

105 1435 283 1476 Romam
324 1434 555 1490 perfugere.
622 1434 676 1475 L.
719 1434 919 1475 Lucretio
961 1433 1121 1474 consuli
1164 1448 1212 1474 ea
1252 1434 1463 1488 provincia
1489 1448 1507 1476 5

105 1498 250 1539 evenit.
288 1497 322 1538 is
349 1511 442 1538 cum
464 1496 645 1537 exercitu
668 1496 878 1550 profectus
906 1496 992 1537 acie
1012 1495 1152 1536 hostes
1173 1495 1299 1536 xineit
1318 1496 1464 1537 victor-

106 1573 185 1613 que
210 1559 388 1600 Romam
413 1559 465 1599 ad
490 1558 623 1599 maius
649 1558 859 1611 aliquanto
886 1564 1094 1598 certamen
1117 1557 1234 1598 redit.

188 1621 293 1662 Dies
319 1621 428 1662 dicta
453 1628 538 1662 erat
563 1620 736 1661 tribunis
761 1619 873 1674 plebi
891 1619 1031 1660 bienni
1052 1619 1274 1674 superioris
1293 1618 1462 1660 A.Ver-
1489 1633 1505 1662 6

105 1683 216 1739 ginio
242 1689 282 1724 et
306 1682 359 1736 Q.
384 1682 634 1737 Pomponio,
673 1696 776 1735 quos
802 1681 969 1722 defendi
992 1688 1156 1735 patrum
1181 1695 1386 1722 consensu
1411 1681 1463 1721 ad

105 1745 229 1786 fidem
260 1751 426 1786 senatus
456 1744 704 1799 pertinebat:
742 1758 877 1796 neque
903 1743 1012 1783 enim
1043 1757 1112 1783 eos
1145 1749 1215 1783 aut
1245 1742 1353 1782 vitae
1378 1742 1461 1782 ullo

107 1807 274 1847 crimine
289 1806 368 1846 alio
383 1812 452 1846 aut
465 1806 572 1861 gesti
591 1805 856 1860 magistratus
876 1805 1095 1858 quisquam
1109 1803 1320 1859 arguebat,
1344 1818 1462 1857 prae-

107 1875 292 1921 terquam
324 1868 437 1920 quod
461 1867 739 1922 gratificantes
770 1866 955 1921 patribus
987 1866 1191 1920 rogationi
1222 1865 1462 1906 tribuniciae

106 1929 445 1970 intercessissent.
493 1929 591 1969 vicit
614 1935 754 1969 tamen
777 1928 953 1983 gratiam
980 1936 1146 1968 senatus
1178 1927 1311 1981 plebis
1336 1927 1397 1968 ira
1421 1934 1461 1968 et
1488 1941 1504 1969 7

106 1991 287 2047 pessimo
313 1990 501 2044 exemplo
532 1990 688 2030 innoxii
719 1990 835 2030 denis
867 1989 1034 2030 milibus
1065 1989 1204 2044 gravis
1237 1989 1341 2029 aeris
1367 2003 1464 2029 con-

108 2053 288 2094 demnati
314 2060 419 2092 sunt.
456 2052 499 2092 id
523 2066 644 2106 aegre
669 2051 783 2106 passi
807 2057 956 2105 patres.
996 2049 1196 2091 Camillus
1216 2050 1354 2104 palam
1376 2065 1463 2091 see·
1488 2063 1507 2093 8

107 2115 201 2156 leris
227 2113 389 2170 plebem
415 2128 605 2168 arguere,
633 2128 736 2166 quae
761 2114 843 2153 iam
867 2113 910 2152 in
936 2127 1032 2153 suos
1058 2126 1179 2152 versa
1201 2127 1284 2152 non
1307 2111 1475 2157 intelle<

107 2184 234 2232 geret,
262 2191 304 2217 se
318 2191 445 2230 pravo
458 2175 607 2216 iudicio
621 2176 671 2216 de
686 2174 858 2216 tribunis
877 2174 1213 2215 intercessionem
1233 2173 1461 2223 sustulisse,

107 2241 399 2281 intercessione
414 2238 574 2280 sublata
587 2238 846 2280 tribuniciam
865 2244 1112 2292 potestatem
1131 2237 1340 2278 evertisse.
1366 2252 1462 2277 nam
1489 2253 1506 2279 9

109 2303 220 2356 quod
243 2302 301 2342 illi
327 2309 554 2356 sperarent,
587 2300 827 2342 effrenatam
851 2300 1058 2341 licentiam
1083 2300 1171 2340 eius
1196 2299 1462 2354 magistratus

108 2371 244 2418 patres
269 2363 436 2411 laturos,
462 2363 549 2404 falli
574 2377 658 2404 eos.
696 2363 731 2404 si
755 2362 971 2403 tribunicia
990 2362 1052 2403 vis
1073 2360 1290 2402 tribunicio
1311 2360 1462 2401 auxilio

108 2425 249 2480 repelli
272 2431 466 2478 nequeat,
494 2425 605 2466 aliud
630 2424 756 2465 telum
780 2431 917 2478 patres
942 2424 1180 2465 inventuros
1208 2437 1312 2464 esse.
1367 2437 1462 2464 con·
1490 2435 1529 2464 ιο

110 2488 302 2540 sulesque
326 2486 574 2541 increpabat,
602 2486 712 2540 quod
736 2486 816 2527 fide
841 2485 1008 2540 publiea
1032 2484 1168 2539 decipi
1186 2484 1370 2525 tribunos
1391 2498 1461 2525 eos

109 2550 220 2590 taciti
256 2549 462 2598 tulissent,
505 2549 575 2602 qui
618 2555 783 2589 senatus
820 2548 1103 2588 auctoritatem
1146 2547 1276 2588 secuti
1311 2553 1460 2587 essent.

108 2612 210 2652 haec
234 2611 447 2666 propalam
473 2610 827 2652 contionabundus
852 2610 894 2650 in
920 2610 1007 2651 dies
1032 2609 1164 2664 magis
1185 2608 1363 2664 augebat
1379 2608 1461 2649 iras

108 2673 333 2714 hominum.

192 2735 349 2776 XXX.
407 2734 606 2777 Senatum
637 2749 734 2776 vero
765 2735 933 2776 incitare
970 2734 1168 2776 adversus
1198 2733 1332 2789 legem
1362 2732 1460 2774 haut
1489 2747 1501 2775 1
