1835 3226
263 822 278 848 *1

245 1625 284 1654 10

243 1812 279 1840 ll

244 2122 280 2151 12

309 266 391 305 2οΟ
624 267 778 302 LIBER
804 267 897 310 IIII,
925 267 954 300 6.
976 267 1005 299 Τ.
1034 269 1082 309 [a.
1097 277 1130 300 u.
1146 277 1175 300 c.
1189 267 1265 300 309.
1286 268 1368 308 310]

307 375 467 416 interim
493 371 668 413 conubio
693 369 857 424 plebem
882 375 1067 423 paratam
1087 368 1252 409 dilectui
1271 368 1371 409 fore.
1410 383 1503 409 cum
1526 369 1664 411 Canu-

306 437 409 477 leius
440 433 611 475 victoria
641 433 691 472 de
721 431 906 486 patribus
939 438 979 471 et
1013 431 1146 486 plebis
1184 430 1324 471 favore
1360 430 1506 485 ingens
1543 439 1663 480 esset,

307 496 471 538 accensi
495 495 563 536 alii
588 493 740 534 tribuni
765 493 817 533 ad
842 498 1049 534 certamen
1074 507 1148 547 pro
1172 492 1386 547 rogatione
1412 507 1487 533 sua
1506 507 1665 533 summa

306 559 346 598 vi
370 562 574 612 pugnant,
602 562 641 596 et
666 561 874 596 crescente
899 555 941 595 in
965 555 1052 595 dies
1078 554 1190 595 fama
1213 554 1311 594 belli
1335 554 1529 594 dilectum
1553 554 1667 608 inpe-

272 636 280 663 ς
307 620 435 660 diunt.
485 617 696 666 consules,
729 631 823 657 cum
848 631 920 671 per
946 622 1135 657 senatum
1165 615 1512 656 intercedentibus
1539 615 1667 656 tribu-

306 682 368 722 nis
399 680 502 721 nihil
532 680 600 735 agi
630 684 789 734 posset,
827 678 999 719 consilia
1029 677 1260 733 principum
1297 677 1409 718 domi
1445 676 1665 718 habebant.

308 742 551 798 apparebat,
578 748 648 782 aut
672 740 861 782 hostibus
887 747 958 781 aut
984 739 1143 781 civibus
1169 740 1219 780 dc
1246 739 1414 780 victoria
1439 740 1666 780 conceden-

307 807 407 846 dum
437 819 541 845 esse.
592 803 669 844 soli
699 818 751 843 ex
781 802 1066 843 consularibus
1093 801 1284 843 Valerius
1317 807 1439 854 atque
1465 801 1665 842 Horatius

307 883 387 908 non
412 867 633 907 intererant
657 865 851 906 consiliis.
903 863 952 905 C.
981 863 1131 905 Claudi
1157 863 1359 904 sententia.
1390 863 1580 904 consules
1605 878 1669 903 ar-

308 929 448 970 mabat
471 928 515 969 in
540 927 745 976 tribunos,
786 926 1094 979 Quinctiorum,
1135 925 1451 978 Cincinnatique
1478 931 1517 965 ct
1543 923 1668 979 Capi-

307 991 439 1041 tolini,
472 990 698 1032 sententiae
723 988 999 1030 abhorrebant
1024 1004 1048 1029 a
1073 988 1198 1029 caede
1223 987 1526 1040 violandisque,
1564 1001 1667 1040 quos

306 1054 471 1095 foedere
496 1053 577 1093 icto
603 1067 698 1092 cum
721 1051 841 1106 plebe
865 1056 1148 1092 sacrosanctos
1169 1050 1437 1104 accepissent.
1469 1063 1542 1103 per
1566 1048 1668 1089 haec

307 1115 477 1156 consilia
502 1129 550 1155 co
575 1114 754 1154 deducta
778 1119 840 1154 cst
864 1128 948 1162 res,
982 1119 1025 1152 ut
1051 1112 1237 1153 tribunos
1264 1111 1438 1151 militum
1465 1110 1669 1151 consulari

306 1183 507 1232 potestate
533 1176 766 1231 promiscue
792 1190 843 1216 cx
874 1175 1058 1229 patribus
1090 1189 1139 1216 ac
1168 1174 1288 1229 plebe
1315 1173 1442 1214 creari
1474 1173 1666 1222 sinerent,

307 1240 358 1280 de
389 1239 628 1280 consulibus
666 1238 852 1279 creandis
890 1237 990 1277 nihil
1026 1243 1263 1277 mutaretur.
1321 1250 1450 1289 coque
1488 1235 1667 1276 contenti

307 1301 472 1351 tribuni,
500 1306 690 1342 contenta
714 1299 831 1354 plebs
857 1299 946 1339 fuit.

394 1363 573 1405 Comitia
597 1362 770 1403 tribunis
797 1361 1002 1402 consulari
1027 1366 1229 1415 potestate
1250 1359 1379 1400 tribus
1400 1359 1586 1400 creandis
1606 1359 1667 1398 in-

308 1426 510 1466 dicuntur.
559 1423 709 1478 quibus
734 1422 898 1464 indictis
924 1422 1130 1476 extemplo
1156 1421 1404 1475 quicumque
1430 1420 1585 1474 aliquid
1605 1435 1668 1461 se-

308 1488 454 1528 ditiose
479 1487 638 1527 dixerat
662 1492 732 1526 aut
756 1485 910 1526 fecerat
934 1499 1149 1538 umquam,
1177 1483 1354 1524 maxime
1380 1483 1602 1532 tribunicii,
1629 1490 1668 1522 et

307 1563 501 1604 prensare
531 1548 718 1589 homines
751 1553 791 1587 et
821 1561 1065 1587 concursare
1095 1552 1181 1587 toto
1212 1545 1302 1586 foro
1333 1544 1539 1585 candidati
1575 1557 1668 1585 coe-

309 1625 417 1666 pere,
444 1617 489 1650 ut
513 1609 705 1664 patricios
732 1608 964 1663 desperatio
988 1608 1120 1662 primo
1139 1607 1302 1647 inritata
1319 1606 1438 1661 plebe
1458 1606 1666 1660 apiscendi

307 1672 492 1721 honoris,
519 1671 665 1712 deinde
690 1670 936 1725 indignatio,
964 1670 999 1710 si
1024 1684 1118 1709 cum
1142 1669 1206 1709 his
1232 1669 1436 1724 gerendus
1462 1674 1572 1709 esset
1595 1668 1668 1708 ho-

307 1750 400 1784 nos,
439 1734 671 1774 deterreret.
720 1738 929 1787 postremo
955 1731 1085 1772 coacti
1111 1739 1248 1771 tamen
1278 1746 1302 1770 a
1326 1729 1572 1784 primoribus
1597 1744 1668 1784 pe-

308 1797 419 1846 tiere,
446 1811 497 1837 ne
512 1796 688 1837 cessisse
702 1794 966 1850 possessione
980 1793 1038 1834 rei
1057 1793 1247 1847 publicae
1267 1792 1514 1833 viderentur.
1547 1806 1668 1832 even-

307 1866 372 1900 tus
399 1873 541 1900 eorum
566 1857 824 1899 comitiorum
850 1855 1002 1905 docuit,
1030 1855 1132 1896 alios
1158 1854 1316 1895 animos
1341 1854 1386 1894 in
1410 1853 1668 1894 contentione

306 1921 506 1962 libertatis
549 1920 864 1976 dignitatisque,
908 1919 1010 1960 alios
1048 1918 1276 1959 secundum
1318 1917 1505 1972 deposita
1541 1922 1669 1957 certa-

308 1983 419 2024 mina
442 1983 678 2038 incorrupto
703 1982 855 2023 iudicio
881 1996 991 2022 esse:
1024 1980 1210 2022 tribunos
1242 1980 1351 2020 enim
1377 1994 1519 2020 omnes
1545 1978 1669 2033 patri-

308 2047 392 2087 cios
419 2046 573 2087 creavit
596 2045 793 2101 populus,
821 2050 1036 2085 contentus
1063 2058 1129 2093 eo,
1157 2043 1267 2096 quod
1292 2042 1394 2083 ratio
1419 2041 1560 2082 habita
1583 2041 1669 2095 ple-

308 2108 492 2150 beiorum
523 2114 644 2150 esset.
699 2107 806 2148 hanc
831 2105 1076 2148 modestiam
1101 2104 1432 2158 aequitatemque
1463 2109 1502 2144 et
1533 2103 1669 2143 altitu-

307 2172 445 2212 dinem
471 2171 596 2212 animi
620 2169 692 2211 ubi
716 2184 825 2210 nunc
849 2169 892 2209 in
915 2183 997 2209 uno
1022 2167 1247 2216 inveneris,
1285 2181 1390 2220 quae
1416 2173 1502 2206 tum
1527 2164 1667 2220 populi

308 2233 488 2273 universi
514 2233 616 2273 fuit?

392 2295 492 2337 VII.
545 2294 673 2337 Anno
710 2294 998 2336 trecentesimo
1034 2293 1194 2334 decimo
1230 2307 1354 2346 quam
1398 2291 1497 2332 urbs
1534 2290 1669 2332 Roma

308 2358 474 2399 condita
505 2364 591 2399 erat
619 2357 799 2413 primum
831 2356 981 2398 tribuni
1013 2356 1187 2396 militum
1212 2370 1286 2410 pro
1318 2353 1556 2395 consulibus
1581 2368 1668 2393 ma-

308 2420 524 2473 gistratum
548 2420 691 2461 incunt
715 2419 769 2461 A.
794 2418 1064 2473 Sempronius
1090 2417 1320 2466 Atratinus,
1346 2417 1400 2457 L.
1421 2415 1589 2465 Atilius,
1617 2414 1665 2455 T.

310 2481 507 2533 Cluilius,
551 2497 726 2537 quorum
762 2482 805 2522 in
840 2481 1085 2536 magistratu
1121 2480 1340 2521 concordia
1376 2478 1487 2519 domi
1522 2492 1667 2532 pacem

265 2556 282 2584 :3
309 2543 431 2584 etiam
455 2544 555 2585 foris
579 2544 780 2599 praebuit.
815 2549 908 2584 sunt
928 2543 998 2596 qui
1015 2548 1182 2597 propter
1201 2542 1405 2582 adiectum
1424 2539 1666 2593 Aequorum

309 2604 638 2660 Volscorumque
669 2606 777 2647 bello
809 2612 849 2646 et
874 2605 1119 2646 Ardeatium
1150 2603 1372 2644 defectioni
1396 2602 1550 2643 Veiens
1581 2599 1665 2641 bel-

309 2666 412 2716 lum,
451 2668 547 2721 quia
577 2669 659 2710 duo
691 2668 880 2710 consules
913 2667 1025 2708 obire
1056 2672 1115 2707 tot
1146 2666 1268 2707 simul
1298 2665 1407 2706 bella
1437 2662 1662 2715 nequirent,

311 2727 493 2769 tribunos
526 2731 699 2770 militum
731 2736 812 2771 tres
845 2735 1001 2771 creatos
1034 2728 1171 2769 dicant
1209 2728 1296 2768 sine
1333 2725 1537 2766 mentione
1572 2736 1664 2776 pro-
