1835 3226
331 1802 349 1831 Ιῦ

381 252 463 292 332
720 258 876 292 LIBER
900 259 972 303 vi,
997 258 1052 294 26.
1072 259 1126 293 27.
1154 261 1390 304 [ammam]

379 362 583 402 indixistis
603 361 891 414 intulistisque,
918 369 1056 416 patres
1078 362 1310 417 conscripti,
1338 363 1441 404 sieut
1462 378 1570 405 nnnc
1593 366 1735 407 videtis

379 439 452 464 nos
479 430 633 464 stantes
659 423 701 463 in
726 423 930 465 vestibulo
957 425 1094 465 curiae
1119 432 1299 474 vestrae,
1332 426 1387 466 ita
1418 426 1564 467 armati
1587 429 1737 481 parati-

378 501 456 540 que
483 485 648 527 obviam
672 485 988 540 imperatoribus
1014 487 1331 542 legionibusque
1362 488 1510 529 vestris
1535 490 1738 543 processi-

377 563 482 588 mus.
533 547 597 589 hic
626 554 784 597 noster,
822 547 888 588 hie
918 548 1051 603 plebis
1082 556 1247 590 nostrae
1277 549 1442 596 habitus
1474 549 1552 590 fuit
1582 551 1738 604 eritque

378 624 557 664 semper,
595 610 675 651 nisi
700 610 735 651 si
759 610 924 663 quando
949 626 972 651 a
999 610 1116 652 vobis
1148 626 1303 666 proque
1335 611 1453 653 vobis
1485 627 1599 653 arma
1623 627 1739 654 acee-

376 672 571 726 perimus.
609 672 762 727 gratias
788 672 949 727 agimus
975 680 1014 713 et
1039 673 1213 714 ducibus
1241 673 1385 714 vestris
1412 680 1452 714 et
1476 673 1736 722 exercitibus,

377 734 489 787 quod
513 734 641 776 oeulis
667 734 800 789 magis
826 749 951 788 quam
977 734 1144 776 auribus
1171 736 1431 776 crediderunt
1456 742 1513 785 et,
1539 735 1612 777 ubi
1636 735 1735 776 nihil

377 796 524 837 hostile
555 804 658 846 erat,
695 811 747 837 ne
778 797 859 852 ipsi
889 797 1055 850 quidem
1088 797 1284 838 fecerunt.
1334 812 1480 852 pacem
1504 812 1631 851 quam
1662 813 1736 839 nos

376 858 668 913 praestitimus,
695 873 786 899 eam
812 874 835 899 a
860 858 979 900 vobis
1005 860 1182 913 petimus
1192 876 1201 909 3
1228 859 1383 901 bellum
1408 875 1476 910 eo,
1504 859 1637 901 sicubi
1661 867 1737 907 est,

377 921 570 962 avertatis
595 935 830 976 precamur:
867 921 910 961 in
933 935 1009 962 nos
1036 922 1135 975 quid
1161 937 1274 963 arma
1298 922 1479 976 polleant
1509 927 1665 971 vestra,
1704 922 1737 961 si

377 983 568 1037 patiendo
583 983 882 1038 experiundum
897 990 971 1032 est,
998 984 1174 1025 inermes
1195 984 1463 1039 experiemur.
1500 983 1603 1025 haec
1622 998 1737 1024 mens

377 1053 517 1086 nostra
553 1052 632 1095 cst,
671 1046 727 1086 dii
763 1045 999 1087 inmortales
1035 1045 1207 1096 faciant,
1246 1052 1330 1087 tam
1365 1046 1466 1087 felix
1502 1061 1626 1099 quam
1656 1045 1736 1100 pia.

377 1107 487 1160 quod
517 1108 571 1148 ad
606 1108 776 1149 crimina
812 1108 973 1157 attinet,
1012 1107 1162 1162 quibus
1202 1109 1302 1149 moti
1332 1108 1486 1149 bellum
1516 1107 1736 1156 indixistis,

377 1170 454 1210 etsi
484 1169 637 1210 revicta
666 1169 789 1211 rebus
826 1170 962 1212 verbis
1000 1171 1213 1211 confutare
1249 1170 1350 1211 nihil
1386 1171 1548 1220 attinet,
1586 1176 1736 1217 tamen,

377 1231 499 1272 etiam
526 1231 560 1272 si
585 1246 681 1273 vera
707 1232 799 1281 sint,
826 1232 891 1272 vel
916 1232 1035 1273 fateri
1060 1232 1179 1274 nobis
1206 1247 1271 1282 ea,
1299 1248 1393 1274 eum
1419 1241 1503 1274 tam
1528 1232 1739 1273 evidenter

375 1294 631 1348 paenituerit,
658 1301 792 1334 tutum
817 1308 1047 1335 censemus.
1097 1304 1290 1348 peccetur
1314 1295 1357 1335 in
1381 1309 1469 1343 vos,
1497 1294 1596 1334 dum
1621 1292 1734 1347 digni

378 1356 464 1397 sitis
491 1355 639 1409 quibus
666 1356 722 1397 ita
748 1356 944 1397 satisfiat?
982 1363 1140 1396 tantum
1159 1356 1244 1397 fere
1264 1356 1482 1397 verborum
1503 1354 1554 1395 ab
1575 1354 1737 1395 Tuscu-

375 1418 479 1458 lanis
519 1418 686 1458 factum.
740 1433 885 1473 pacem
920 1418 962 1458 in
992 1418 1241 1472 praesentia,
1278 1433 1353 1458 nec
1389 1419 1445 1459 ita
1476 1416 1604 1457 multo
1640 1422 1733 1470 post

377 1480 583 1520 civitatem
616 1480 738 1521 etiam
768 1480 1102 1534 impetraverunt.
1159 1479 1211 1521 ab
1244 1479 1426 1521 Tusculo
1457 1479 1642 1534 legiones
1674 1491 1736 1517 re-

379 1541 539 1582 ductae.

460 1602 658 1644 XXVII.
698 1602 912 1652 Camillus,
940 1603 1109 1644 consilio
1137 1611 1175 1644 et
1200 1604 1347 1644 virtute
1373 1604 1414 1644 in
1434 1603 1589 1645 Volsco
1614 1601 1735 1656 bello,

376 1665 570 1705 felicitate
607 1665 650 1705 in
687 1664 924 1705 Tusculana
961 1665 1238 1719 expeditione,
1284 1664 1502 1718 utrubique
1540 1665 1737 1723 singulari

377 1727 574 1768 adversus
602 1726 803 1781 collegam
828 1727 1023 1781 patientia
1055 1734 1093 1767 et
1120 1727 1398 1767 moderatione
1423 1727 1616 1783 insignis,
1649 1745 1736 1770 ma-

376 1789 551 1844 gistratu
582 1787 681 1829 abiit
712 1789 858 1829 creatis
890 1788 1063 1830 tribunis
1100 1788 1344 1830 militaribus
1376 1789 1416 1828 in
1452 1789 1737 1843 insequentem

376 1865 529 1892 annum
552 1850 606 1891 L.
633 1857 673 1891 et
697 1850 745 1891 P.
772 1850 963 1900 Valeriis,
990 1851 1124 1892 Lucio
1150 1851 1356 1904 quintum,
1383 1850 1534 1892 Publio
1560 1853 1735 1902 tertium,

377 1920 415 1953 ct
447 1911 555 1954 Gaio
588 1911 735 1968 Sergio
766 1913 949 1961 tertium,
987 1913 1124 1954 Lucio
1154 1913 1352 1954 Menenio
1382 1913 1548 1963 iterum,
1585 1914 1736 1956 Publio

377 1975 562 2030 Papirio,
604 1973 750 2017 Servio
777 1975 969 2016 Cornelio
1000 1975 1307 2031 Maluginense.
1363 1976 1604 2018 censoribus
1636 1992 1738 2031 quo-

379 2052 457 2091 que
490 2037 603 2093 eguit
633 2052 763 2078 annus
796 2038 974 2077 maxime
1006 2045 1172 2092 propter
1206 2037 1402 2078 incertam
1440 2038 1594 2079 famam
1631 2039 1736 2080 aeris

379 2099 518 2147 alieni,
556 2099 879 2154 adgravantibus
907 2114 1111 2140 summam
1137 2099 1259 2140 etiam
1290 2099 1468 2140 invidiae
1495 2100 1582 2140 eius
1609 2100 1736 2141 tribu-

375 2162 438 2202 nis
464 2161 609 2216 plebis,
637 2177 730 2202 eum
756 2161 807 2202 ab
832 2162 882 2201 iis
909 2161 1149 2210 elevaretur,
1177 2161 1325 2214 quibus
1352 2161 1431 2201 fide
1457 2161 1590 2216 magis
1610 2176 1735 2215 quam

376 2225 540 2265 fortuna
575 2223 812 2265 debentium
852 2223 1039 2265 laborare
1077 2225 1275 2265 creditum
1310 2224 1440 2264 rideri
1477 2224 1733 2279 expediebat.

377 2286 501 2327 creati
532 2301 722 2327 censores
757 2285 804 2327 C.
837 2285 1047 2340 Sulpicius
1081 2285 1346 2335 Camerinus,
1387 2285 1460 2341 Sp.
1491 2286 1734 2328 Postumius

376 2348 645 2403 Regillensis,
683 2356 909 2402 coeptaque
934 2348 1016 2389 iam
1039 2363 1105 2389 res
1131 2356 1260 2389 morte
1285 2347 1493 2398 Postumi,
1532 2349 1629 2402 quia
1653 2348 1736 2390 col-

376 2410 511 2465 legam
538 2410 674 2451 suffici
700 2411 859 2451 censori
883 2410 1027 2465 religio
1059 2416 1162 2459 erat,
1199 2410 1457 2464 interpellata
1488 2417 1562 2451 est.
1610 2410 1736 2465 igitur

376 2487 470 2513 cum
497 2471 706 2527 Sulpicius
733 2472 966 2513 abdicasset
991 2487 1034 2512 se
1060 2472 1322 2527 magistratu,
1361 2487 1550 2513 censores
1583 2473 1651 2513 alii
1676 2473 1735 2513 vi-

376 2534 431 2575 tio
457 2535 581 2575 creati
605 2549 686 2575 non
711 2542 929 2589 gesserunt
953 2534 1256 2589 magistratum.
1302 2534 1443 2575 tertios
1470 2534 1599 2575 creari
1623 2534 1734 2575 velut

376 2596 452 2637 diis
478 2611 561 2637 non
585 2596 879 2651 accipientibus
906 2597 948 2637 in
972 2611 1067 2637 eum
1087 2611 1241 2636 annum
1261 2610 1475 2637 censuram
1495 2595 1732 2651 religiosum

343 2672 349 2699 3
377 2658 465 2698 suit.
509 2673 600 2699 eam
624 2674 722 2700 vero
747 2659 1066 2700 ludificationem
1091 2658 1222 2713 plebis
1249 2657 1400 2699 tribuni
1426 2658 1639 2699 ferendam
1662 2672 1733 2698 ne-

376 2720 548 2773 gabant:
591 2721 734 2777 fugere
773 2727 959 2763 senatum
998 2727 1122 2763 testes
1161 2720 1321 2762 tabulas
1357 2720 1544 2775 publicas
1582 2733 1729 2762 census
