1780 3204
461 259 615 294 LIBER
639 259 734 303 IIII,
759 259 815 293 50.
836 259 890 293 51.
918 261 967 303 [a.
981 257 1020 293 C.
1033 258 1110 293 414.
1123 257 1205 302 413]
1425 248 1505 290 241

150 365 313 406 lictores
328 363 668 416 centurionesque
687 368 884 403 vexarent
902 362 1076 412 turbam,
1103 377 1151 403 eo
1170 362 1397 417 indignatio
1416 376 1508 403 eru-

149 427 225 481 pit,
256 433 303 467 ut
327 426 515 467 tribunus
540 425 715 465 militum
740 424 791 465 ab
818 424 999 464 exercitu
1024 439 1098 466 suo
1127 424 1333 479 lapidibus
1360 438 1508 479 coope-

150 489 306 529 riretur.
363 488 473 541 quod
509 493 593 527 tam
629 492 746 527 atrox
781 485 941 526 facinus
976 492 1197 541 postquam
1233 493 1295 527 est
1329 486 1507 527 Romam

151 551 393 598 nuntiatum,
419 549 592 590 tribunis
612 548 788 588 militum
807 548 857 588 de
877 554 1005 589 morte
1026 549 1208 604 collegae
1226 563 1300 603 per
1320 554 1508 589 senatum

150 611 401 666 quaestionis
427 609 739 650 decernentibus
760 608 912 650 tribuni
930 609 1062 664 plebis
1081 609 1401 651 intercedebant.
1435 610 1508 651 sed

151 689 199 715 ea
223 673 427 714 contentio
460 687 510 712 ex
535 671 756 712 certamine
782 671 860 711 alio
884 671 1102 725 pendebat,
1129 672 1240 725 quod
1261 686 1358 712 eiua
1375 672 1509 712 inces-

151 745 259 776 serat
282 741 438 789 patreS,
476 749 527 774 ne
552 739 666 774 metu
696 733 983 786 quaestionum
1007 733 1125 788 plebs
1156 734 1297 788 iraque
1324 733 1507 774 tribunos

150 797 325 838 militum
339 796 521 851 explebe
537 801 703 844 crearet,
731 795 1034 849 tendebantque
1055 811 1217 837 summa
1231 811 1321 850 ope,
1347 803 1392 836 ut
1413 811 1509 837 con-

152 859 260 900 sules
276 864 520 899 crearentur.
559 873 652 899 cum
667 863 831 898 senatus
847 857 1080 898 consultum
1099 858 1186 898 fieri
1206 857 1357 899 tribuni
1375 857 1507 912 plebis

152 936 234 961 non
263 927 512 975 paterentur,
545 920 655 960 idem
679 920 977 960 intercederent
1002 919 1287 961 consularibus
1319 920 1509 969 comitiis,

152 997 216 1024 res
237 983 289 1023 ad
308 984 588 1037 interregnum
607 982 739 1023 rediit.
771 982 942 1023 victoria
961 982 1108 1023 deinde
1126 996 1253 1036 penes
1267 988 1404 1036 patres
1418 980 1508 1022 fuit.

235 1044 312 1085 LI.
352 1044 403 1096 Q.
424 1044 556 1085 Fabio
576 1043 782 1085 Vibulano
801 1044 1004 1099 interrege
1029 1043 1194 1084 comitia
1211 1043 1388 1084 habente
1414 1058 1511 1083 eon-

154 1107 262 1147 sules
289 1106 413 1147 creati
439 1112 531 1146 sunt
551 1104 604 1146 A.
622 1105 838 1146 Cornelius
860 1105 1033 1154 Cossus,
1062 1103 1154 1159 [L.]
1174 1105 1325 1144 Furius
1345 1103 1511 1143 Medul-

151 1169 271 1209 linus.
326 1168 390 1209 his
422 1167 661 1208 consulibus
698 1167 899 1221 principio
936 1167 1033 1206 anni
1070 1172 1237 1206 senatus
1275 1164 1509 1205 consultum

152 1231 308 1271 factum
334 1235 412 1278 est,
450 1235 496 1269 ut
526 1229 576 1269 de
608 1229 846 1281 quaestione
871 1227 1168 1269 Postumianae
1194 1227 1331 1268 caedis
1358 1226 1511 1267 tribuni

151 1292 281 1346 primo
307 1305 469 1344 quoque
495 1296 677 1344 tempore
703 1290 755 1330 ad
779 1289 942 1343 plebem
967 1289 1121 1330 ferrent
1145 1288 1372 1344 plebesque
1392 1303 1510 1343 prae-

150 1354 287 1394 ficeret
318 1352 548 1405 quaestioni
578 1366 700 1405 quem
733 1352 866 1392 vellet.
916 1367 940 1392 a
974 1351 1095 1406 plebe
1132 1366 1336 1393 consensu
1367 1350 1510 1406 populi

151 1414 386 1456 consulibus
418 1414 630 1469 negotium
665 1415 900 1464 mandatum
939 1415 1008 1468 qui
1040 1429 1202 1456 summa
1232 1414 1510 1455 moderatione

150 1491 198 1518 ac
220 1476 386 1517 lenitate
410 1490 484 1530 per
506 1491 733 1531 paucorum
770 1477 1036 1531 supplicium,
1070 1491 1173 1530 quos
1207 1475 1371 1518 sibimet
1395 1476 1508 1531 ipsos

152 1537 359 1579 conscisse
373 1544 545 1579 mortem
561 1538 659 1579 satis
673 1538 872 1579 creditum
882 1546 956 1588 est,
984 1544 1190 1580 transacta
1207 1553 1264 1588 re,
1289 1538 1511 1592 nequivere

151 1607 288 1641 tamen
313 1601 527 1653 consequi,
553 1607 599 1641 ut
622 1616 705 1642 non
730 1601 954 1656 aegerrime
979 1601 1021 1641 id
1046 1601 1164 1655 plebs
1191 1600 1327 1641 ferret.
1377 1601 1509 1641 iacere

151 1669 234 1703 tam
259 1663 330 1702 diu
352 1663 493 1703 inritas
519 1663 699 1703 actiones
725 1677 831 1716 quae
856 1663 906 1703 de
933 1663 1017 1703 suis
1044 1663 1269 1703 commodis
1295 1662 1510 1711 ferrentur,

153 1739 246 1764 cum
264 1724 425 1764 interim
445 1725 495 1764 de
516 1724 716 1779 sanguine
736 1739 783 1765 ac
804 1724 1005 1778 supplicio
1027 1739 1101 1764 suo
1116 1724 1240 1764 latam
1260 1723 1394 1778 legem
1415 1737 1512 1763 con-

154 1785 292 1825 festim
317 1785 498 1825 exerceri
523 1791 564 1825 et
587 1792 743 1825 tantam
762 1786 846 1826 vim
865 1785 1028 1826 habere.
1067 1785 1327 1839 aptissimum
1348 1791 1509 1839 tempus

155 1846 299 1894 fuerat,
325 1846 541 1887 vindicatis
569 1846 836 1887 seditionibus
857 1847 1176 1887 delenimentum
1196 1846 1342 1887 animis
1362 1846 1512 1886 Bolani

155 1907 244 1962 agri
274 1907 519 1947 divisionem
555 1906 678 1956 obici,
717 1922 799 1960 quo
835 1908 944 1948 facto
981 1907 1227 1948 minuissent
1262 1907 1511 1948 desiderium

155 1969 338 2023 agrariae
369 1969 493 2023 legiS,
531 1983 635 2022 quae
666 1983 861 2023 possesso
892 1984 966 2023 per
994 1969 1185 2010 iniuriam
1216 1985 1315 2024 agro
1346 1969 1511 2024 publico

155 2036 292 2084 patres
317 2030 506 2084 pellebat.
544 2037 641 2070 tunc
665 2030 767 2070 haec
785 2031 878 2084 ipsa
895 2030 1118 2085 indignitas
1139 2031 1318 2086 angebat
1337 2031 1507 2080 animos,

157 2107 239 2132 non
257 2092 299 2132 in
317 2092 540 2132 retinendis
561 2092 682 2133 modo
703 2092 880 2146 publicis
902 2093 1025 2148 agris,
1053 2107 1157 2146 quos
1171 2093 1212 2133 vi
1227 2100 1393 2142 teneret,
1419 2108 1511 2147 per-

160 2153 334 2194 tinacem
358 2153 613 2194 nobilitatem
639 2169 748 2204 esse,
782 2154 855 2195 sed
884 2169 935 2195 ne
967 2170 1143 2195 vacuum
1173 2155 1339 2208 quidem
1365 2150 1510 2210 agrum

158 2230 288 2269 nuper
313 2230 364 2255 ex
388 2215 576 2256 hostibus
609 2222 774 2270 captum
798 2215 909 2271 plebi
934 2216 1132 2266 dividere,
1165 2232 1262 2258 mox
1292 2218 1435 2272 paucis
1466 2226 1511 2258 ut

158 2284 293 2318 cetera
316 2277 499 2318 futurum
523 2279 713 2332 praedae.

241 2339 401 2380 Eodem
422 2355 528 2381 anno
547 2341 745 2381 adversus
764 2340 941 2382 Volscos
966 2342 1211 2397 populantes
1233 2342 1510 2383 Hernicorum

157 2401 259 2440 fines
284 2401 467 2456 legiones
494 2403 640 2443 ductae
665 2419 689 2444 a
705 2403 832 2444 Furio
858 2404 1024 2444 consule
1050 2419 1144 2444 cum
1169 2404 1329 2445 hostem
1352 2404 1411 2445 ibi
1429 2420 1512 2445 non

157 2462 421 2512 invenissent,
446 2463 483 2504 F
486 2465 725 2514 erentinum,
753 2480 833 2518 quo
854 2481 1006 2521 magna
1025 2466 1244 2507 multitudo
1263 2466 1511 2508 Volscorum

159 2539 201 2564 se
228 2525 471 2575 contulerat,
510 2541 666 2581 cepere.
721 2527 856 2567 minus
888 2528 1062 2582 praedae
1094 2542 1217 2581 quam
1249 2535 1512 2583 speraverant

157 2586 246 2635 fuit,
273 2587 383 2639 quod
397 2586 551 2637 Volsci,
578 2594 796 2642 postquam
811 2603 905 2643 spes
926 2589 1066 2630 tuendi
1086 2590 1236 2645 exigua
1249 2596 1347 2639 erat,
1375 2590 1512 2631 subla-

158 2648 208 2688 tis
233 2648 356 2689 rebus
378 2656 496 2690 nocte
516 2651 711 2704 oppidum
730 2651 993 2704 reliquerunt.
1030 2657 1194 2706 postero
1213 2652 1277 2692 die
1295 2667 1422 2707 prope
1442 2652 1512 2694 de-

159 2716 311 2750 sertum
337 2711 506 2765 capitur.
549 2712 743 2753 Hernicis
769 2713 906 2767 ipsum
932 2727 1110 2769 agerque
1136 2714 1242 2755 dono
1268 2714 1401 2755 datus.

226 2788 289 2814 Livi
311 2788 362 2815 nol.
381 2787 400 2813 1.
1244 2780 1284 2813 16

1538 1179 1554 1207 [κ’-Δ

1536 2046 1554 2074 6

1538 2357 1553 2385 —1
