1780 3204
447 251 601 286 LIBER
625 251 719 296 1111,
746 252 890 286 17—19.
920 254 969 295 [a.
984 251 1025 287 C.
1039 251 1117 286 438.
1132 251 1214 296 437]
1428 244 1509 284 211

151 357 424 400 Etruscorum
448 371 522 411 pro
553 354 768 397 moenibus
794 355 1045 397 Fidenarum
1074 356 1221 411 posita.
1271 362 1310 397 et
1341 355 1515 397 dictator

151 419 365 462 Romanus
385 419 485 459 haut
504 418 647 473 procul
670 418 766 458 inde
792 417 845 458 ad
869 418 1111 459 confluentis
1138 418 1324 460 consedit
1348 418 1391 459 in
1414 418 1514 459 utri-

152 496 284 536 usque
320 481 418 535 ripis
456 480 607 529 amnis,
646 494 728 533 qua
759 479 876 533 sequi
906 480 1160 521 munimento
1189 486 1371 536 poterat,
1405 480 1512 522 vallo

152 543 405 597 interposito.
455 548 620 597 postero
645 542 710 582 die
735 541 777 582 in
802 541 932 582 aciem
958 541 1111 583 eduxit.

236 604 410 645 XVIH.
448 604 562 645 Inter
579 603 719 645 hostes
739 603 876 644 variae
896 603 1011 644 fuere
1032 604 1270 645 sententiae.
1309 604 1512 654 Faliscus,

152 667 296 722 procul
316 666 366 708 ab
387 667 509 707 domo
529 666 714 706 militiam
735 680 857 721 aegre
871 666 1044 720 patiens,
1068 667 1249 721 satisque
1269 667 1400 708 fidens
1421 666 1512 716 sibi,

152 743 321 784 poscere
340 743 542 784 pugnam:
569 727 734 768 Veienti
748 727 1018 781 Fidenatique
1039 728 1132 783 plus
1153 729 1241 784 spei
1259 729 1302 769 in
1315 728 1514 770 trahendo

152 791 260 832 bello
286 805 389 832 esse.
440 790 705 839 Tolumnius,
739 804 991 843 quamquam
1023 806 1189 831 suorum
1221 791 1354 846 magis
1379 791 1516 846 place-

152 853 250 894 bant
276 852 464 902 consilia,
489 867 541 892 ne
565 851 833 907 longinquam
859 852 1045 892 militiam
1069 867 1152 894 non
1176 860 1412 908 paterentur
1434 853 1471 894 F
1473 868 1516 894 a-

152 915 260 964 lisci,
292 922 457 970 postero
483 914 547 955 die
574 929 617 955 se
642 924 922 969 pugnaturum
954 914 1088 955 edicit.
1139 915 1326 956 dictatori
1357 930 1405 956 ac
1429 915 1514 956 Ro-

153 977 304 1026 manis,
331 977 443 1030 quod
467 976 735 1017 detrectasset
759 991 942 1031 pugnam
962 976 1113 1026 hostis,
1141 977 1265 1017 animi
1284 991 1514 1027 accessere3

153 1046 400 1093 posteroque
425 1038 510 1087 die,
541 1038 623 1078 iam
649 1037 846 1078 militibus
874 1044 1007 1079 castra
1032 1038 1259 1092 urbemque
1286 1053 1330 1079 se
1355 1053 1516 1093 oppug-

153 1108 320 1142 naturos
346 1099 635 1149 frementibus,
661 1100 703 1139 ni
728 1100 846 1153 copia
870 1114 1036 1154 pugnae
1061 1100 1150 1149 fiat,
1177 1101 1383 1153 utrimque
1404 1100 1514 1140 acies

152 1162 257 1203 inter
291 1162 388 1203 bina
424 1168 558 1202 castra-
592 1161 635 1201 in
670 1161 850 1203 medium
884 1161 1019 1215 campi
1048 1162 1288 1215 procedunt.
1343 1160 1513 1210 Veiens,

151 1223 410 1264 multitudine
436 1222 670 1271 abundans,
703 1222 773 1276 qui
797 1223 902 1263 inter
933 1223 1236 1264 dimicationem
1268 1229 1404 1264 castra
1427 1223 1514 1264 Ro-

151 1301 272 1326 mana
296 1285 619 1339 adgrederentur
642 1291 736 1339 post
765 1291 925 1325 montes
957 1284 1239 1326 circummisit.
1289 1285 1412 1325 trium
1442 1300 1516 1340 po-

150 1347 339 1401 pulorum
371 1346 573 1387 exercitus
604 1346 660 1387 ita
691 1346 802 1387 stetit
826 1346 1069 1395 instructus,
1102 1354 1147 1387 ut
1172 1347 1362 1388 dextrum
1388 1362 1515 1388 cornu

150 1408 358 1458 Veientes,
380 1408 591 1449 sinistrum
603 1408 757 1450 Falisci
770 1416 966 1459 tenerent,
987 1410 1113 1450 medii
1125 1409 1347 1451 Fidenates
1363 1417 1513 1451 essent.

149 1470 322 1512 dictator
357 1471 501 1513 dextro
537 1485 664 1512 cornu
701 1472 899 1513 adversus
930 1472 1136 1522 Faliscos,
1176 1472 1340 1514 sinistro
1373 1478 1513 1513 contra

151 1533 368 1575 Veientem
385 1532 645 1588 Capitolinus
662 1533 882 1587 Quinctius
902 1535 1037 1576 intulit
1058 1536 1195 1591 signa,
1223 1542 1316 1577 ante
1335 1536 1513 1577 mediam

151 1595 282 1637 aciem
301 1610 396 1637 cum
415 1596 600 1650 equitatu
619 1597 818 1652 magister
837 1598 1020 1651 equitum
1040 1598 1254 1653 processit.
1292 1613 1514 1653 parumper

150 1658 357 1699 silentium
383 1665 422 1699 et
447 1658 563 1711 quies
589 1658 668 1699 fuit
691 1673 768 1700 nec
791 1659 1002 1709 Etruscis,
1033 1660 1114 1701 nisi
1139 1666 1385 1715 cogerentur
1408 1674 1515 1715 pug-

150 1735 247 1760 nam
270 1720 429 1760 inituris
457 1727 495 1760 et
521 1721 717 1762 dictatore
744 1736 880 1762 arcem
904 1722 1137 1763 Romanam
1161 1728 1438 1776 respectante,
1472 1728 1516 1761 ut

151 1780 203 1821 ab
236 1781 480 1835 auguribus,
515 1781 636 1822 simul
667 1797 764 1823 aves
797 1783 871 1823 rite
904 1782 1186 1832 admisissent,
1220 1798 1271 1824 ex
1301 1783 1514 1837 conposito

152 1842 361 1882 tolleretur
396 1843 574 1897 signum.
629 1844 741 1896 quod
777 1843 937 1898 (simul)
974 1844 1046 1885 ubi
1083 1844 1316 1899 conspexit,
1359 1844 1514 1899 primos

153 1904 312 1957 equites
339 1903 517 1944 clamore
544 1903 706 1945 sublato
730 1905 773 1945 in
797 1905 958 1946 hostem
985 1906 1132 1947 emisit.
1171 1913 1312 1947 secuta
1330 1906 1514 1960 peditum

154 1965 262 2006 acies
294 1965 452 2020 ingenti
482 1965 524 2005 vi
555 1966 748 2006 conflixit.
804 1967 918 2008 nulla.
947 1974 1062 2022 parte
1092 1967 1278 2023 legiones
1309 1967 1512 2009 Etruscae

155 2027 387 2068 sustinuere
422 2027 622 2082 impetum
645 2028 948 2069 Romanorum:
982 2044 1107 2083 eques
1134 2045 1327 2070 maxume
1351 2030 1515 2071 resiste-

154 2087 223 2129 bat
232 2104 243 2138 3
271 2089 534 2143 equitumque
559 2089 682 2145 longe
707 2090 956 2132 fortissimus
982 2091 1070 2146 ipse
1095 2107 1168 2132 rex
1193 2091 1244 2133 ab
1271 2092 1382 2133 omni
1399 2099 1514 2147 parte

154 2149 285 2192 effuse
311 2150 578 2204 sequentibus
605 2151 848 2205 obequitans
867 2152 1068 2194 Romanis
1089 2152 1275 2195 trahebat
1295 2160 1513 2195 certamen.

238 2212 434 2253 XVIHI.
482 2212 586 2253 Erat
616 2220 702 2254 tum
733 2214 838 2255 inter
863 2215 1020 2268 equites
1046 2215 1233 2257 tribunus
1258 2216 1434 2257 militum
1458 2216 1512 2257 A.

155 2272 374 2315 Cornelius
396 2273 574 2324 Cossus,
602 2275 751 2316 eximia
763 2276 1066 2330 pulchritudine
1086 2277 1282 2332 corporis,
1310 2278 1446 2319 animo
1467 2293 1514 2319 ac

154 2334 310 2376 viribus
335 2351 410 2390 par
432 2351 670 2390 memorque
696 2338 877 2393 generis,
904 2339 1015 2392 quod
1040 2339 1343 2394 amplissimum
1369 2354 1514 2395 accep-

155 2404 242 2438 tum
268 2398 400 2439 maius
426 2399 669 2453 auctiusque
693 2400 857 2454 reliquit
881 2401 1070 2455 posteris.
1119 2402 1154 2442 is
1187 2416 1282 2442 cum
1307 2402 1360 2443 ad
1383 2402 1513 2457 impe-

155 2467 242 2500 tum
272 2459 483 2501 Tolumnii
513 2475 775 2515 quacumque
808 2477 851 2503 se
881 2462 1127 2503 intendisset
1157 2463 1398 2518 trepidantis
1427 2463 1514 2505 Ro-

155 2537 297 2563 manas
323 2523 478 2563 videret
503 2529 657 2564 turmas
682 2524 970 2580 insignemque
995 2540 1090 2566 eum
1113 2526 1228 2581 regio
1252 2525 1396 2567 habitu
1413 2526 1515 2567 voli-

1541 805 1559 833 10

155 2592 310 2626 tantem
346 2591 430 2625 tota
466 2585 552 2626 acie
589 2593 827 2641 cognosset,
873 2587 1025 2628 ‘hicine
1062 2587 1140 2629 est'
1181 2588 1313 2642 inquit
1356 2592 1515 2643 ‘ruptor
1539 2602 1557 2631 3

154 2645 331 2687 foederis
357 2646 527 2688 humani
551 2647 804 2702 violatorque
829 2649 1015 2704 gentium
1039 2649 1165 2690 iuris?
1199 2649 1279 2691 iam
1307 2664 1384 2706 ego
1407 2650 1513 2691 hanc

155 2715 375 2749 mactatam
394 2709 615 2760 victimam,
643 2710 677 2751 si
695 2710 819 2752 modo
840 2711 970 2752 sancti
984 2711 1204 2766 quicquam
1223 2712 1264 2753 in
1283 2712 1401 2754 terris
1420 2726 1511 2754 esse

1221 2777 1289 2811 14*
