1835 3226
319 222 402 264 338
648 225 802 260 LIBER
827 224 897 269 vl,
922 224 976 258 33.
1004 226 1101 268 [a.u.
1116 224 1226 259 <2377
1241 225 1353 272 (378)]

320 335 448 373 eiores
476 331 528 371 ad
552 327 900 384 perseverandum
924 327 966 367 in
985 326 1093 368 bello
1119 326 1285 368 faceret.
1323 327 1417 368 finis
1443 329 1675 370 certaminis

318 395 412 443 fuit,
449 399 668 447 postquam
693 389 878 443 utrisque
903 389 1110 443 apparuit,
1147 389 1247 429 nihil
1278 403 1351 443 per
1381 389 1529 431 alteros
1556 397 1675 439 stare,

275 470 292 497 :3
318 470 399 509 quo
424 454 559 495 minus
585 452 748 506 incepta
777 457 1131 505 persequerentur.
1179 451 1321 491 Latini
1352 451 1525 505 profecti
1557 466 1581 492 a
1612 466 1677 493 so-

319 518 464 558 cietate
488 514 620 570 pacis,
658 522 704 554 ut
727 513 939 562 rebantur,
971 513 1212 553 inhonestae
1239 527 1329 553 sese
1354 513 1676 563 vindicaverunt,

319 578 510 620 Antiates
541 575 813 617 incommodis
846 575 1009 616 arbitris
1042 574 1281 615 salutarium
1319 575 1581 617 consiliorum
1616 590 1679 616 re-

282 657 291 684 ι
319 641 439 682 motis
465 639 610 680 urbem
636 652 840 693 agrosque
860 637 1059 678 Romanis
1086 637 1252 678 dedunt.
1291 638 1350 678 ira
1375 645 1413 678 et
1438 638 1573 679 rabies
1592 639 1679 679 La-

319 703 514 750 tinorum,
552 700 649 753 quia
672 714 747 740 nec
773 699 983 740 Romanos
1009 698 1117 740 bello
1141 699 1302 740 laedere
1335 713 1410 740 nec
1435 699 1611 741 Volscos
1637 700 1679 740 in

319 764 441 804 armis
467 762 640 803 retinere
665 767 901 815 potuerant,
940 775 988 802 eo
1019 761 1170 815 erupit,
1209 768 1253 801 ut
1280 760 1487 802 Satricum
1518 761 1676 810 urbem,

318 840 423 879 quae
453 823 758 878 receptaculum
788 823 965 877 primum
1004 822 1062 863 eis
1100 823 1298 864 adversae
1338 837 1501 878 pugnae
1532 823 1678 872 fuerat,

319 888 405 943 igni
431 892 736 927 concremarent
746 901 756 935 3
788 899 865 926 nec
890 885 1002 925 aliud
1026 892 1179 925 tectum
1206 885 1292 925 eius
1326 884 1528 939 superfuit
1552 885 1678 934 urbis,

319 965 412 991 cuni
438 950 550 990 faces
575 948 726 1003 pariter
752 947 878 988 sacris
904 946 1170 1001 profanisque
1196 947 1408 995 inicerent,
1445 961 1570 1000 quain
1594 962 1681 988 ma-

276 1028 293 1055 .)
319 1012 390 1053 tris
415 1011 604 1052 Matutae
630 1009 840 1064 templum.
895 1009 991 1050 inde
1023 1023 1092 1049 eos
1126 1023 1200 1049 nec
1226 1023 1302 1049 sua
1331 1008 1475 1063 religio
1506 1023 1582 1049 nec
1611 1024 1681 1050 ve-

319 1073 514 1115 recundia
544 1073 667 1112 deum
699 1072 880 1112 arcuisse
911 1071 1076 1120 dicitur,
1115 1071 1189 1112 sed
1219 1086 1300 1112 vox
1335 1070 1539 1112 horrenda
1574 1070 1682 1111 edita

321 1135 475 1189 templo
501 1149 594 1175 cum
621 1133 806 1174 tristibus
833 1134 973 1182 minis,
1006 1133 1048 1173 ni
1072 1133 1275 1174 nefandos
1300 1133 1418 1188 ignes
1444 1133 1587 1188 procul
1612 1133 1680 1173 (le-

279 1214 294 1237 ις
321 1196 448 1237 lubris
481 1195 744 1236 amovisscnt.
798 1195 988 1236 incensos
1021 1209 1070 1235 ea
1099 1194 1211 1235 rabie
1242 1195 1420 1249 impetus
1453 1194 1681 1235 Tusculum

322 1259 411 1300 tulit
439 1258 490 1299 ob
515 1258 637 1306 iram,
675 1257 786 1310 quod
811 1256 973 1297 deserto
999 1257 1207 1297 communi
1239 1256 1411 1297 concilio
1435 1257 1679 1297 Latinorum

322 1336 403 1362 non
433 1320 474 1360 in
506 1320 742 1360 societatem
775 1318 897 1359 modo
923 1318 1174 1366 Romanam,
1213 1318 1286 1358 sed
1317 1318 1439 1359 etiam
1468 1318 1509 1358 in
1540 1318 1680 1358 civita-

281 1400 295 1426 ,·
324 1390 405 1424 tem
437 1397 480 1423 se
513 1382 736 1422 dedissent.
791 1380 1027 1435 patentibus
1059 1380 1186 1434 portis
1219 1395 1311 1420 eum
1342 1380 1551 1434 inproviso
1581 1379 1681 1419 inci-

323 1445 497 1493 dissent,
535 1444 666 1498 primo
699 1442 875 1483 elamore
913 1442 1110 1496 oppidum
1146 1449 1306 1496 praeter
1342 1456 1476 1482 arcem
1515 1448 1680 1495 captum

324 1514 398 1548 est.
447 1507 489 1546 in
513 1520 649 1546 arcein
675 1504 870 1559 oppidani
893 1505 1083 1559 refugere
1109 1518 1201 1544 eum
1233 1503 1478 1559 coniugibus
1510 1518 1557 1543 ac
1582 1502 1681 1543 libe-

321 1570 395 1618 ris,
433 1568 680 1621 nuntiosque
711 1567 907 1616 Romam,
945 1567 1016 1619 qui
1046 1567 1260 1607 certiorem
1290 1566 1340 1607 de
1378 1581 1451 1607 suo
1489 1580 1587 1606 casu
1620 1580 1682 1605 se-

279 1646 297 1674 s
323 1637 464 1671 natum
497 1629 696 1678 facerent,
736 1629 896 1669 misere.
946 1627 1058 1667 haud
1089 1629 1256 1683 segnius
1283 1642 1406 1681 quam
1436 1627 1516 1668 fide
1541 1627 1682 1681 populi

323 1692 499 1733 Romani
514 1691 685 1746 dignum
699 1690 777 1730 fuit
796 1689 999 1730 exercitus
1015 1689 1245 1730 Tusculum
1265 1690 1426 1729 ductus.
1457 1689 1510 1729 L.
1527 1688 1683 1741 Quine-

280 1771 297 1798 9
324 1755 404 1795 tius
441 1760 482 1794 et
520 1752 608 1795 Ser.
644 1751 854 1807 Sulpicius
891 1751 1042 1793 tribuni
1078 1751 1253 1791 militum
1290 1751 1457 1791 duxere.
1523 1750 1684 1791 clausas

324 1822 461 1871 portas
482 1815 655 1856 Tusculi
674 1814 933 1867 Latinosque
960 1813 1082 1854 simul
1107 1813 1384 1854 obsidentium
1404 1819 1525 1865 atquc
1544 1811 1686 1853 obses-

326 1893 463 1919 sorum
489 1877 626 1918 animo
651 1876 747 1918 hinc
772 1876 934 1917 moenia
959 1875 1132 1924 Tusculi
1164 1875 1268 1916 tueri
1298 1875 1456 1923 vident,
1488 1874 1598 1915 illinc
1623 1889 1687 1914 ar-

265 1955 300 1983 1.)
327 1955 416 1981 cem
441 1954 701 1995 oppugnare,
739 1946 889 1980 terrere
913 1954 996 1980 una
1021 1953 1069 1979 ae
1093 1953 1256 1993 pavere.
1307 1938 1508 1979 adventus
1534 1937 1686 1978 Roma-

327 2017 471 2043 norum
497 2008 725 2043 mutaverat
750 2002 963 2055 utriusque
988 2001 1115 2056 partis
1142 2001 1321 2042 animos:
1348 1999 1610 2041 Tusculanos
1635 2014 1687 2040 ex

327 2065 482 2120 ingenti
512 2071 624 2105 metu
654 2064 696 2104 in
727 2079 931 2105 summam
963 2063 1233 2112 alacritatem,
1269 2063 1446 2104 Latinos
1478 2076 1529 2102 ex
1558 2076 1686 2116 prope

327 2134 437 2167 certa
461 2126 612 2167 fiducia
636 2141 733 2167 mox
759 2125 982 2180 capiendae
1014 2125 1138 2175 arcis,
1176 2125 1370 2178 quoniam
1401 2124 1553 2178 oppido
1581 2123 1688 2178 poti-

267 2204 300 2231 11
329 2195 488 2238 rentur,
519 2189 563 2229 in
587 2189 781 2244 exiguam
806 2189 856 2229 de
883 2203 926 2229 sc
952 2188 1052 2242 ipsis
1080 2203 1195 2242 spem
1222 2193 1408 2228 verterat.
1459 2186 1612 2226 tollitur
1637 2199 1688 2226 ex

328 2266 419 2292 arce
445 2251 599 2292 clamor
623 2251 675 2292 ab
702 2251 950 2291 Tusculanis
960 2267 970 2300 3
997 2251 1200 2305 excipitur
1224 2250 1432 2303 aliquanto
1458 2248 1610 2289 maiore
1635 2247 1687 2288 ab

329 2313 510 2354 exercitu
533 2313 736 2354 Romano.
778 2313 984 2366 utrimque
1010 2320 1208 2368 urgentur
1225 2312 1385 2353 Latini:
1411 2325 1485 2352 nec
1510 2310 1688 2364 impetus

330 2375 661 2416 Tusculanorum
691 2374 993 2416 decurrentium
1029 2389 1081 2415 ex
1118 2374 1326 2429 superiore
1361 2373 1451 2414 loco
1489 2371 1691 2413 sustinent

332 2452 404 2478 uec
430 2437 643 2478 Romanos
670 2436 893 2478 subeuntes
919 2436 1081 2477 moenia
1105 2436 1402 2488 molientesque
1433 2434 1571 2475 obices
1596 2448 1690 2488 por-

271 2512 306 2540 12
334 2507 464 2539 tarum
496 2514 633 2541 arcere
669 2505 855 2554 possunt.
917 2498 1037 2540 scalis
1073 2499 1187 2553 prius
1223 2497 1386 2538 moenia
1422 2502 1558 2550 capta,
1595 2496 1688 2536 inde

334 2562 501 2602 effracta
531 2562 709 2603 claustra
744 2568 966 2616 portarum.
1028 2568 1068 2602 et
1105 2575 1198 2601 cum
1235 2575 1386 2614 anceps
1423 2559 1553 2599 hostis
1590 2565 1630 2599 et
1666 2573 1690 2597 a

336 2622 465 2664 fronte
492 2630 531 2664 ct
555 2640 579 2664 a
603 2630 719 2679 tergo
745 2630 938 2678 urgueret
961 2637 1037 2663 nec
1063 2623 1114 2663 ad
1139 2638 1322 2678 pugnam
1347 2621 1431 2662 ulla
1454 2621 1516 2661 vis
1544 2634 1618 2661 nec
1638 2619 1692 2660 ad

336 2684 475 2738 fugam
502 2685 579 2726 loci
605 2681 824 2739 quicquain
851 2692 1098 2740 superesset,
1124 2685 1165 2725 in
1194 2684 1329 2725 medio
1355 2683 1463 2725 eaesi
1489 2683 1541 2724 ad
1564 2695 1691 2722 unum
