1780 3204
503 204 656 239 LIBER
681 204 756 249 ΠΙ,
782 205 812 238 5.
842 206 889 248 [a.
905 203 944 238 e.
960 202 1043 248 464]
1169 223 1172 226 .
1373 190 1452 230 129

99 320 220 367 atque
245 312 356 352 illino
381 309 492 358 facti,
519 309 615 362 quia
656 313 874 362 superante
899 306 1159 348 multitudine
1204 305 1344 346 hostes
1370 318 1458 344 car-

100 389 196 430 pere
227 372 493 414 multifariam
519 371 626 412 vires
658 370 888 418 Romanas,
926 376 971 410 ut
1006 384 1089 410 non
1125 367 1370 409 suffecturas
1406 365 1459 406 ad

101 436 254 484 omnia,
282 433 469 489 adgressi
494 438 607 473 sunt:
641 432 762 472 simul
787 437 922 472 castra
947 429 1309 485 oppugnabantur,
1338 426 1459 469 simul

101 513 195 552 pars
222 497 423 538 exercitus
449 496 502 537 ad
526 494 808 550 populandum
829 509 974 548 agrum
993 493 1228 534 Romanum
1247 491 1375 532 missa
1393 505 1461 530 ur-

102 560 277 613 bemque
302 559 448 612 ipsam,
476 557 511 598 si
535 571 616 610 qua
640 556 806 597 fortuna
824 556 950 604 daret,
977 554 1269 609 temptandam.
1307 552 1360 593 L.
1376 551 1462 593 Va-

102 621 224 662 lerius
251 621 303 661 ad
328 619 578 674 praesidium
604 617 716 659 urbis
741 617 927 666 relictus,
966 616 1111 658 consul
1134 614 1376 656 Postumius
1409 613 1462 653 ad

104 683 300 724 arcendas
326 680 611 736 populationes
643 680 785 720 finium
816 680 982 720 missus.
1032 678 1133 718 nihil
1157 677 1378 718 remissum
1410 674 1461 715 ab

103 745 187 785 ulla
215 750 330 799 parte
361 758 482 784 curae
519 749 588 783 aut
617 741 790 782 laboris:
826 741 992 795 vigiliae
1027 741 1070 780 in
1106 739 1226 788 urbe,
1265 738 1462 779 stationes

105 813 199 847 ante
223 812 362 861 portas
387 804 673 859 praesidiaque
704 804 747 843 in
776 803 904 843 muris
931 802 1131 856 disposita
1162 808 1218 849 et,
1257 799 1368 854 quod
1392 813 1463 839 ne-

106 883 221 909 cesse
248 873 333 908 erat
357 867 400 907 in
425 873 537 906 tanto
563 865 752 913 tumultu,
779 864 979 905 iustitium
1004 878 1077 917 per
1096 862 1249 915 aliquot
1270 861 1357 902 dies
1379 875 1464 901 scr-

106 936 259 970 vatum.
308 928 470 969 interim
494 928 536 967 in
562 927 705 967 castris
724 926 876 967 Furius
903 924 1047 966 consul
1072 939 1164 965 cum
1189 923 1322 978 primo
1347 922 1462 975 quie-

106 1000 171 1032 tus
186 991 442 1032 obsidionem
456 1004 605 1043 passus
627 994 749 1037 esset,
775 988 817 1028 in
830 988 1041 1027 incautum
1054 985 1217 1026 hostem
1236 985 1466 1024 decumana

108 1059 224 1107 porta
249 1052 380 1106 erupit
405 1057 461 1099 et,
501 1065 595 1090 Cum
618 1049 811 1104 persequi
836 1054 995 1102 posset,
1033 1053 1146 1087 metu
1171 1045 1376 1092 subsistit,
1414 1057 1465 1083 ne

107 1129 187 1167 qua
212 1128 263 1154 ex
286 1119 401 1167 parte
427 1112 554 1152 altera
576 1111 619 1151 in
644 1117 778 1152 castra
801 1110 864 1150 vis
889 1108 1016 1149 fieret.

191 1175 362 1215 Furium
381 1173 564 1228 legatum
578 1197 631 1202 —
645 1172 771 1212 frater
788 1171 898 1211 idem
919 1169 1100 1211 consulis
1121 1174 1207 1209 erat
1226 1193 1280 1197 -—
1300 1167 1464 1221 longius

107 1236 250 1277 extulit
275 1250 438 1283 cursuS,
469 1248 546 1274 nee
572 1248 669 1274 suos
695 1233 762 1273 ille
787 1232 1005 1273 redeuntes
1031 1229 1306 1285 persequendi
1332 1228 1467 1269 studio

107 1311 239 1351 neque
264 1296 444 1337 hostium
470 1295 521 1336 ab
548 1301 663 1349 tergo
687 1295 898 1335 incursum
922 1293 1037 1334 vidit.
1074 1293 1132 1333 ita
1151 1291 1343 1333 exclusus
1364 1290 1469 1330 mul-

109 1360 159 1400 tis
187 1373 308 1413 saepe
333 1357 486 1398 frustra
511 1356 726 1398 conatibus
752 1356 902 1410 captis,
941 1362 986 1395 ut
1010 1355 1121 1395 viam
1153 1353 1231 1394 sibi
1256 1352 1309 1393 ad
1334 1357 1468 1392 castra

107 1422 272 1470 faceret,
300 1420 445 1461 aeriter
469 1419 669 1460 dimicans
696 1418 854 1459 cecidit.
892 1423 932 1458 ct
950 1416 1106 1466 consul,
1133 1415 1276 1456 nuntio
1296 1414 1469 1455 circum-

109 1484 219 1525 venti
249 1482 385 1524 fratris
417 1496 640 1523 conversus
673 1481 725 1521 ad
750 1480 1039 1535 pugnandum,
1079 1493 1123 1519 se
1155 1484 1307 1519 temere
1333 1476 1467 1531 magis

110 1560 234 1598 quam
259 1545 357 1585 satis
384 1551 501 1585 caute
525 1544 567 1584 in
592 1543 770 1584 mediam
796 1542 1102 1583 dimicationem
1126 1540 1263 1581 infert.
1300 1538 1469 1578 vulnere

111 1613 279 1661 accepto
305 1620 427 1661 aegre
452 1605 503 1646 ab
529 1603 889 1646 circumstantibus
916 1609 1098 1658 ereptus,
1126 1608 1166 1643 et
1191 1615 1359 1642 suorum
1384 1599 1471 1639 ani-

112 1683 203 1709 mos
230 1667 409 1708 turbavit
433 1673 473 1708 et
497 1666 717 1708 ferociores
743 1666 883 1706 hostes
910 1665 1026 1714 fecit,
1059 1664 1146 1717 qui,
1185 1662 1311 1703 caede
1342 1659 1469 1714 legati

114 1736 153 1769 et
179 1729 358 1769 consulis
385 1728 553 1768 vulnere
579 1728 759 1775 accensi,
796 1727 910 1767 nulla
934 1726 1082 1767 deinde
1106 1725 1149 1765 vi
1180 1724 1373 1765 sustineri
1397 1736 1471 1775 po-

115 1797 246 1838 tuere,
279 1790 378 1842 quin
409 1789 597 1843 conpulsi
633 1789 676 1829 in
700 1795 835 1829 eastra
857 1788 1038 1828 Romani
1066 1800 1209 1826 rursus
1236 1784 1473 1826 obsideren-

117 1858 181 1891 tur
204 1865 279 1891 nec
305 1865 376 1905 spe
406 1865 482 1891 nec
513 1850 668 1891 viribus
700 1864 819 1904 pares
829 1866 840 1899 3
877 1849 1141 1901 venissetque
1171 1847 1214 1887 in
1243 1844 1472 1901 periculum

118 1928 279 1954 summa
301 1927 450 1961 rerum,
476 1912 519 1952 ni
543 1911 592 1952 T.
615 1911 835 1963 Quinctius
859 1910 1087 1965 peregrinis
1114 1908 1242 1963 copiis
1269 1922 1363 1948 cum
1387 1907 1475 1947 La-

118 1976 201 2015 tino
220 1974 483 2026 Hernicoque
503 1974 684 2014 exercitu
704 1973 976 2014 subvenisset.
1013 1972 1049 2012 is
1070 1972 1249 2011 intentos
1273 1969 1316 2009 in
1340 1974 1474 2009 castra

118 2037 306 2078 Romana
329 2035 502 2089 Aequos
527 2035 736 2090 legatique
767 2041 890 2089 caput
920 2034 1111 2075 ferociter
1141 2037 1393 2073 ostentantes
1420 2029 1472 2071 ab

1485 439 1503 468 ιθ

118 2105 233 2153 tergo
265 2098 450 2146 adortus,
490 2097 612 2138 simul
643 2097 695 2137 ad
727 2097 891 2151 signum
921 2111 945 2136 a
977 2109 1020 2136 se
1056 2094 1200 2149 procul
1237 2093 1392 2134 editum
1423 2106 1475 2132 ex
1506 2089 1509 2093 ’

119 2160 262 2200 eastris
289 2159 499 2213 eruptione
524 2159 646 2207 facta,
673 2173 867 2213 magnam
886 2157 971 2198 vim
989 2157 1172 2198 hostium
1192 2153 1472 2196 circumvenit.

121 2222 252 2261 minor
282 2221 437 2270 caedis,
476 2221 578 2276 fuga
608 2221 776 2262 effusior
804 2219 1048 2273 Aequorum
1078 2219 1121 2259 in
1152 2233 1250 2273 agro
1280 2217 1360 2257 fuit
1389 2216 1475 2256 Ro-

120 2297 253 2323 mano.
302 2283 345 2322 in
370 2297 472 2335 quos
498 2282 677 2336 palatos,
713 2282 909 2336 praedam
940 2287 1110 2337 agentes
1135 2279 1376 2321 Postumius
1403 2277 1476 2318 ali-

121 2349 219 2396 quot
237 2343 350 2392 locis,
377 2343 526 2396 quibus
553 2350 754 2398 oportuna
777 2344 1014 2397 inposuerat
1032 2342 1249 2397 praesidia,
1275 2341 1474 2394 impetum

121 2405 243 2452 dedit.
298 2405 340 2445 hi
370 2405 468 2460 vagi
497 2405 697 2459 dissipato
728 2405 892 2460 agmine
922 2405 1129 2459 fugientes
1159 2404 1203 2443 in
1234 2401 1475 2455 Quinctium

121 2466 315 2506 victorem
347 2480 441 2506 cum
473 2467 611 2507 saucio
643 2466 810 2507 consule
840 2472 1114 2506 revertentem
1141 2464 1333 2505 incidere.
1388 2469 1474 2503 tum

121 2528 347 2568 consularis
374 2528 575 2569 exercitus
601 2528 768 2583 egregia
791 2542 933 2583 pugna
957 2527 1137 2569 consulis
1163 2526 1324 2575 vulnus,
1350 2524 1476 2580 legati

122 2595 160 2629 ct
185 2589 413 2630 cohortium
437 2590 547 2631 ultus
573 2596 636 2631 est
660 2590 841 2630 caedem.

204 2650 387 2705 Magnae
413 2651 549 2692 clades
575 2651 679 2693 ultro
704 2651 885 2704 citroque
910 2651 990 2692 illis
1016 2650 1161 2692 diebus
1187 2655 1227 2691 et
1255 2649 1406 2690 inlatae
1436 2653 1476 2689 et

193 2727 252 2754 Lim
274 2728 328 2755 rut.
346 2728 366 2754 1.
1226 2716 1247 2749 9

1502 2227 1542 2257 10

1504 2476 1539 2505 11
