1835 3226
289 429 297 455 1

284 735 301 764 »2

289 1913 304 1942 *1

273 2535 310 2563 1¹)

275 2659 307 2686 11

331 301 412 343 268
678 305 831 340 LIBER
855 305 901 350 V,
928 306 980 340 16.
1009 308 1106 349 [au.
1123 306 1338 350 e.357.35s]

411 410 537 452 XVI.
591 409 841 462 Priusquam
872 424 897 449 a
926 408 1104 463 Delphis
1136 414 1318 450 oratores
1348 409 1524 450 redirent
1559 410 1684 453 Alba-

327 474 420 514 nive
449 471 625 527 prodigii
659 470 823 525 piacula
858 471 1154 521 invenirentur,
1190 471 1287 512 novi
1323 470 1474 511 tribuni
1510 472 1685 514 militum

327 533 531 576 consulari
555 539 757 587 potestate
782 533 835 573 L.
862 533 992 573 Iulius
1019 533 1149 583 Iulus,
1176 533 1229 574 L.
1255 532 1406 574 Furius
1430 532 1685 576 Medullinus

327 603 536 650 quartum,
563 595 615 635 L.
645 593 817 650 Sergius
842 595 1043 644 Fidenas,
1075 594 1130 635 A.
1156 594 1397 641 Postumius
1423 594 1684 650 Regillensis,

326 659 375 700 P.
408 657 627 699 Cornelius
657 656 982 712 Maluginensis,
1019 656 1061 697 A
1091 655 1276 697 Manlius
1307 656 1594 712 magistratum
1623 657 1686 697 in-

327 722 472 762 ierunt.
522 735 569 761 eo
601 735 708 761 anno
741 719 1064 772 Tarquinienses
1100 719 1197 760 novi
1233 719 1373 760 hostes
1405 719 1553 767 exorti,
1591 719 1687 773 quia

327 782 466 823 multis
493 782 614 823 simul
639 781 772 831 bellis,
798 781 1048 823 Volscorum
1074 782 1126 822 ad
1151 780 1312 830 Anxur,
1339 780 1411 822 ubi
1434 781 1685 835 praesidium

328 844 612 894 obsidebatur,
650 843 895 897 Aequorum
932 845 984 885 ad
1014 843 1216 893 Labicos,
1255 843 1325 897 qui
1362 843 1593 884 Romanam
1629 843 1687 884 ibi

329 907 530 949 coloniam
562 906 876 962 oppugnabant,
914 907 967 947 ad
996 906 1075 948 hoc
1105 906 1352 959 Veientique
1383 912 1422 946 ct
1451 905 1615 946 Falisco
1647 913 1687 946 ct

329 969 531 1024 Capenati
555 969 663 1010 bello
688 975 910 1024 occupatos
937 968 1130 1010 videbant
1148 968 1359 1009 Romanos
1379 982 1454 1008 nee
1474 968 1579 1008 intra
1597 982 1687 1008 mu-

327 1046 393 1073 ros
419 1031 619 1085 quietiora
642 1031 809 1086 negotia
834 1046 925 1072 csse
951 1030 1242 1072 certaminibus
1274 1036 1437 1085 patrum
1468 1044 1515 1070 ac
1539 1029 1685 1084 plebis,

328 1094 432 1135 inter
455 1093 557 1135 haee
581 1093 718 1135 locum
742 1093 913 1134 iniuriae
943 1093 1020 1134 rati
1052 1107 1162 1142 esse,
1199 1092 1442 1147 praedatum
1474 1091 1515 1132 in
1540 1106 1686 1146 agrum

329 1156 563 1197 Romanum
589 1155 776 1196 cohortes
803 1155 1016 1209 expeditas
1044 1155 1226 1195 mittunt:
1264 1160 1334 1195 aut
1357 1154 1466 1195 enirn
1490 1168 1686 1208 passuros

328 1217 500 1258 inultam
525 1232 616 1258 eam
640 1218 830 1258 iniuriam
855 1218 1088 1267 Romanos,
1126 1232 1177 1258 ne
1203 1232 1313 1258 novo
1343 1216 1450 1257 bello
1477 1231 1520 1258 se
1545 1230 1687 1257 onera-

328 1286 430 1329 rent,
457 1286 527 1320 aut
547 1280 697 1335 exiguo
717 1294 846 1333 eoque
865 1295 1009 1334 parum
1030 1279 1164 1320 valido
1185 1280 1366 1319 exercitu
1384 1286 1683 1332 persecuturos.

329 1342 528 1383 Romanis
560 1342 784 1396 indignitas
815 1342 944 1382 maior
982 1356 1106 1395 quam
1143 1355 1240 1381 cura
1276 1339 1551 1394 populationis
1582 1339 1686 1380 Tar-

329 1404 605 1458 quiniensium
636 1404 725 1444 fuit.
776 1418 824 1445 eo
855 1418 930 1444 nec
964 1418 1115 1457 magno
1148 1409 1295 1443 conatu
1327 1409 1517 1455 suscepta
1547 1402 1688 1442 necin

329 1466 500 1521 longum
536 1465 661 1506 dilata
695 1480 759 1506 res
797 1473 870 1507 est.
920 1465 974 1506 A.
1012 1465 1251 1506 Postumius
1289 1470 1330 1504 ct
1358 1464 1411 1504 L.
1445 1463 1574 1504 Iulius
1605 1479 1686 1503 non

329 1529 436 1570 iusto
456 1528 606 1569 dilectu
625 1553 679 1557 —
699 1529 848 1568 etenim
868 1527 919 1569 ab
939 1527 1112 1569 tribunis
1140 1526 1271 1581 plebis
1292 1525 1603 1581 impediebantur
1621 1551 1687 1575 —,

332 1590 405 1631 scd
434 1605 561 1645 prope
597 1590 938 1639 voluntariorum,
977 1604 1080 1643 quos
1118 1588 1371 1629 adhortando
1403 1588 1684 1635 incitaverant,

332 1659 472 1692 coacta
514 1667 638 1692 manu
679 1667 752 1706 per
793 1667 938 1707 agrum
978 1650 1194 1692 Caeretem
1239 1650 1414 1703 obliquis
1457 1649 1687 1690 tramitibus

331 1714 488 1769 egressi
513 1715 729 1755 redeuntes
757 1730 779 1755 a
803 1713 1136 1768 populationibus
1162 1726 1391 1767 gravesque
1415 1711 1567 1766 pracda
1587 1711 1689 1752 Tar-

332 1776 569 1830 quinienses
596 1791 849 1830 oppressere.
882 1775 1032 1816 multos
1053 1775 1243 1815 mortales
1264 1773 1519 1822 obtruncant,
1546 1788 1688 1814 omnes

332 1845 487 1878 exuunt
517 1838 806 1893 inpedimentis
839 1845 878 1879 et
915 1837 1089 1892 receptis
1121 1851 1314 1892 agrorum
1346 1850 1513 1877 suorum
1545 1834 1686 1890 spoliis

331 1900 508 1941 Romam
534 1906 803 1941 revertuntur.
852 1899 1025 1941 biduum
1056 1899 1110 1940 ad
1139 1897 1496 1954 recognoscendas
1527 1911 1592 1937 res
1619 1896 1689 1936 da-

331 1968 418 2003 tum
443 1962 638 2012 dominis,
665 1962 784 2003 tertio
808 1961 1017 2017 incognita
1041 1987 1096 1991 -—
1122 1967 1236 2002 erant
1261 1967 1398 2001 autem
1424 1973 1472 2000 ea
1496 1958 1690 2013 pleraque

331 2024 513 2066 hostium
536 2025 720 2079 ipsorum
745 2050 799 2054 —-
826 2024 902 2065 sub
927 2024 1047 2065 hasta
1073 2024 1234 2065 veniere
1265 2022 1457 2077 quodque
1480 2021 1576 2062 inde
1599 2020 1690 2062 red-

333 2092 469 2127 actum
494 2086 692 2128 militibus
719 2093 779 2127 est
806 2087 999 2127 divisum.

419 2148 569 2190 Cetera
598 2148 706 2190 bella
736 2149 998 2202 maximeque
1029 2147 1184 2189 Veiens
1214 2146 1358 2188 incerti
1390 2145 1523 2186 exitus
1561 2150 1687 2185 erant.

332 2210 496 2265 iamque
515 2211 694 2252 Romani
719 2211 935 2265 desperata
955 2225 1031 2265 ope
1050 2210 1231 2251 humana
1249 2209 1335 2250 fata
1353 2214 1393 2249 et
1412 2208 1510 2248 deos
1532 2213 1691 2261 specta-

332 2272 443 2322 bant,
470 2288 563 2314 cum
583 2273 708 2328 legati
728 2272 779 2314 ab
794 2272 972 2326 Delphis
994 2278 1206 2321 venerunt,
1233 2277 1384 2312 sortem
1404 2269 1557 2311 oraculi
1577 2267 1692 2309 adfe-

332 2343 466 2376 rentes
482 2342 776 2391 congruentem
788 2349 987 2388 responso
1002 2334 1153 2388 captivi
1168 2333 1290 2373 vatis:
1313 2332 1531 2379 ‘R01nane‚
1542 2345 1690 2384 aquam

333 2396 542 2438 Albanam
561 2412 660 2438 eave
679 2397 773 2438 lacu
792 2396 1002 2445 contineri,
1030 2410 1129 2436 cave
1149 2396 1191 2435 in
1210 2409 1321 2435 mare
1341 2408 1508 2435 manare
1529 2407 1603 2434 suo
1617 2391 1692 2432 flu-

334 2459 442 2500 mine
462 2459 585 2500 sinas.
630 2459 824 2500 emissam
845 2473 918 2513 per
936 2472 1058 2513 agros
1077 2457 1231 2513 rigabis
1252 2456 1575 2511 dissipatamque
1594 2453 1691 2494 rivis

336 2522 563 2577 extingues.
618 2528 704 2563 tum
735 2530 779 2562 tu
811 2521 953 2562 insiste
978 2521 1114 2561 audax
1138 2520 1319 2561 hostium
1345 2519 1491 2567 muris,
1523 2531 1690 2564 memor,

336 2598 458 2636 quam
489 2599 562 2639 per
592 2591 650 2626 tot
681 2599 810 2625 annos
842 2583 1006 2624 obsides
1037 2582 1201 2631 urbem,
1234 2596 1285 2623 ex
1316 2596 1364 2622 ea
1389 2580 1462 2622 tibi
1492 2579 1556 2620 his
1587 2591 1691 2631 quae

337 2661 443 2686 nunc
469 2647 705 2701 panduntur
728 2646 824 2687 fatis
849 2645 1060 2686 xictoriam
1087 2645 1237 2686 datam.
1280 2643 1388 2685 bello
1413 2641 1595 2697 perfecto
1620 2639 1692 2678 do-

338 2722 435 2747 num
461 2709 643 2763 amplum
670 2709 800 2749 victor
825 2708 877 2748 ad
902 2722 994 2748 mea
1018 2706 1170 2761 templa
1199 2712 1361 2760 portato
1393 2715 1589 2755 sacraque
1619 2713 1691 2753 pa-

339 2768 425 2816 tria,
453 2784 626 2822 quorum
653 2771 806 2812 omissa
832 2784 929 2811 cura
953 2776 1027 2819 est,
1053 2769 1278 2809 instaurata
1303 2773 1346 2806 ut
1366 2763 1522 2806 adsolet
1542 2760 1690 2802 facito.'
