1780 3204
544 253 697 287 LIBER
722 253 768 297 v,
795 254 826 286 2.
855 255 904 296 [a.
921 251 960 287 C.
974 253 1056 296 403]
1399 242 1480 283 253

126 358 343 401 hiemando
369 357 606 399 continuare
632 356 797 397 bellum.
835 356 946 410 quod
964 362 1183 411 postquam
1205 354 1376 396 tribunis
1396 354 1483 409 plc-
1509 368 1527 397 ·2

126 422 188 464 bis
214 422 295 462 iam
320 420 390 460 diu
414 419 569 460 nullam
594 419 773 459 novandi
797 433 861 460 res
887 433 1055 459 causam
1080 416 1381 458 invenientibus
1400 417 1484 458 Ro-

126 499 236 524 mam
250 489 311 523 cst
324 482 518 530 adlatum,
545 481 587 521 in
607 481 839 521 contionem
859 480 1086 535 prosiliunt,
1115 479 1334 520 sollicitant
1351 478 1483 533 plebis

126 546 296 593 animos,
323 544 402 585 1100
426 543 527 583 illud
553 558 644 583 esse
670 543 916 591 dictitantes,
944 542 1054 596 quod
1072 556 1167 582 acra
1187 541 1383 582 militibus
1404 541 1484 582 sint
1510 556 1527 582 2¹,

127 607 357 648 constituta..
389 620 465 646 nec
491 619 534 645 50
560 604 770 654 fefellisse,
798 605 840 645 id
864 605 1017 645 donum
1043 604 1301 645 inimicorum
1326 618 1485 644 veneno

126 669 285 709 inlitum
311 668 411 708 fore.
443 667 606 708 venisse
632 667 860 708 libertatem
884 666 1037 721 plebis3
1063 671 1261 706 remotam
1280 665 1323 706 in
1340 680 1485 720 perpe·
1510 679 1527 706 4

127 738 243 771 tuum
275 737 313 770 et
345 729 577 784 ablegatam
602 728 653 769 ab
686 728 785 770 urbe
817 734 857 769 et
887 728 938 769 ab
968 743 1012 768 re
1037 727 1202 782 publica
1231 727 1485 768 iuventutem

127 794 207 833 iam
233 806 284 832 ne
309 791 433 831 hiemi
458 791 624 844 quidem
644 798 713 831 aut
733 790 906 845 tempori
925 790 1021 830 anni
1041 790 1184 830 cedere
1204 804 1251 830 ac
1271 790 1416 831 domos
1437 804 1485 830 ac

127 870 191 895 res
216 853 391 894 invisere
417 868 525 893 suas.
558 867 682 905 quam
706 859 897 906 putarent
922 851 1181 892 continuatae
1202 851 1369 892 militiae
1389 866 1486 892 cau-
1511 865 1530 893 0

129 932 216 957 sam
237 915 353 957 esse?
376 915 530 955 nullam
549 914 733 968 profecto
754 914 875 954 aliam
895 914 1147 962 inventuros,
1174 928 1298 967 quam
1317 928 1368 954 ne
1388 914 1486 967 quid

129 993 201 1032 per
213 977 485 1031 frequentiam
498 977 693 1016 iuvenum
709 990 863 1025 eorum,
890 975 931 1015 in
946 975 1094 1029 quibus
1114 976 1222 1016 vires
1244 990 1387 1016 omnes
1401 975 1487 1030 ple-

131 1040 191 1081 bis
206 1045 354 1087 essent,
382 1038 449 1093 agi
463 1039 512 1078 de
528 1038 753 1078 commodis
770 1052 909 1078 eorum
923 1045 1077 1091 posset.
1115 1038 1255 1078 vexari
1274 1044 1487 1091 praeterea
1513 1050 1530 1078 6

130 1108 169 1141 et
200 1101 336 1156 subigi
368 1100 496 1140 multo
528 1100 660 1140 acrius
692 1114 815 1152 quam
847 1098 1061 1139 Veientes:
1094 1099 1245 1152 quippe
1278 1099 1369 1139 illos
1401 1099 1487 1139 hie-

130 1178 237 1203 mem
264 1163 340 1203 sub
367 1161 482 1202 tectis
510 1162 594 1202 suis
621 1175 755 1215 agere,
783 1160 960 1216 egregiis
981 1160 1108 1200 muris
1130 1160 1291 1213 situque
1312 1160 1487 1200 naturali

128 1225 273 1266 urbem
298 1230 476 1264 tutantes
486 1239 496 1272 3
523 1223 693 1263 militem
711 1222 944 1263 Romanum
971 1222 1011 1261 in
1033 1236 1154 1276 opere
1180 1236 1227 1262 110
1246 1221 1398 1271 labore,
1424 1222 1486 1262 ni-
1515 1237 1529 1263 7

131 1285 247 1326 vibus
273 1284 510 1339 pruinisque
536 1283 746 1332 obrutum,
780 1283 856 1324 sub
882 1283 1058 1337 pellibus
1086 1283 1232 1324 dmare
1262 1298 1313 1324 ne
1339 1284 1485 1324 hiemis

128 1348 293 1401 quidem
319 1347 469 1401 spatio,
509 1360 614 1399 quae
645 1346 828 1386 omnium
859 1344 1060 1386 bellorum
1086 1352 1193 1386 terra
1223 1346 1408 1399 marique
1435 1346 1487 1386 sit

128 1409 256 1461 quies,
283 1423 396 1448 arma
420 1408 703 1462 deponentem.
736 1407 815 1448 1100
840 1422 972 1461 neque
997 1422 1117 1462 reges
1143 1422 1277 1461 neque
1303 1415 1396 1449 ante
1417 1408 1487 1448 tri·
1512 1421 1530 1450 8

131 1470 336 1511 buniciam
360 1475 606 1524 potestatem
637 1475 815 1510 creatam
847 1469 1047 1524 superbos
1073 1469 1165 1510 illos
1198 1470 1388 1511 0011511105
1417 1485 1486 1511 110-

129 1547 206 1585 que
220 1532 334 1572 triste
354 1532 561 1573 dictatoris
581 1531 798 1586 imperium
817 1546 949 1585 neque
968 1532 1210 1586 inportunos
1231 1531 1486 1573 decemviros

129 1595 354 1636 iniunxisse
381 1595 601 1643 servitutis,
628 1601 672 1634 ut
697 1608 917 1649 perennem
942 1594 1129 1635 militiam
1155 1594 1350 1644 facerent,
1377 1595 1488 1647 quod

130 1656 280 1698 tribuni
298 1657 473 1696 militum
492 1657 534 1696 in
551 1656 671 1710 plebe
686 1656 875 1697 Romana
894 1671 1068 1710 regnum
1088 1662 1336 1697 exercerent.
1369 1656 1488 1708 quid·
1514 1672 1530 1698 a

131 1734 225 1759 nam
250 1719 308 1758 illi
332 1718 522 1759 consules
548 1718 820 1759 dictatoresve
845 1718 994 1759 facturi
1019 1723 1175 1767 essent,
1214 1718 1283 1770 qui
1315 1732 1489 1771 procon-

132 1780 309 1820 sularem
332 1780 555 1834 imaginem
580 1786 664 1820 tam
690 1794 857 1820 saevam
883 1794 930 1820 ac
956 1786 1112 1820 trucem
1132 1779 1322 1819 fecerintl
1350 1779 1423 1819 sed
1446 1780 1489 1819 id

133 1841 315 1881 accidere
340 1841 450 1881 haud
474 1841 674 1882 inmerito.
712 1856 794 1881 non
819 1841 948 1881 fuisse
973 1855 1023 1881 ne
1049 1841 1091 1880 in
1116 1848 1208 1881 octo
1233 1841 1400 1893 quidem
1420 1841 1489 1881 tri-

134 1902 252 1943 bunis
284 1902 458 1942 militum
489 1902 625 1942 locum
656 1902 728 1942 ulli
757 1902 931 1956 plebeio.
988 1909 1108 1942 antea
1138 1902 1243 1942 trina
1273 1902 1364 1943 loca
1395 1917 1488 1943 cum
1519 1918 1557 1945 10

134 1964 391 2005 contentione
407 1979 567 2005 summa
585 1964 777 2018 patricios
798 1964 961 2018 explere
977 1964 1131 2013 solitos,
1158 1979 1266 2004 nunc
1285 1964 1365 2004 iam
1380 1971 1490 2006 octo-

136 2026 252 2081 iuges
279 2026 331 2067 ad
355 2026 526 2080 imperia
551 2025 774 2067 obtinenda
797 2026 855 2067 ire
881 2033 920 2066 et
937 2041 987 2067 ne
1008 2027 1049 2066 in
1069 2026 1188 2067 tmba
1208 2026 1374 2079 quidem
1394 2026 1490 2068 hae-

134 2102 222 2129 rere
245 2088 452 2142 plebeium
478 2103 746 2141 quemquam,
783 2089 872 2141 qui,
911 2088 946 2129 si
975 2089 1076 2129 nihil
1107 2088 1235 2136 aliud,
1273 2089 1490 2131 admoneat
1518 2105 1552 2132 11

135 2150 328 2205 collegas,
354 2150 504 2191 liberos
531 2158 570 2191 et
595 2150 705 2191 cives
732 2164 885 2200 eorum,
911 2165 993 2191 non
1013 2165 1153 2191 servos
1173 2151 1359 2200 militare,
1387 2155 1489 2205 quos

135 2212 268 2253 11101110
294 2212 439 2253 saltem
464 2213 506 2252 in
530 2212 673 2253 domos
699 2227 747 2253 110
771 2219 878 2253 tecta
901 2213 1042 2254 reduci
1067 2219 1252 2267 oporteat
1283 2219 1322 2254 et
1353 2213 1489 2267 aliquo
1516 2228 1554 2257 12

135 2282 316 2328 tempore
342 2274 437 2314 anni
461 2280 651 2328 parentes
676 2274 910 2328 liberosque
942 2289 990 2315 ac
1020 2275 1216 2330 coniuges
1242 2275 1418 2317 invisere
1451 2282 1490 2317 et

136 2350 332 2389 usurpare
356 2336 585 2377 libertatem
610 2342 648 2376 et
673 2351 809 2377 creare
834 2337 1111 2392 magistratus.

217 2398 338 2438 Haec
363 2397 540 2451 taliaque
564 2398 835 2440 vociferantes
862 2399 1141 2440 adversarium
1166 2399 1276 2440 haud
1306 2400 1489 2454 inparem
1517 2414 1556 2444 13

137 2460 244 2500 nacti
271 2465 365 2499 sunt
388 2458 471 2514 Ap.
500 2459 741 2509 Claudium,
778 2460 964 2501 relictum
989 2476 1014 2501 a
1038 2460 1206 2516 collegis
1238 2461 1291 2502 ad
1321 2461 1491 2503 tribuni-

136 2522 218 2562 cias
245 2522 465 2562 seditiones
491 2522 822 2576 conprimendas‚
859 2523 992 2563 virum
1023 2522 1214 2563 inbutum
1244 2523 1327 2564 iam
1352 2523 1403 2564 ab
1428 2524 1491 2564 iu-

139 2589 258 2623 venta
282 2582 573 2624 certaminibus
599 2583 782 2637 plebeiis,
810 2598 933 2636 quem
958 2589 1167 2625 auctorem
1191 2584 1346 2638 aliquot
1370 2585 1488 2627 annis
1517 2600 1555 2629 14

136 2652 228 2686 ante
255 2645 383 2686 fuisse
408 2652 678 2686 memoratum
703 2652 765 2686 est
788 2660 862 2700 per
887 2646 1135 2701 collegarum
1154 2646 1490 2689 intercessionem

137 2707 376 2748 tribuniciae
400 2707 614 2762 potestatis
641 2707 941 2749 dissolvendae.
