1835 3226
300 400 336 429 12

318 831 337 860 [Ο

363 275 446 316 234
642 278 795 313 LIBER
820 278 914 322 IIII,
939 277 992 311 43.
1012 277 1065 312 44.
1094 281 1141 321 [a.
1157 290 1189 312 u.
1208 290 1236 313 e.
1251 279 1445 324 333—336]

364 385 508 425 mediis
548 382 786 437 copularent
816 381 1095 431 concordiam,
1133 388 1270 435 patres
1307 382 1501 436 patiendo
1538 383 1722 426 tribunos

363 446 535 486 militum
572 459 646 499 pro
683 442 921 484 consulibus
959 443 1064 493 fieri,
1102 443 1255 485 tribuni
1290 444 1402 498 plebi
1436 459 1519 486 non
1554 444 1723 487 interce-

363 507 514 556 dendo,
569 506 790 559 quominus
816 512 1008 559 quattuor
1033 513 1273 559 quaestores
1300 507 1504 561 promisce
1530 506 1581 548 de
1605 506 1724 561 plebe

363 583 411 610 ac
434 567 621 623 patribus
645 567 774 608 libero
801 567 999 622 suffragio
1024 568 1167 622 populi
1191 568 1346 609 fierent.

446 629 748 671 XXXXIHI.
793 629 1033 670 Tribunicia
1057 630 1235 685 primum
1261 631 1427 672 comitia
1452 638 1547 672 sunt
1570 631 1723 672 habita.

363 692 488 733 creati
512 691 665 732 tribuni
686 691 892 732 consulari
910 698 1113 746 potestate
1134 707 1276 734 omnes
1296 692 1473 747 patricii:
1498 693 1552 734 L.
1569 692 1727 745 Quine-

363 754 443 795 tius
471 753 743 795 Cincinnatus
769 753 905 803 terfio,
930 754 984 795 L.
1011 754 1163 796 Furius
1188 754 1445 796 Medullinus
1470 755 1636 804 iterum,
1662 754 1725 795 M.

363 816 569 866 Manlius,
607 815 662 857 A.
692 815 963 870 Sempronius
988 816 1218 858 Atratinus.
1268 817 1348 858 hoc
1373 817 1536 858 tribuno
1561 817 1727 858 comitia.

363 885 628 932 quaestorum
658 877 836 919 habente
866 878 1185 932 petentibusque
1215 879 1320 919 inter
1351 879 1506 933 aliquot
1542 879 1726 934 plebeios

364 941 447 982 filio
471 939 630 982 Antisti
655 940 807 982 tribuni
832 940 964 995 plebis
996 947 1036 982 et
1066 941 1191 982 fratre
1222 941 1388 982 alterius
1420 941 1572 982 tribuni
1595 940 1728 995 plebis

367 1001 486 1044 Sexti
511 1002 710 1057 Pompili,
738 1017 814 1043 nec
838 1009 1021 1057 potestas
1046 1017 1123 1044 nec
1148 1003 1390 1059 suffragatio
1415 1003 1562 1044 horum
1586 1003 1727 1052 valuit,

365 1066 475 1118 quin,
502 1080 677 1119 quorum
701 1073 838 1120 patres
864 1080 1048 1119 avosque
1073 1066 1264 1107 consules
1289 1066 1489 1116 viderant,
1517 1081 1586 1107 eos
1612 1065 1730 1106 nobi-

365 1127 479 1168 litate
503 1128 768 1182 praeferrent.
806 1128 943 1169 furere
969 1143 1112 1170 omnes
1138 1128 1291 1169 tribuni
1316 1128 1438 1183 plebi,
1466 1134 1559 1170 ante
1585 1141 1727 1169 omnes

366 1189 596 1244 Pompilius
622 1189 914 1244 Antistiusque
939 1191 1104 1245 repulsa
1130 1206 1297 1231 suorum
1324 1191 1505 1232 accensi:
1532 1191 1727 1244 quidnam

366 1251 408 1291 id
432 1252 491 1292 rei
516 1258 637 1301 esset,
664 1252 775 1305 quod
799 1267 882 1293 non
908 1252 993 1293 suis
1020 1252 1242 1301 benefieiis,
1268 1267 1350 1293 non
1374 1259 1537 1307 patrum
1556 1251 1726 1300 iniuriis,

367 1328 448 1355 non
473 1314 649 1367 denique
674 1314 900 1368 usurpandi
925 1314 1106 1363 libidine,
1133 1328 1227 1355 eum
1252 1314 1372 1354 liceat
1397 1315 1508 1367 quod
1527 1321 1621 1355 ante
1646 1329 1728 1355 non

367 1375 537 1425 licuerit,
566 1375 599 1416 si
619 1390 702 1416 non
721 1375 931 1416 tribunum
951 1375 1179 1425 militarem,
1207 1401 1260 1405 —
1285 1390 1336 1416 ne
1359 1382 1618 1429 quaestorem
1639 1376 1728 1429 qui-

367 1437 462 1477 dem
487 1452 736 1491 quemquam
761 1452 812 1478 ex
836 1437 956 1492 plebe
981 1437 1155 1478 factum!
1189 1452 1271 1478 uon
1297 1437 1476 1478 valuisse
1501 1437 1628 1492 patris
1654 1453 1727 1492 pro

367 1499 462 1549 filio,
489 1500 625 1541 fratris
651 1514 725 1554 pro
750 1500 874 1540 fratre
900 1514 1061 1554 preces,
1089 1499 1345 1540 tribunorum
1370 1499 1521 1554 plebis,
1549 1506 1728 1553 potcsta-

368 1562 419 1602 tis
453 1568 739 1602 sacrosanctae
771 1562 823 1602 ad
854 1561 1052 1602 auxilium
1083 1561 1281 1602 libertatis
1320 1568 1491 1602 creatae.
1540 1561 1726 1601 fraudem

368 1623 553 1676 profecto
578 1624 619 1663 in
645 1638 688 1664 re
716 1638 807 1664 esse
834 1630 872 1664 et
898 1622 952 1663 A.
981 1622 1273 1677 Sempronium
1305 1623 1480 1664 comitiis
1512 1623 1604 1677 plus
1631 1623 1728 1663 artis

369 1684 606 1726 adhibuisse
631 1700 756 1739 quam
781 1685 888 1725 fidei.
939 1685 1026 1725 eius
1052 1685 1199 1725 iniuria
1224 1685 1339 1738 queri
1364 1700 1460 1726 suos
1486 1685 1640 1726 honore
1660 1685 1730 1725 de-

369 1746 509 1787 iectos
558 1747 696 1800 itaque
729 1762 823 1788 cum
854 1747 893 1787 in
925 1747 1062 1800 ipsum
1093 1753 1132 1787 et
1159 1746 1391 1787 innocentia
1422 1754 1555 1787 tutum
1581 1753 1621 1787 et
1644 1762 1730 1787 ma-

368 1808 554 1863 gistratu,
581 1809 624 1849 in
649 1824 731 1862 quo
757 1816 854 1849 tunc
875 1816 972 1857 erat,
999 1809 1176 1863 impetus
1196 1808 1284 1849 fieri
1303 1824 1383 1849 non
1402 1814 1554 1863 posset,
1581 1808 1730 1849 flexere

368 1871 450 1911 iras
475 1871 518 1911 in
540 1870 588 1912 C.
607 1870 911 1926 Sempronium,
939 1871 1164 1925 patruelem
1185 1870 1378 1920 Atratini,
1406 1870 1523 1924 eique
1544 1870 1596 1911 ob
1615 1870 1731 1926 igno-

369 1933 537 1974 miniam
568 1933 713 1975 Volsci
749 1933 846 1975 belli
877 1934 1062 1974 adiutore
1100 1933 1259 1988 collega
1288 1932 1350 1973 M.
1385 1932 1586 1973 Canuleio
1622 1933 1728 1973 diem

370 1995 522 2036 dixere.
573 1995 748 2036 subinde
785 1996 836 2037 ab
868 1996 1000 2037 isdem
1034 1995 1205 2036 tribunis
1237 1995 1390 2036 mentio
1426 1995 1468 2035 in
1499 2001 1645 2036 senatu
1681 1995 1731 2035 dc

370 2057 479 2112 agris
506 2058 738 2099 dividendis
764 2058 876 2099 illata
901 2064 975 2108 est,
1004 2058 1069 2098 eui
1095 2057 1244 2099 actioni
1271 2072 1435 2112 semper
1459 2057 1654 2098 acerrime
1681 2056 1729 2098 C.

373 2118 643 2174 Sempronius
675 2120 897 2170 restiterat,
935 2120 1052 2169 ratis,
1090 2120 1132 2160 id
1163 2120 1272 2174 quod
1304 2126 1407 2169 erat,
1445 2125 1515 2160 aut
1545 2119 1733 2174 deposita

370 2196 497 2222 causa
519 2181 716 2223 leviorem
742 2182 926 2223 futurum
954 2182 1065 2236 apud
1089 2188 1226 2236 patres
1246 2196 1361 2222 reum
1381 2188 1448 2221 aut
1467 2195 1733 2236 perseveran-

369 2251 452 2285 tem
478 2243 554 2285 sub
580 2244 719 2285 iudicii
745 2251 907 2299 tempus
939 2243 1103 2298 plebem
1128 2243 1395 2284 offensurum.
1444 2243 1641 2284 adversae
1671 2243 1733 2283 in-

370 2306 504 2347 vidiae
537 2306 644 2348 obici
674 2307 818 2347 maluit
848 2313 888 2347 et
913 2320 1012 2347 suae
1042 2320 1189 2347 nocere
1221 2320 1370 2347 causae
1395 2320 1518 2359 quam
1542 2305 1732 2359 publicae

371 2369 534 2418 deesse,
568 2369 759 2422 stetitque
784 2369 826 2409 in
852 2369 996 2410 eadem
1023 2368 1242 2418 sententia,
1274 2382 1325 2409 ne
1350 2382 1432 2421 qua
1456 2367 1618 2422 largitio
1643 2381 1732 2408 ces-

372 2446 467 2472 sura
490 2431 533 2470 in
558 2431 680 2472 trium
705 2431 879 2486 gratiam
906 2430 1163 2471 tribunorum
1188 2430 1315 2471 fieret.
1364 2443 1440 2470 nec
1471 2436 1555 2469 tarn
1585 2444 1731 2484 agrurn

370 2492 493 2546 plebi,
523 2493 597 2533 sed
622 2492 699 2534 sibi
724 2493 922 2533 invidiam
946 2492 1100 2546 quaeri.
1139 2507 1182 2533 se
1202 2506 1366 2545 quoque
1388 2491 1619 2532 subiturum
1639 2505 1728 2531 earn

372 2561 656 2609 tempestatem
682 2555 778 2596 forti
803 2555 953 2596 animo.
1003 2569 1079 2595 nec
1111 2554 1271 2596 senatui
1302 2553 1404 2594 tanti
1429 2568 1473 2594 se
1504 2553 1633 2593 civem
1659 2557 1729 2592 aut

371 2631 620 2670 quemquam
645 2617 770 2658 alium
796 2617 945 2659 debere
971 2631 1082 2666 esse,
1114 2623 1159 2657 ut
1183 2618 1224 2657 in
1249 2616 1455 2671 parcendo
1480 2615 1550 2655 uni
1574 2613 1728 2654 malum

310 2691 347 2719 lo
372 2678 582 2731 publicum
607 2679 690 2720 fiat.
740 2680 867 2721 nihilo
899 2679 1141 2721 demissiore
1172 2679 1328 2728 animo,
1366 2692 1460 2718 cum
1491 2676 1578 2716 dies
1603 2675 1728 2725 venit,

373 2753 497 2781 causa
534 2740 621 2795 ipse
653 2756 727 2796 pro
759 2757 803 2783 se
835 2742 962 2790 dicta,
1001 2741 1248 2795 nequiquam
1281 2739 1418 2780 omnia
1449 2737 1626 2792 expertis
1660 2751 1731 2792 pa-
