1835 3226
331 222 410 259 114
620 225 768 259 mum<
793 224 848 267 11,
868 224 921 257 52.
940 224 994 257 53.
1024 227 1071 266 [a.
1088 236 1120 258 u.
1136 236 1167 258 e.
1183 226 1379 270 ars—251]

325 330 550 370 edixerunt.
600 341 648 367 ea
672 327 714 366 in
739 332 861 380 caput
886 326 1019 366 vertit.
1069 337 1222 381 negant
1247 327 1390 369 tulisse
1414 328 1682 383 ignominiam

325 389 724 444 aegritudinemque,
749 387 846 428 inde
870 387 1014 429 morbo
1039 387 1305 442 absumptum
1330 403 1434 430 esse.

409 450 531 491 Alius
569 449 717 490 deinde
747 464 842 490 reus
875 448 949 504 Sp.
984 448 1202 500 Servilius,
1242 458 1285 491 ut
1321 451 1536 492 consulatu
1571 452 1683 502 abiit,

327 512 375 553 C.
403 511 552 552 Nautio
578 518 616 552 et
641 510 690 551 P.
718 510 885 552 Valerio
917 511 1176 561 consulibus,
1207 512 1324 554 initio
1350 513 1488 555 statim
1512 513 1608 554 anni
1632 514 1684 554 ab

325 574 376 613 L.
406 572 602 614 Caedicio
629 585 668 613 et
688 573 738 614 T.
761 571 895 614 Statio
920 573 1093 615 tribunis
1119 574 1185 614 die
1210 574 1337 624 dicta,
1363 590 1446 616 non
1470 581 1516 615 ut
1538 574 1685 616 Mene-

326 635 417 675 nius
453 634 646 689 precibus
683 635 778 676 suis·
805 642 876 675 aut
911 642 1094 690 patrum,
1132 636 1206 676 scd
1242 651 1336 677 cum
1371 637 1500 677 multa
1534 636 1685 678 fiducia

281 711 294 737 .·
326 696 583 737 innocentiae
613 696 851 751 gratiaeque
882 696 1121 738 tribunicios
1152 697 1330 751 impetus
1362 698 1465 739 tulit.
1515 705 1555 739 et
1588 697 1684 739 huic

323 758 524 812 proelium
549 773 642 799 cum
663 758 814 800 Tuscis
840 759 893 799 ad
918 759 1149 799 Ianiculum
1175 766 1261 800 erat
1286 759 1456 800 crimini.
1507 760 1581 800 sed
1604 759 1685 800 fer-

324 819 406 859 vidi
432 820 558 860 animi
584 820 655 869 vir,
682 827 727 860 ut
751 819 794 860 in
817 820 984 874 publico
1008 821 1191 875 periculo
1211 828 1322 871 ante,
1350 821 1409 862 sic
1428 830 1514 862 tum
1534 821 1576 861 in
1596 836 1684 871 suo,

322 896 403 922 non
428 881 614 922 tribunos
639 882 782 931 modo,
816 882 890 923 sed
913 882 1078 936 plebem
1103 883 1285 924 oratione
1311 883 1438 924 feroci
1467 882 1684 924 refutando

323 943 692 997 exprobrandoque
706 944 755 985 Τ.
770 943 942 993 Meneni
955 945 1262 986 damnationem
1276 952 1546 998 mortemque,
1567 945 1684 986 cuius

322 1005 449 1058 patris
475 1020 644 1046 munere
668 1006 858 1047 restituta
882 1007 1090 1059 quondam
1114 1006 1233 1062 plebs
1267 1021 1336 1048 eos
1367 1007 1500 1062 ipsos,
1533 1006 1684 1059 quibus

323 1079 411 1106 tum
437 1068 631 1117 saeviret,
664 1069 949 1123 magistratus,
982 1084 1052 1110 eas
1083 1069 1198 1124 leges
1230 1069 1418 1118 haberet,
1455 1068 1683 1123 periculum

277 1145 293 1167 μ
323 1128 495 1169 audacia
526 1129 734 1170 discussit.
783 1130 884 1170 iuvit
916 1139 956 1171 et
987 1131 1210 1186 Verginius
1244 1131 1403 1186 collega
1438 1131 1555 1172 testis
1590 1145 1685 1184 pro-

322 1190 469 1232 ductus
496 1192 778 1246 participando
802 1193 965 1243 laudes,
991 1194 1125 1248 magis
1152 1200 1289 1234 tamen
1313 1193 1612 1234 Menenianum
1630 1217 1680 1220 —

324 1252 427 1293 adeo
452 1261 710 1294 mutaverant
736 1254 918 1295 animum
943 1280 997 1284 -—
1023 1255 1176 1309 profuit
1202 1255 1411 1295 iudicium.

408 1314 532 1356 LIII.
572 1314 811 1357 Ccrtamina
835 1317 945 1358 (lomi
969 1317 1095 1358 finita.
1133 1317 1287 1358 Veiens
1308 1316 1462 1358 bellum
1482 1322 1681 1363 exortum,

322 1376 472 1428 quibus
512 1376 658 1418 Sabini
693 1393 807 1418 arma
844 1381 1154 1420 coniunxerunt.
1215 1378 1263 1419 P.
1296 1378 1487 1419 Valerius
1526 1377 1680 1425 consul,

323 1438 464 1480 accitis
496 1439 743 1481 Latinorum
773 1440 1133 1494 Hernicorumque
1171 1441 1333 1482 auxiliiS
1371 1455 1465 1481 cum
1501 1439 1682 1480 exercitu

322 1499 450 1541 Veios
470 1501 642 1550 missus,
670 1508 804 1542 castra
820 1500 994 1551 Sabina,
1021 1517 1126 1555 quae
1146 1517 1220 1557 pro
1240 1502 1456 1543 moenibus
1477 1503 1681 1543 sociorum

321 1561 454 1603 locata
479 1571 611 1612 erant,
644 1564 861 1605 confestim
887 1565 1143 1619 adgreditur,
1176 1572 1414 1618 tantamque
1445 1564 1680 1619 trepidatio-

320 1638 414 1664 nem
439 1624 595 1674 iniecit,
623 1634 685 1674 ut,
712 1626 811 1666 dum
830 1627 1006 1681 dispersi
1031 1627 1098 1667 alii
1124 1627 1203 1668 alia
1228 1628 1512 1682 manipulatim
1538 1642 1682 1668 excur-

319 1692 414 1725 runt
438 1686 491 1726 ad
515 1687 735 1728 arcendam
759 1687 941 1728 hostium
966 1688 1067 1738 xim,
1106 1703 1154 1730 ea
1182 1696 1317 1743 porta,
1357 1689 1423 1729 cui
1454 1689 1572 1744 signa
1601 1691 1682 1743 pri-

276 1763 291 1784 ·.
320 1763 434 1788 mum
474 1748 684 1798 intulerat,
734 1756 959 1804 caperetur.
1019 1751 1126 1791 intra
1161 1751 1315 1792 vallum
1351 1751 1498 1792 deinde
1535 1750 1680 1791 caedes

320 1809 451 1864 magis
477 1824 602 1863 quam
627 1811 829 1865 proelium
849 1826 954 1853 esse.
993 1812 1193 1854 tumultus
1214 1829 1235 1854 e
1255 1813 1398 1854 castris
1420 1819 1459 1853 ct
1476 1813 1518 1852 in
1537 1811 1680 1852 urbem

318 1879 522 1925 penetrat:
559 1880 772 1927 tamquam
803 1873 919 1916 Veiis
951 1876 1101 1929 captis,
1138 1875 1194 1916 ita
1224 1875 1365 1930 pavidi
1395 1874 1592 1916 Veientes
1629 1873 1681 1914 ad

319 1949 432 1975 arma
457 1942 636 1976 currunt.
685 1951 781 1990 pars
804 1935 971 1978 Sabinis
997 1944 1095 1978 cunt
1121 1937 1326 1987 subsidio,
1352 1953 1447 1992 pars
1467 1937 1679 1978 Romanos

275 2005 292 2031 3
319 2002 403 2036 toto
427 1996 585 2051 impetu
609 1997 786 2039 intentos
812 1998 854 2038 in
874 2008 1009 2040 castra
1028 2000 1280 2040 adoriuntur.
1317 1999 1527 2054 paulisper
1546 1997 1680 2039 aversi

319 2057 551 2113 turlmtique
582 2066 695 2109 sunt,
728 2060 876 2101 deinde
901 2069 941 2101 et
965 2061 1046 2115 ipsi
1069 2068 1244 2115 utroque
1270 2062 1400 2102 versis
1427 2060 1553 2115 signis
1580 2062 1681 2101 resi-

319 2127 432 2160 stunt
457 2129 496 2161 ct
521 2135 666 2174 eques,
693 2121 745 2163 ab
771 2122 939 2163 consule
964 2123 1179 2172 inmissus,
1207 2123 1369 2164 Tuscos
1389 2122 1525 2163 fundit
1543 2120 1680 2175 fugat-

319 2196 411 2234 que.
471 2183 616 2223 cadem
646 2183 747 2225 hora
778 2184 859 2225 duo
891 2185 1113 2234 exercitus,
1152 2185 1258 2226 (luae
1293 2184 1602 2240 potentissimae
1639 2189 1676 2222 et

318 2244 523 2285 maximae
546 2244 758 2286 finitumae
783 2253 928 2300 gentes
955 2254 1169 2301 superatae
1196 2255 1302 2288 sunt.

402 2305 519 2346 Dum
553 2306 657 2348 haec
692 2307 746 2348 ad
781 2306 909 2349 Veios
946 2316 1162 2363 geruntur,
1199 2308 1344 2350 Volsci
1379 2308 1600 2362 Aequique
1634 2305 1677 2346 in

316 2366 470 2408 Latino
496 2383 596 2423 agro
621 2376 845 2423 posuerant
869 2378 1003 2411 castra
1028 2371 1295 2425 populatique
1318 2371 1422 2412 fines
1442 2375 1568 2411 erant.
1607 2382 1676 2408 eos

319 2443 390 2481 per
415 2444 458 2470 se
483 2429 563 2484 ipsi
586 2430 748 2481 Latini,
775 2431 1006 2486 adsumptis
1031 2432 1246 2483 Hernicis,
1280 2433 1367 2474 sine
1391 2432 1581 2474 Romano
1607 2437 1677 2469 aut

279 2502 292 2526 .·
318 2490 420 2532 duee
446 2500 516 2532 aut
541 2493 694 2534 auxilio
719 2493 862 2534 castris
889 2504 1102 2535 exuerunt.
1151 2495 1308 2551 ingenti
1337 2495 1492 2549 praeda
1516 2503 1677 2550 praeter

318 2565 412 2592 suas
438 2553 685 2608 reciperatas
710 2569 775 2596 res
805 2555 924 2610 potiti
955 2563 1062 2597 sunt.
1112 2557 1264 2598 missus
1296 2565 1434 2597 tamen
1463 2556 1516 2598 ab
1539 2557 1674 2598 Roma

318 2614 461 2654 consul
485 2615 526 2655 in
551 2615 728 2658 Volscos
755 2615 804 2658 C.
829 2617 1019 2659 Nautius.
1068 2634 1176 2668 mos,
1205 2619 1344 2667 credo,
1378 2633 1460 2659 non
1485 2617 1671 2672 placebat

320 2673 405 2714 sine
424 2674 612 2718 Romano
639 2679 742 2721 duee
767 2679 1030 2733 exercituque
1054 2679 1187 2721 socios
1208 2680 1382 2734 propriis
1403 2678 1557 2720 viribus
1577 2692 1672 2719 con-
