1835 3226
307 227 390 269 454
622 231 772 266 LIBER
795 229 926 274 vnn,
954 229 1080 262 1213.
1109 231 1157 272 [a.
1171 240 1205 263 u.
1221 240 1252 263 ο.
1266 230 1349 272 434]

261 352 281 382 8
307 344 463 392 coepta.
506 333 752 390 pertinacior
776 348 871 387 pars
897 338 1055 372 armata
1078 345 1152 386 per
1176 345 1365 372 aversam
1389 337 1550 386 portam
1575 346 1666 372 eru-

242 784 279 813 10

241 971 277 1000 11

262 1342 279 1371 10

262 2213 279 2241 ti

263 2336 278 2364 7

261 2580 280 2610 U.)

305 400 363 454 pit
385 398 589 450 tutiorque
610 396 668 436 eis
689 395 861 436 audacia
880 393 959 434 fuit
978 408 1101 447 quam
1126 393 1315 434 incautus
1341 394 1393 434 ad
1419 393 1667 434 credendum

306 460 451 502 ceteris
471 473 611 513 pavor,
633 471 737 510 quos
759 457 1032 497 circumdatos
1047 455 1134 511 igni
1148 456 1397 510 nequiquam
1411 456 1510 497 deos
1524 455 1669 496 fidem-

305 537 385 575 que
411 521 650 561 invocantes
679 517 888 560 Samnites
916 524 1292 559 concremaverunt.

393 582 598 624 Consules
623 581 729 622 inter
755 596 798 622 se
823 581 962 636 partiti
986 580 1238 635 provincias:
1270 578 1462 634 Papirius
1488 580 1530 620 in
1549 579 1669 635 Apu-

305 646 401 686 liam
427 645 479 685 ad
503 644 728 685 Luceriam
753 644 906 698 pergit,
939 643 1011 684 ubi
1036 643 1194 696 equites
1220 642 1399 683 Romani
1424 641 1589 683 obsides
1616 642 1669 682 ad

307 707 514 749 Caudium
535 706 619 746 dati
640 705 989 754 custodiebantur,
1015 704 1221 746 Publilius
1240 705 1281 745 in
1298 704 1468 746 Samnio
1489 704 1670 745 substitit

305 770 502 811 adversus
514 768 725 809 Caudinas
740 768 936 823 legiones.
969 767 1164 808 distendit
1178 782 1226 808 ea
1239 783 1303 808 res
1321 766 1568 808 Samnitium
1583 767 1670 807 ani-

303 847 406 880 mos,
427 831 538 885 quod
559 845 634 871 nec
653 831 705 871 ad
718 831 942 871 Luceriam
967 830 1037 880 ire,
1057 845 1109 871 ne
1128 829 1179 870 ab
1202 836 1318 884 tergo
1336 829 1505 870 instaret
1525 829 1667 878 hostis,

305 909 379 935 nec
399 908 577 942 manere,
597 908 648 933 ne
662 893 842 934 Luceria
861 892 1022 932 interim
1042 892 1307 941 amitteretur,
1330 891 1428 933 satis
1449 891 1667 932 audebant.

305 956 507 1011 optimum
531 955 668 995 visum
694 961 756 995 est
781 955 1035 996 committere
1060 969 1147 995 rem
1165 954 1353 995 fortunae
1379 959 1419 994 ct
1442 953 1669 1008 transigere

306 1033 398 1059 cum
424 1017 604 1058 Publilio
631 1023 849 1057 certamen.
898 1017 1037 1069 itaque
1062 1017 1104 1056 in
1129 1016 1260 1056 aciem
1286 1015 1425 1070 copias
1452 1015 1644 1056 educunt.

391 1079 521 1120 XIII.
576 1078 795 1120 Adversus
828 1094 932 1132 quos
963 1078 1168 1127 Publilius
1202 1077 1345 1119 consul
1377 1092 1470 1118 cum
1502 1077 1670 1119 dimica-

306 1149 422 1182 turus
460 1147 588 1191 esset,
631 1142 744 1196 prius
783 1141 1064 1194 adloquendos
1102 1140 1251 1181 milites
1288 1147 1401 1181 ratus
1438 1140 1669 1180 contionem

306 1204 498 1244 advocari
529 1203 662 1244 iussit.
713 1210 893 1244 ceterum
926 1203 1031 1244 sicut
1061 1203 1217 1258 ingenti
1243 1202 1450 1243 alacritate
1476 1202 1529 1242 ad
1552 1216 1669 1256 prae-

306 1265 455 1306 torium
487 1279 734 1306 concursum
767 1272 846 1314 est,
879 1265 933 1305 ita
965 1279 1062 1319 prae
1097 1265 1274 1305 elamore
1304 1264 1563 1318 poscentium
1593 1278 1670 1317 pu-

306 1343 432 1383 gnam
457 1327 570 1367 nulla
596 1327 825 1367 adhortatio
851 1327 1108 1381 imperatoris
1129 1327 1268 1367 audita
1288 1333 1361 1366 est.
1400 1340 1499 1367 suus
1521 1325 1667 1377 cuique

307 1390 468 1431 animus
496 1404 652 1430 memor
675 1389 925 1444 ignominiae
951 1388 1186 1429 adhortator
1211 1388 1363 1428 aderat.
1411 1387 1568 1427 vadunt
1593 1386 1669 1440 igi-

307 1452 437 1492 turin
468 1451 668 1505 proelium
701 1457 895 1505 urgentes
928 1450 1147 1505 signiferos
1180 1456 1236 1499 et,
1273 1464 1324 1490 ne
1355 1464 1469 1489 mora
1498 1449 1540 1488 in
1572 1462 1668 1488 con-

307 1528 430 1553 cursu
465 1512 558 1567 pilis
597 1513 831 1553 emittendis
869 1513 1200 1567 stringendisque
1236 1512 1331 1552 inde
1362 1511 1510 1566 gladiis
1543 1516 1664 1558 esset,

305 1575 390 1629 pila
425 1574 537 1615 velut
574 1574 670 1615 dato
707 1574 759 1614 ad
794 1574 837 1614 id
874 1575 992 1628 signo
1029 1573 1211 1614 abiciunt
1247 1573 1479 1626 strictisque
1516 1571 1665 1627 gladiis

307 1651 430 1677 cursu
465 1637 506 1676 in
545 1635 708 1676 hostem
744 1636 942 1676 feruntur.
993 1635 1094 1675 nihil
1129 1635 1211 1675 illie
1247 1634 1531 1688 imperatoriae
1568 1634 1665 1674 artis

306 1698 517 1739 ordinibus
549 1705 620 1739 aut
651 1697 847 1738 subsidiis
879 1697 1064 1738 locandis
1096 1697 1191 1746 suit,
1225 1697 1362 1737 omnia
1391 1697 1452 1736 ira
1482 1696 1667 1737 militaris

305 1775 432 1816 prope
464 1775 619 1801 vesano
650 1760 806 1814 impetu
838 1759 933 1814 egit.
983 1759 1120 1813 itaque
1151 1774 1232 1800 non
1263 1758 1346 1799 fusi
1376 1758 1499 1798 modo
1528 1758 1668 1799 hostes

307 1831 420 1872 sunt,
466 1823 540 1864 sed
576 1837 627 1863 ne
666 1822 810 1863 castris
848 1822 1015 1875 quidem
1054 1822 1140 1863 suis
1177 1822 1321 1876 fugam
1357 1820 1542 1875 inpedire
1580 1821 1667 1861 ausi

305 1886 505 1942 Apuliam
530 1886 720 1941 dissipati
744 1886 897 1941 petiere
905 1902 915 1935 3
947 1885 1171 1926 Luceriam
1197 1892 1335 1925 tamen
1360 1890 1502 1925 coacto
1526 1897 1670 1923 rursus

306 1950 347 1989 in
384 1964 514 1990 unum
551 1949 716 2003 agmine
754 1953 816 1989 est
852 1953 1109 2002 perventum.
1164 1946 1377 1987 Romanos
1415 1946 1475 1986 ira
1511 1945 1669 1994 eadem,

307 2026 412 2065 quae
438 2026 512 2066 per
536 2011 714 2051 mediam
741 2010 871 2051 aciem
896 2010 1077 2050 hostium
1103 2008 1268 2058 tulerat,
1296 2015 1335 2049 et
1359 2008 1401 2048 in
1427 2013 1560 2048 castra
1579 2021 1671 2062 pcr-

305 2073 408 2114 tulit.
458 2073 515 2114 ibi
545 2072 638 2127 plus
671 2087 796 2126 quam
826 2072 869 2112 in
899 2072 985 2112 acie
1019 2071 1232 2126 sanguinis
1264 2085 1313 2112 ae
1344 2070 1480 2111 caedis
1512 2069 1669 2110 factum

305 2135 568 2189 praedaeque
593 2149 689 2189 pars
716 2135 846 2174 maior
870 2134 930 2174 ira
955 2143 1159 2188 corrupta.

390 2190 627 2238 Exercitus
648 2196 751 2237 alter
787 2211 881 2237 cum
912 2195 1081 2250 Papirio
1118 2194 1286 2236 consule
1321 2194 1422 2236 locis
1454 2193 1669 2234 maritimis

304 2265 546 2313 pervenerat
570 2258 710 2314 Arpos
743 2273 816 2313 per
841 2259 979 2299 omnia
1003 2264 1150 2313 pacata
1177 2256 1424 2299 Samnitium
1450 2257 1582 2311 magis
1608 2257 1671 2296 in-

305 2322 418 2362 iuriis
451 2329 490 2362 et
522 2321 616 2363 odio
647 2336 771 2375 quam
802 2320 1002 2361 beneficio
1034 2320 1117 2361 ullo
1149 2320 1291 2375 populi
1321 2319 1512 2360 Romani.
1572 2333 1669 2359 nam

307 2382 516 2424 Samnites
554 2398 602 2424 ea
639 2389 882 2437 tempestate
918 2383 959 2423 in
996 2382 1206 2423 montibus
1239 2381 1404 2422 vicatim
1436 2380 1668 2421 habitantes

306 2446 551 2500 campestria
581 2452 621 2487 et
652 2445 856 2486 maritima
881 2445 966 2485 loca
995 2451 1231 2498 contempto
1258 2444 1460 2485 cultorum
1485 2442 1669 2483 molliore

306 2515 445 2560 atque,
478 2514 523 2548 ut
549 2507 686 2549 evenit
710 2507 816 2555 fere,
843 2507 944 2548 loeis
972 2507 1094 2548 simili
1119 2521 1268 2561 genere
1294 2505 1374 2560 ipsi
1399 2504 1583 2545 montani
1608 2510 1669 2544 at-

306 2583 384 2621 que
410 2576 594 2623 agrestes
621 2569 989 2623 depopulabantur.
1039 2583 1145 2622 quae
1169 2568 1284 2623 regio
1311 2568 1345 2609 si
1370 2567 1452 2608 fida
1472 2565 1668 2608 Samniti-

305 2628 382 2669 bus
415 2630 579 2681 fuisset,
618 2638 687 2672 aut
719 2631 930 2685 pervenire
956 2630 1095 2685 Arpos
1128 2630 1330 2671 exereitus
1356 2629 1571 2670 Romanus
1596 2639 1667 2666 ne-

307 2691 461 2743 quisset
487 2700 554 2733 aut
580 2693 790 2734 interiecta
809 2694 914 2734 inter
928 2693 1102 2734 Romam
1125 2699 1163 2734 et
1179 2691 1317 2746 Arpos
1338 2691 1508 2746 penuria
1529 2701 1662 2729 rerum
