1835 3226
275 292 292 320 9

251 2274 285 2299 lo

252 2521 258 2546 l
275 2520 280 2546 l

320 165 401 206 372
604 171 754 205 Lmen
783 171 870 214 vn,
897 172 949 204 21.
970 172 1023 205 22.
1051 173 1097 214 [a.
1115 172 1286 206 u.e.403.
1306 173 1387 217 404]

405 276 554 316 Terror
578 274 672 314 inde
699 289 829 314 vanus
856 273 951 314 belli
976 273 1162 324 Etrusci,
1190 289 1283 315 cum
1309 276 1544 319 coniurasse
1570 279 1670 321 duo·

318 338 449 378 decim
476 336 650 390 populos
676 335 788 376 fama
812 342 940 385 esset,
972 335 1212 377 dictatorem
1238 337 1318 377 dici
1342 338 1488 392 coegit.
1538 340 1670 382 dictus

318 400 358 439 in
395 398 538 439 castris
569 422 624 426 —
655 412 703 438 eo
734 397 842 438 enim
873 398 925 438 ad
956 397 1144 439 consules
1175 398 1348 439 missum
1380 406 1546 441 senatus
1578 415 1672 442 con-

319 460 471 501 sultum
502 465 565 500 est
588 484 643 488 —
675 458 724 500 C.
750 459 901 509 Iulius,
940 459 1005 500 eui
1036 460 1233 515 magister
1267 461 1450 514 equitum
1488 463 1672 503 adiectus

317 523 369 563 L.
395 521 614 563 Aemilius.
675 528 857 562 ceterum
882 521 982 562 foris
1009 523 1226 575 tranquilla
1251 524 1388 564 omnia
1413 524 1540 565 fuere.

400 583 556 624 XXII.
613 583 879 638 Temptatum
915 584 1026 624 domi
1062 599 1135 638 per
1171 585 1431 635 dictatorem,
1469 594 1514 626 ut
1550 585 1671 627 ambo

316 646 475 700 patricii
501 645 692 686 consules
718 652 964 694 crearentur,
990 660 1076 686 rem
1098 646 1150 686 ad
1168 646 1447 702 interregnum
1466 647 1669 702 perduxit.

316 708 397 748 duo
427 707 652 762 interreges
680 706 729 748 C.
759 706 968 762 Sulpicius
1001 714 1040 748 et
1064 707 1125 748 M.
1152 707 1308 749 Fabius
1340 709 1568 764 interpositi
1600 709 1673 751 ob-

317 770 491 819 tinuere,
517 769 629 823 quod
648 769 820 810 dictator
838 770 990 810 frustra
1010 770 1248 819 tetenderat,
1275 770 1432 811 mitiore
1452 771 1532 812 iam
1553 771 1672 826 plebe

316 831 367 873 ob
404 846 547 873 reeens
584 831 775 872 meritum
811 831 935 872 levati
971 831 1076 872 aeris
1109 832 1249 882 alieni,
1287 839 1331 873 ut
1361 833 1483 874 ambo
1513 834 1672 888 patricii

316 894 506 935 eonsules
532 900 778 935 crearentur.
829 894 954 935 creati
978 894 1067 948 ipse
1089 893 1138 936 C.
1156 892 1366 949 Sulpicius
1387 895 1575 945 Peticus,
1602 896 1672 950 qui

315 956 425 1010 prior
454 956 690 1012 interregno
721 956 838 1006 abiit,
876 963 916 997 et
947 956 996 996 T.
1026 955 1246 1009 Quinctius
1277 956 1446 997 Pennus
1457 974 1467 1007 3
1505 958 1671 1011 quidam

319 1017 570 1067 Caesonem,
609 1018 676 1059 alii
709 1017 757 1059 C.
791 1033 941 1059 nomen
967 1017 1163 1070 Quinctio
1194 1019 1387 1060 adiciunt.
1437 1019 1488 1060 ad
1519 1019 1671 1061 bellum

317 1080 439 1121 ambo
460 1080 647 1135 profecti,
667 1080 879 1121 Faliscum
889 1079 1122 1133 Quinctius,
1141 1079 1350 1136 Sulpicius
1359 1081 1671 1135 Tarquiniense,

316 1157 520 1195 nusquam
540 1142 626 1183 acie
647 1157 869 1197 congresso
888 1142 1006 1183 hoste
1027 1157 1120 1183 eum
1140 1143 1249 1198 agris
1270 1144 1402 1198 magis
1428 1158 1553 1196 quam
1579 1159 1672 1184 cum

316 1204 552 1245 hominibus
591 1205 746 1245 urendo
782 1204 1100 1258 populandoque
1136 1213 1354 1260 gesserunt
1391 1205 1516 1255 bella;
1554 1206 1670 1247 cuius

315 1266 448 1307 lentae
480 1267 591 1307 velut
621 1266 726 1308 tabis
760 1267 873 1307 senio
906 1266 1013 1307 victa
1044 1267 1256 1320 utriusque
1282 1267 1506 1321 pertinacia
1530 1268 1671 1322 populi

316 1335 396 1377 est,
435 1335 478 1369 ut
508 1329 685 1383 primum
717 1344 740 1369 a
777 1328 1033 1378 consulibus,
1071 1329 1164 1368 dein
1200 1329 1405 1383 permissu
1442 1343 1582 1370 eorum
1618 1329 1670 1370 ab

316 1398 460 1431 senatu
490 1391 669 1431 indutias
700 1398 895 1445 peterent.
949 1390 991 1430 in
1022 1391 1294 1446 quadraginta
1325 1406 1452 1432 annos
1478 1391 1670 1445 impetra-

317 1462 472 1493 verunt.
511 1453 567 1493 ita
585 1453 719 1507 posita
737 1453 912 1493 duorum
932 1451 1132 1494 bellorum
1149 1468 1255 1506 quae
1280 1452 1533 1493 inminebant
1558 1468 1668 1501 cura,

315 1514 413 1554 dum
439 1514 575 1567 aliqua
600 1514 651 1555 ab
677 1514 801 1555 armis
827 1514 943 1568 quies
970 1521 1096 1563 esset,
1123 1515 1220 1568 quia
1245 1515 1392 1556 solutio
1418 1515 1522 1556 aeris
1548 1515 1669 1555 alieni

314 1575 534 1616 multarum
559 1590 695 1615 rerum
721 1582 949 1616 mutaverat
975 1576 1183 1625 dominos,
1216 1591 1384 1618 censum
1410 1577 1477 1632 agi
1502 1576 1667 1631 placuit.

315 1644 495 1678 ceterum
527 1652 621 1678 cum
651 1637 890 1679 censoribus
923 1638 1109 1678 creandis
1140 1638 1293 1679 indicta
1324 1639 1487 1680 comitia
1517 1646 1668 1688 essent,

313 1699 525 1754 professus
564 1713 780 1740 censuram
818 1713 861 1740 se
898 1706 1036 1754 petere
1075 1698 1123 1741 C.
1161 1699 1346 1741 Marcius
1376 1701 1561 1750 Rutilus,
1598 1701 1668 1754 qui

314 1761 470 1815 primus
490 1761 663 1802 dictator
688 1761 737 1802 de
762 1760 882 1816 plebe
907 1761 1060 1811 fuerat,
1087 1762 1348 1802 concordiam
1373 1762 1561 1803 ordinum
1586 1770 1667 1803 tur-

315 1822 436 1864 bavit.
474 1823 586 1876 quod
604 1822 820 1864 videbatur
837 1823 1004 1876 quidem
1024 1830 1208 1878 tempore
1227 1823 1360 1864 alieno
1379 1823 1548 1873 fecisse,
1574 1824 1667 1877 quia

314 1884 434 1925 ambo
460 1892 547 1925 turn
572 1884 676 1926 forte
701 1885 861 1939 patricii
886 1885 1077 1926 consules
1103 1892 1235 1935 erant,
1262 1885 1332 1939 qui
1356 1885 1556 1926 rationem
1581 1885 1669 1927 eius

315 1961 358 1987 se
389 1947 602 1988 habituros
632 1946 859 2002 negabant3
897 1947 971 1988 sed
1001 1954 1041 1988 et
1070 1947 1159 2002 ipse
1196 1947 1426 1989 constantia
1460 1948 1669 2003 inceptum

313 2009 487 2050 obtinuit
518 2017 558 2050 et
588 2008 740 2050 tribuni
771 2009 882 2050 omni
912 2010 971 2059 vi,
1003 2010 1267 2065 reciperaturi
1291 2010 1355 2051 ius
1382 2010 1668 2052 consularibus

313 2071 486 2112 comitiis
513 2071 730 2121 amissum,
758 2071 1020 2122 adiuverunt3
1046 2079 1086 2113 et
1105 2087 1199 2113 cum
1218 2072 1348 2127 ipsius
1373 2072 1449 2112 viri
1473 2073 1667 2114 maiestas

311 2134 462 2174 nullius
488 2133 654 2175 honoris
680 2133 893 2189 fastigium
918 2149 1001 2175 non
1027 2133 1247 2188 aequabat,
1274 2141 1361 2174 tum
1379 2149 1453 2189 per
1476 2135 1667 2184 eundem,

312 2195 381 2249 qui
413 2196 466 2237 ad
497 2196 742 2237 dictaturam
773 2196 1003 2250 aperuisset
1033 2196 1163 2246 viam,
1195 2211 1410 2237 censuram
1436 2211 1599 2250 quoque
1623 2197 1665 2237 in

311 2264 469 2311 partem
493 2258 633 2299 vocari
656 2257 798 2313 plebes
825 2257 1001 2299 volebat.
1051 2273 1127 2299 nec
1157 2258 1358 2299 variatum
1390 2259 1564 2300 comitiis
1590 2266 1664 2309 est,

311 2320 409 2373 quin
435 2334 528 2361 cum
553 2319 713 2361 Manlio
740 2318 886 2362 Gnaeo
911 2335 1057 2361 censor
1080 2319 1266 2361 Marcius
1293 2327 1510 2361 crearetur.

393 2382 651 2424 Dictatorem
677 2397 840 2436 quoque
866 2382 932 2424 hie
957 2398 1088 2424 annus
1108 2382 1252 2424 habuit
1269 2382 1331 2423 M.
1351 2382 1529 2424 Fabium
1553 2383 1666 2423 nullo

312 2452 463 2485 terrore
488 2444 603 2495 belli,
631 2446 704 2487 sed
729 2459 779 2486 ne
803 2445 969 2486 Licinia
992 2445 1059 2486 lex
1084 2445 1258 2486 comitiis
1285 2445 1568 2487 consularibus
1594 2445 1666 2486 ob-

314 2514 554 2548 servaretur.
603 2507 802 2563 magister
832 2508 1018 2561 equitum
1044 2507 1230 2548 dictatori
1255 2507 1419 2549 additus
1446 2506 1498 2560 Q.
1527 2505 1665 2548 Servi-
1716 2547 1719 2550 Α

311 2568 401 2609 lius.
457 2584 532 2610 nec
568 2576 706 2610 tamen
742 2569 943 2611 dictatura
979 2568 1250 2624 potentiorem
1287 2584 1381 2610 eum
1417 2583 1663 2610 consensum

314 2638 472 2682 patrum
498 2631 782 2673 consularibus
809 2633 984 2674 comitiis
1010 2632 1105 2673 fecit
1136 2646 1259 2686 quam
1292 2631 1487 2673 censoriis
1518 2630 1664 2672 fuerat.
