1780 3204
428 238 582 272 LIBER
605 238 676 282 v1,
700 238 754 272 21.
773 238 827 271 22.
855 240 902 281 [a.
919 237 956 271 C.
973 237 1168 281 asi—331]
1394 230 1473 269 327

125 351 394 396 auctoresque
419 341 660 383 defectionis
686 341 737 382 ab
757 341 956 382 Romanis
981 348 1111 391 metu,
1139 356 1189 382 ne
1216 342 1292 383 soli
1317 342 1475 382 crimini

126 405 299 446 subiecti
323 404 484 459 piacula
512 404 595 445 irae
620 403 901 444 Romanorum
931 403 1193 453 dederentur,
1232 404 1476 446 avertissent

126 467 305 508 colonias
332 482 355 507 a
380 466 560 507 consiliis
585 466 712 521 pacis.
755 480 887 519 neque
912 466 955 506 in
980 473 1125 507 senatu
1150 465 1282 507 solum
1308 481 1381 521 per
1405 481 1475 508 eos
1502 479 1520 509 8

125 530 275 585 legatio
305 530 487 584 inpedita
517 537 597 579 est,
636 529 709 570 sed
739 544 890 584 magna
920 544 1015 584 pars
1045 529 1178 584 plebis
1209 531 1394 580 incitata,
1432 542 1477 571 ut

124 592 365 646 praedatum
394 591 437 632 in
472 606 617 646 agrum
646 591 881 632 Romanum
919 591 1087 632 exirent.
1136 591 1239 632 haec
1273 608 1381 633 nova
1416 593 1477 633 in-

124 654 227 694 iuria
258 653 489 694 exturbavit
519 668 683 694 omnem
715 668 830 708 spem
861 654 988 708 pacis.
1037 654 1088 695 de
1112 653 1474 696 Praenestinorum
1502 667 1519 696 9

123 730 286 769 quoque
312 715 541 756 defectione
567 729 614 756 eo
639 730 745 756 anno
770 715 948 769 primum
973 715 1085 756 fama
1110 724 1249 757 exorta
1259 733 1269 766 3
1301 731 1475 772 arguen-

124 777 316 831 tibusque
342 792 411 818 eos
438 777 686 818 Tusculanis
713 784 751 817 et
772 775 946 819 Gabinis
973 784 1010 818 et
1029 778 1274 828 Labicanis,
1301 793 1475 832 quorum

123 840 163 879 in
188 839 290 880 fines
315 840 566 880 incursatum
592 845 696 888 crat,
721 839 778 879 ita
796 838 956 893 placide
983 839 1034 880 ab
1061 847 1206 880 senatu
1231 855 1474 895 responsum

122 908 202 951 est,
238 908 283 942 ut
314 902 449 942 minus
481 901 590 942 credi
620 901 671 941 de
701 901 958 951 criminibus,
996 902 1091 955 quia
1121 902 1277 943 nollent
1307 917 1356 944 ea
1378 917 1476 943 vera

122 978 231 1012 esse,
259 970 483 1018 appareret.

205 1026 360 1067 XXII.
397 1025 638 1079 Insequenti
662 1041 768 1066 anno
790 1024 862 1079 Sp.
890 1033 928 1066 et
948 1026 1000 1066 L.
1021 1025 1177 1080 Papirii
1201 1026 1298 1067 novi
1323 1026 1475 1067 tribuni
1505 1042 1511 1068 1

121 1088 294 1128 militum
315 1088 519 1129 consulari
536 1093 738 1142 potestate
752 1087 930 1128 Velitras
951 1087 1134 1142 legiones
1157 1088 1329 1137 duxere,
1356 1095 1474 1141 quat-

120 1156 211 1190 tuor
236 1149 422 1204 collegis,
452 1147 540 1190 Ser.
563 1147 756 1190 Cornelio
782 1148 1065 1204 Maluginensi
1091 1149 1272 1198 tertium,
1301 1148 1353 1201 Q.
1378 1148 1475 1191 Ser-

119 1211 232 1259 vilio,
278 1209 326 1251 C.
367 1209 568 1264 Sulpicio,
611 1210 664 1250 L.
702 1209 884 1250 Aemilio
920 1217 1110 1263 quartum
1148 1210 1378 1265 (tribunis),
1422 1212 1473 1252 ad

117 1272 365 1326 praesidium
398 1272 509 1313 urbis
541 1278 581 1312 et
607 1272 641 1312 si
666 1272 736 1325 qui
762 1287 814 1312 ex
838 1272 1003 1313 Etruria
1029 1272 1125 1313 novi
1151 1279 1286 1313 motus
1312 1274 1475 1314 nuntia-

115 1340 253 1373 rentur
278 1359 330 1362 —
357 1333 493 1374 omnia
519 1333 627 1374 enim
652 1333 747 1374 inde
774 1341 967 1389 suspecta
993 1341 1107 1374 erant
1133 1360 1186 1363 —
1211 1335 1377 1376 relictis.
1421 1336 1473 1377 ad
1500 1351 1517 1377 2>

118 1394 292 1435 Velitras
329 1395 527 1436 adversus
564 1396 719 1436 maiora
753 1411 884 1451 paene
921 1397 1073 1437 auxilia
1108 1396 1473 1439 Praenestinorum

116 1472 237 1510 quam
279 1457 413 1511 ipsam
455 1457 692 1499 colonorum
735 1459 1040 1499 multitudinem
1090 1460 1269 1500 secundo
1317 1461 1472 1514 proelio

115 1526 343 1574 pugnatum
374 1525 437 1560 est
465 1519 541 1569 ita,
578 1527 624 1560 ut
652 1521 938 1574 propinquitas
977 1520 1090 1562 urbis
1126 1521 1235 1561 hosti
1272 1529 1310 1562 et
1347 1537 1472 1563 causa

115 1581 346 1623 maturioris
383 1581 508 1637 fugae
546 1589 585 1622 et
621 1597 749 1622 unum
787 1597 837 1623 ex
873 1582 975 1637 suga
1010 1583 1315 1636 receptaculum
1349 1592 1469 1625 esset.

115 1643 254 1697 oppidi
291 1643 596 1698 oppugnatione
633 1643 785 1684 tribuni
823 1644 1075 1693 abstinuere,
1113 1644 1209 1697 quia
1245 1652 1284 1685 et
1321 1660 1471 1700 anceps
1499 1661 1517 1689 5}

116 1712 200 1745 erat
243 1719 319 1745 nec
361 1705 402 1745 in
442 1705 666 1759 perniciem
708 1705 891 1746 coloniae
927 1706 1197 1760 pugnandum
1235 1706 1470 1748 censebant.

116 1766 255 1806 literae
280 1766 457 1806 Romam
489 1767 541 1806 ad
567 1773 753 1806 senatum
780 1781 873 1807 cum
898 1767 1091 1807 victoriae
1116 1767 1269 1808 nuntiis
1296 1768 1473 1813 acriores,

117 1827 159 1866 in
199 1826 515 1868 Praenestinum
556 1842 679 1880 quam
721 1828 767 1868 in
799 1827 1058 1868 Veliternum
1100 1828 1263 1869 hostem
1306 1830 1470 1871 missae.

119 1888 254 1940 itaque
286 1902 337 1928 ex
369 1895 534 1929 senatus
566 1889 753 1929 consulto
778 1890 1001 1944 populique
1026 1890 1143 1931 iussu
1167 1890 1320 1931 bellum
1345 1892 1472 1933 Prae·
1497 1908 1515 1935 4

118 1949 288 1989 nestinis
320 1949 536 1999 indictum,
573 1950 644 2004 qui
675 1951 880 1991 coniuncti
906 1951 1071 1992 Volscis
1098 1967 1204 1993 anno
1229 1953 1472 2007 insequente

120 2009 344 2060 Satricum,
378 2011 579 2052 coloniam
608 2012 750 2066 populi
775 2012 953 2053 Romani
982 2014 1243 2067 pertinaciter
1267 2031 1291 2055 a
1316 2016 1470 2057 colonis

119 2072 350 2123 defensam,
388 2074 429 2113 vi
460 2082 747 2129 expugnarunt
778 2074 981 2128 foedeque
1012 2076 1055 2116 in
1086 2077 1215 2130 captis
1253 2092 1470 2120 exercuere

118 2135 343 2176 victoriam.
393 2150 481 2176 eam
507 2150 592 2176 rem
619 2151 740 2191 aegre
765 2137 877 2191 passi
900 2137 1078 2179 Romani
1103 2138 1164 2178 M.
1190 2139 1362 2180 Furium
1389 2139 1472 2182 Ca·
1497 2155 1515 2183 5

118 2196 275 2236 millum
302 2203 463 2237 sextum
483 2197 690 2239 tribunum
709 2199 884 2239 militum
903 2214 1104 2241 creavere.
1142 2201 1268 2241 additi
1289 2202 1470 2258 collegae

119 2257 173 2298 A.
200 2265 239 2298 et
262 2259 314 2299 L.
342 2258 546 2300 Postumii
570 2260 829 2315 Regillenses
855 2276 902 2302 ac
927 2262 980 2302 L.
1006 2262 1156 2303 Furius
1183 2278 1275 2304 eum
1301 2264 1353 2304 L.
1380 2265 1470 2305 Lu-

118 2321 242 2361 cretio
269 2327 307 2360 et
331 2320 392 2361 M.
418 2321 549 2362 Fabio
574 2321 795 2363 Ambusto.

203 2381 403 2423 Volscum
434 2382 587 2424 bellum
617 2384 678 2424 M.
710 2384 836 2425 Furio
873 2393 988 2427 extra
1024 2387 1207 2427 ordinem
1245 2388 1465 2430 decretum.
1493 2401 1511 2432 6

118 2444 278 2485 adiutor
302 2459 353 2484 ex
379 2444 549 2486 tribunis
576 2453 683 2487 sorte
708 2447 761 2487 L.
787 2447 938 2488 Furius
969 2448 1106 2498 datur,
1143 2464 1226 2490 non
1258 2456 1341 2490 tam
1372 2465 1394 2491 e
1423 2466 1466 2491 re

116 2506 279 2561 publica
305 2521 428 2559 quam
454 2514 497 2547 ut
516 2508 697 2563 collegae
717 2510 886 2550 materia
905 2510 958 2550 ad
979 2525 1143 2551 omnem
1161 2511 1325 2552 laudem
1345 2520 1466 2562 esset,

116 2575 156 2609 et
177 2568 359 2623 publice,
392 2570 503 2622 quod
531 2585 617 2611 rem
648 2571 874 2612 temeritate
905 2572 992 2613 eius
1017 2573 1251 2628 prolapsam
1276 2575 1464 2624 restituit,

116 2636 155 2671 et
178 2630 387 2685 privatim,
413 2632 524 2685 quod
549 2647 600 2672 ex
626 2647 758 2673 errore
783 2633 957 2688 gratiam
981 2635 1116 2688 potius
1137 2635 1224 2676 eius
1245 2635 1323 2676 sibi
1341 2650 1464 2689 quam

116 2707 231 2733 suam
268 2692 439 2747 gloriam
470 2694 597 2749 petiit.
647 2701 814 2736 exactae
843 2695 925 2736 iam
956 2696 1099 2738 aetatis
1132 2696 1332 2738 Camillus
1364 2705 1461 2748 erat,
1491 2713 1507 2741 7
