1780 3204
457 226 610 260 LIBER
634 225 762 270 vini,
787 225 840 259 41.
869 223 971 268 [ae
987 223 1217 267 3101·09.3os]
1431 215 1511 255 487

159 330 293 383 doque
317 329 472 384 passim
502 328 610 370 bello
635 335 794 369 tantum
824 335 1018 369 terrorem
1049 328 1112 369 sui
1142 327 1256 377 fecit,
1290 334 1333 368 ut
1364 342 1513 369 nomen

159 405 279 432 omne
297 391 522 432 Etruscum
546 391 692 432 foedus
718 390 769 431 ab
795 390 962 431 consule
986 396 1153 444 peteret.
1204 403 1251 430 ac
1276 389 1327 430 de
1352 404 1400 430 eo
1425 390 1514 443 qui-
1542 404 1556 431 7

159 453 251 493 dem
277 453 377 493 nihil
401 453 675 507 impetratum,
701 452 882 495 indutiae
908 466 1067 492 annuae
1093 452 1224 492 datae.
1264 451 1510 506 stipendium

159 516 340 556 exercitu
354 515 542 556 Romano
563 515 614 555 ab
634 515 751 555 hoste
775 515 818 554 in
842 529 934 555 eum
961 530 1113 555 annum
1137 529 1313 568 pensum
1334 520 1373 554 et
1394 514 1513 555 binae

160 577 320 618 tunicae
346 577 388 617 in
412 577 582 618 militem
608 583 787 617 exactae.
837 590 885 616 ea
909 590 1066 616 merces
1092 576 1342 616 indutiarum
1367 575 1456 616 fuit.

245 638 506 692 Tranquillas
542 653 607 679 res
643 638 725 679 iam
755 638 944 678 Etruscis
982 637 1162 678 turbavit
1197 637 1410 692 repentina
1445 638 1515 678 de-

160 700 284 741 fectio
316 699 586 749 Umbrorum,
623 700 757 755 gentis
794 700 977 754 integrae
1008 714 1033 740 a
1062 698 1249 740 cladibus
1284 698 1399 748 belli,
1437 699 1514 739 nisi

160 763 271 816 quod
295 763 511 803 transitum
537 762 738 803 exercitus
765 777 863 817 ager
888 768 1083 803 senserat.
1126 762 1155 802 ii
1180 762 1382 803 concitata
1406 763 1515 803 omni

160 825 372 865 iuventute
398 840 472 865 sua
497 832 535 865 et
565 839 717 879 magna
741 834 855 878 parte
873 823 1145 864 Etruscorum
1172 824 1224 864 ad
1249 823 1514 864 rebellionem

161 887 361 941 conpulsa
388 893 545 927 tantum
571 886 795 927 exereitum
822 885 1022 935 fecerant,
1054 892 1099 926 ut
1123 885 1264 926 relicto
1287 892 1382 940 post
1407 900 1450 926 se
1475 885 1516 925 in

158 948 323 989 Etruria
337 948 469 989 Decio
489 948 541 988 ad
560 948 878 1002 oppugnandam
900 948 994 987 inde
1008 947 1185 988 Romam
1210 948 1337 987 ituros
1357 947 1517 1002 magni-

159 1010 235 1050 fice
261 1010 310 1050 de
337 1025 380 1051 se
407 1025 454 1050 ac
480 1010 747 1064 contemptim
772 1010 822 1050 de
841 1009 1042 1050 Romanis
1067 1009 1282 1062 loquentes
1307 1009 1514 1049 iactarent.

159 1072 269 1125 quod
294 1072 501 1126 inceptum
527 1086 668 1111 eorum
692 1071 764 1111 ubi
789 1071 841 1111 ad
864 1069 1045 1110 Decium
1071 1070 1281 1110 consulem
1311 1070 1514 1123 perlatum

159 1141 238 1183 cst,
277 1134 329 1174 ad
360 1133 504 1174 urbem
535 1149 585 1174 ex
609 1133 777 1173 Etruria
806 1132 968 1187 magnis
999 1131 1215 1171 itineribus
1245 1131 1381 1185 pergit
1406 1137 1445 1171 et
1474 1132 1517 1171 in

159 1211 257 1251 agro
271 1196 515 1250 Pupiniensi
535 1195 587 1235 ad
611 1195 766 1235 famam
791 1194 972 1234 intentus
998 1193 1178 1233 hostium
1199 1193 1397 1233 consedit.
1440 1208 1515 1233 nec

158 1257 316 1298 Romae
342 1255 875 1311 spernebaturUmbrorum
897 1255 1048 1295 bellum
1069 1261 1107 1295 et
1132 1255 1246 1308 ipsae
1271 1254 1406 1295 minae
1432 1269 1517 1295 me-

158 1327 244 1358 tum
269 1319 450 1359 fecerant
475 1318 652 1372 expertis
681 1316 843 1359 Gallica
868 1316 995 1365 clade,
1024 1331 1147 1370 quam
1173 1316 1347 1356 intutam
1371 1315 1517 1357 urbem

157 1380 391 1420 incolerent.
440 1379 578 1433 itaque
603 1379 728 1434 legati
754 1379 805 1419 ad
824 1378 1002 1419 Fabium
1029 1377 1240 1419 consulem
1266 1378 1382 1418 missi
1408 1385 1514 1427 sunt,

156 1448 212 1491 ut,
241 1441 274 1482 si
295 1441 393 1495 quid
417 1441 641 1482 laxamenti
661 1457 683 1481 a
702 1440 810 1481 bello
826 1439 1075 1481 Samnitium
1101 1446 1222 1489 esset,
1244 1440 1286 1480 in
1298 1439 1518 1480 Umbriam

155 1518 327 1558 propere
353 1504 578 1544 exercitum
598 1504 777 1544 duceret.
823 1503 931 1543 dicto
950 1502 1085 1557 paruit
1105 1502 1247 1542 consul
1274 1502 1516 1557 magnisque
1567 1514 1582 1539 :3

156 1565 369 1606 itineribus
389 1566 441 1606 ad
460 1565 713 1614 hlevaniam,
741 1564 812 1605 ubi
837 1571 923 1604 tum
950 1564 1092 1618 copiae
1107 1562 1361 1604 Umbrorum
1388 1570 1514 1612 crant,

156 1627 347 1682 perrexit.
396 1642 544 1681 repens
571 1627 773 1667 adventus
800 1626 994 1674 consulis,
1022 1640 1145 1678 quem
1171 1625 1314 1679 procul
1340 1624 1516 1665 Umbria

158 1689 198 1729 in
226 1687 396 1730 Samnio
421 1688 528 1729 bello
554 1689 632 1729 alio
659 1695 902 1741 occupatum
935 1687 1209 1735 crediderant,
1242 1686 1299 1726 ita
1323 1687 1516 1726 exterruit

158 1749 361 1798 Umbros,
394 1758 438 1790 ut
469 1750 537 1790 alii
567 1750 844 1790 recedendum
875 1749 927 1788 ad
958 1748 1079 1789 urbes
1112 1747 1309 1796 munitm,
1349 1748 1516 1801 quidam

160 1811 430 1851 omittendum
460 1811 614 1851 bellum
646 1817 872 1851 censerent.
926 1809 1051 1864 plaga
1080 1824 1162 1849 una
1187 1834 1241 1838 ——
1265 1808 1514 1850 Mater-inam

159 1873 237 1927 ipsi
263 1873 631 1926 appellant—non
657 1872 856 1913 continuit
881 1872 1002 1912 modo
1029 1878 1185 1912 ceteros
1210 1871 1253 1911 in
1278 1872 1414 1920 armis,
1443 1873 1516 1912 sed

160 1934 376 1975 confestim
413 1934 465 1974 ad
502 1941 709 1975 certamen
745 1934 839 1988 egit.
907 1940 1043 1973 castra
1078 1933 1299 1973 vallantem
1336 1933 1514 1974 Fabium

160 1997 290 2037 adorti
316 2003 422 2036 sunt.
472 2011 575 2049 quos
601 1996 672 2037 ubi
697 1996 852 2036 effusos
877 2010 995 2035 ruere
1025 1995 1065 2035 in
1092 1995 1347 2035 munimenta
1371 1996 1514 2036 consul
1547 2011 1552 2036 1

160 2058 278 2106 vidit,
313 2065 526 2098 revocatos
553 2058 700 2098 milites
728 2057 778 2098 ab
805 2072 945 2112 opere,
978 2063 1098 2111 prout
1128 2056 1207 2097 loci
1237 2064 1383 2098 natura
1413 2064 1515 2098 tem-

160 2134 320 2174 pusque
354 2119 600 2174 patiebatur,
633 2120 689 2160 ita
719 2119 928 2168 instruxit,
961 2119 1280 2172 cohortatusque
1306 2120 1516 2173 praediea-

160 2182 268 2222 tione
295 2196 390 2221 vera
410 2196 491 2234 qua
509 2182 550 2221 in
566 2181 714 2222 Tuscis
741 2196 821 2234 qua
840 2181 880 2221 in
898 2180 1068 2222 Samnio
1092 2188 1301 2235 partorum
1322 2181 1515 2221 decorum

161 2243 354 2297 exiguam
380 2244 648 2297 appendicem
663 2243 830 2283 Etrusci
855 2243 951 2283 belli
976 2242 1174 2283 conficere
1199 2242 1312 2282 iubet
1338 2248 1378 2282 et
1402 2243 1514 2283 vocis

161 2305 295 2359 inpiae
319 2320 474 2359 poenas
501 2313 702 2360 expetere,
725 2320 803 2359 qua
826 2320 868 2346 se
888 2305 1031 2346 urbem
1045 2305 1276 2346 Romanam
1302 2319 1516 2360 oppugna-

161 2373 272 2407 turos
310 2367 452 2407 minati
489 2374 595 2408 sunt.
661 2368 763 2408 haee
799 2373 912 2408 tanta
954 2373 1049 2408 sunt
1089 2366 1299 2407 alacritate
1340 2367 1515 2407 militum

162 2429 317 2477 audita,
349 2436 393 2468 ut
425 2429 578 2470 clamor
609 2445 683 2470 sua
714 2435 858 2483 sponte
884 2435 996 2470 ortus
1027 2429 1260 2482 loquentem
1286 2428 1516 2482 interpella-

162 2491 264 2530 verit
289 2491 450 2531 ducem.
495 2498 587 2531 ante
612 2491 842 2546 imperium,
868 2497 961 2532 ante
987 2496 1231 2532 concentum
1257 2489 1448 2531 tubarum
1468 2504 1516 2531 ac

162 2567 361 2592 cornuum
387 2567 511 2593 cursu
536 2552 668 2593 effuso
693 2553 733 2592 in
758 2553 920 2593 hostem
945 2552 1144 2593 feruntur.
1192 2566 1275 2592 non
1306 2558 1515 2605 tamquam

162 2614 203 2653 in
240 2614 350 2654 viros
388 2622 457 2654 aut
494 2621 671 2655 armatos
708 2615 944 2655 incurrunt:
993 2613 1195 2654 mirabilia
1231 2613 1359 2663 dictu,
1398 2613 1516 2668 signa

163 2676 294 2730 primo
319 2677 419 2731 eripi
439 2684 583 2732 coepta
609 2676 829 2732 signiferis,
850 2676 997 2717 deinde
1021 2676 1101 2731 ipsi
1126 2675 1310 2730 signiferi
1335 2674 1439 2715 trahi
1463 2674 1514 2715 ad

1545 1082 1583 1110 10

1546 1205 1577 1232 11

1545 1639 1581 1666 ll

1547 1824 1582 1850 lf)

1546 2380 1580 2408 Χῖ

1544 2564 1582 2594 13
