1835 3226
312 1082 327 1109 κ1

292 1701 330 1730 lO

291 1888 327 1916 ll

311 2385 324 2413 1

309 2507 326 2536 2

310 2631 328 2660 3

358 278 441 319 270
706 283 860 317 LlBER
885 283 928 327 v,
956 283 1081 317 18.19.
1109 285 1206 327 [a.u.
1225 284 1350 328 2355]

357 388 535 442 collegas
556 386 723 427 eosdem
741 385 906 427 reficitis
926 387 1049 426 etiam
1068 400 1147 426 usu
1168 386 1354 427 meliores
1375 386 1518 437 factos,
1545 404 1610 430 me
1630 391 1709 431 iam

356 442 637 497 non‘eundem,
665 447 738 488 sed
753 447 940 488 umbram
953 447 1240 501 nomenqueP.
1250 448 1387 489 Licini
1400 448 1586 491 relietum
1599 452 1712 494 vide-

356 511 419 551 tis.
452 510 559 551 vires
579 509 758 564 corporis
779 509 978 558 adfectae,
1006 524 1151 550 sensus
1172 509 1383 551 oculorum
1404 517 1526 565 atque
1553 513 1710 554 aurium

355 571 541 621 hebetes,
568 571 762 612 memoria
787 571 916 621 labat,
942 571 1061 627 vigor
1085 572 1210 612 animi
1235 571 1449 614 obtunsus.
1493 588 1544 614 en
1570 573 1711 624 vobis‚’

356 633 485 686 inquit
499 633 689 674 iuvenem
702 633 831 674 filium
846 640 1002 682 tenens,
1025 633 1223 688 ‘effigiem
1238 640 1359 688 atque
1373 634 1596 690 imaginem
1610 637 1711 686 eius,

355 710 477 748 quem
497 710 570 736 vos
590 702 710 736 antea
730 695 938 736 tribunum
958 695 1133 736 militum
1153 710 1203 736 ex
1216 696 1335 750 plebe
1348 696 1527 751 primum
1541 697 1710 739 fecistis.

354 757 463 798 hunc
483 772 560 813 ego
579 757 812 798 institutum
831 757 1048 812 disciplina
1067 772 1158 798 mea
1178 758 1374 798 vicarium
1387 773 1461 813 pro
1482 774 1547 800 me
1566 760 1624 800 rei
1636 775 1713 814 pu-

356 819 486 860 blicae
512 820 564 860 do
590 819 775 873 dicoque,
805 834 960 873 vosque
986 833 1154 873 quaeso,
1183 819 1380 872 Quirites,
1407 820 1587 861 delatum
1612 821 1712 863 mihi

355 881 459 922 ultro
479 881 674 922 honorem
694 882 789 923 huic
803 882 957 936 petenti
977 882 1162 935 meisque
1182 897 1255 936 pro
1269 897 1317 923 eo
1338 883 1506 924 adiectis
1521 883 1711 938 precibus

356 943 583 985 mandetis.'
615 944 755 985 datum
777 944 818 984 id
836 944 990 999 petenti
1009 945 1127 999 patri,
1153 944 1344 998 filiusque
1359 945 1445 986 eius
1460 944 1508 986 P.
1522 945 1712 986 Licinius

355 1005 542 1047 tribunus
567 1006 743 1046 militum
769 1006 975 1047 consulari
999 1012 1200 1060 potestate
1226 1021 1319 1047 cum
1350 1006 1418 1056 iis,
1453 1021 1557 1060 quos
1589 1022 1714 1062 supra

356 1067 608 1122 scripsimus,
636 1068 878 1109 declaratus.
919 1068 1095 1109 Titinius
1118 1066 1413 1122 Genuciusque
1433 1068 1584 1110 tribuni
1609 1069 1714 1110 mili-

355 1135 442 1169 tum
467 1130 638 1184 profecti
663 1130 862 1172 adversus
881 1131 1067 1172 Faliscos
1089 1129 1417 1184 Capenatesque,
1444 1131 1542 1171 dum
1559 1130 1713 1172 bellum

355 1192 507 1232 maiore
534 1193 669 1233 animo
695 1200 841 1247 gerunt
873 1208 999 1246 quam
1030 1193 1219 1243 consilio,
1250 1194 1571 1248 praecipitavere
1603 1194 1713 1236 sein

355 1252 538 1294 insidias.
589 1252 801 1295 Genucius
828 1262 956 1295 morte
982 1254 1156 1295 honesta
1181 1255 1450 1296 temeritatem
1475 1255 1594 1296 luens
1619 1262 1712 1296 ante

357 1315 475 1370 signa
499 1316 603 1357 inter
626 1317 824 1371 primores
851 1317 1014 1357 cecidit:
1048 1316 1226 1357 Titinius
1257 1317 1298 1357 in
1330 1317 1483 1357 editum
1510 1317 1712 1357 tumulum

356 1392 407 1419 ex
432 1378 559 1418 multa
583 1378 851 1433 trepidatione
872 1377 1068 1419 militibus
1089 1378 1268 1418 collectis
1291 1378 1423 1418 aciem
1441 1378 1617 1419 restituit
1636 1392 1711 1419 nee

356 1453 399 1480 se
425 1446 561 1480 tamen
586 1454 716 1493 aequo
741 1439 830 1480 loco
856 1439 965 1480 hosti
990 1439 1205 1480 commisit.
1242 1440 1335 1494 plus
1356 1440 1604 1494 ignominiae
1625 1447 1711 1481 crat

355 1516 479 1555 quam
510 1502 637 1543 eladis
669 1509 901 1557 acceptum,
939 1517 1042 1555 quae
1074 1516 1201 1556 prope
1231 1502 1272 1542 in
1309 1502 1467 1543 cladem
1503 1503 1710 1558 ingentem

356 1564 494 1604 vertit:
523 1569 681 1604 tantum
707 1564 801 1604 inde
827 1564 992 1605 terroris
1018 1578 1100 1604 non
1125 1563 1282 1604 Romae
1308 1565 1442 1614 modo,
1469 1580 1550 1618 quo
1576 1564 1707 1604 multi-

354 1625 450 1680 plex
474 1625 584 1666 fama
609 1634 862 1680 pervenerat,
890 1626 963 1667 sed
987 1625 1028 1666 in
1053 1626 1196 1667 castris
1217 1640 1379 1680 quoque
1399 1627 1476 1667 fuit
1496 1627 1549 1667 ad
1568 1626 1708 1667 Veios.

355 1701 476 1742 aegre
501 1686 558 1728 ibi
583 1687 700 1728 miles
725 1693 906 1728 retentus
939 1703 963 1728 a
994 1688 1095 1742 fuga
1127 1695 1207 1737 est,
1246 1702 1340 1728 cum
1370 1689 1621 1743 pervasisset
1646 1703 1712 1729 ca-

355 1755 440 1790 stra
463 1764 619 1798 rumor,
654 1749 828 1790 ducibus
855 1749 1118 1802 exercituque
1145 1764 1267 1790 caeso
1299 1750 1494 1791 victorem
1522 1750 1712 1805 Capena-

355 1817 437 1852 tem
456 1825 504 1851 ac
522 1810 733 1851 Faliscum
751 1811 1026 1865 Etruriaeque
1046 1826 1209 1852 omnem
1227 1811 1482 1852 iuventutem
1500 1812 1601 1852 haut
1619 1826 1713 1867 pro-

355 1873 420 1914 eul
444 1873 539 1914 inde
565 1872 724 1914 abesse.
768 1873 832 1914 his
859 1873 1173 1914 tumultuosiora
1197 1873 1368 1923 Romae,
1395 1874 1476 1914 iam
1502 1880 1636 1914 castra
1660 1873 1712 1914 ad

354 1934 482 1976 Veios
508 1936 755 1990 oppugnari,
794 1936 875 1976 iam
900 1943 1059 1991 partem
1083 1935 1264 1976 hostium
1295 1936 1460 1977 tendere
1491 1936 1544 1977 ad
1567 1935 1712 1976 urbem

354 1997 518 2053 agmine
543 1998 693 2039 infesto
719 1998 986 2048 crediderant,
1014 2012 1343 2051 conemsumque
1368 1998 1410 2038 in
1434 2013 1572 2039 muros
1592 2004 1713 2039 estet

353 2066 642 2110 matronarum,
669 2075 772 2114 quas
799 2075 850 2101 ex
872 2061 995 2101 domo
1015 2060 1245 2101 conciverat
1265 2059 1454 2114 publicus
1474 2074 1614 2114 pavor,
1640 2058 1713 2100 ob-

355 2121 602 2163 secrationes
627 2122 669 2162 in
694 2122 857 2177 templis
883 2122 1017 2163 factae
1047 2121 1321 2177 precibusque
1352 2121 1404 2163 ab
1430 2122 1493 2163 dis
1524 2121 1710 2176 petitum,

353 2191 398 2224 ut
423 2184 592 2225 exitium
618 2184 668 2225 ab
694 2184 808 2226 urbis
835 2185 952 2226 tectis
979 2184 1225 2239 templisque
1251 2198 1297 2225 ac
1322 2183 1537 2224 moenibus
1557 2182 1712 2223 Roma-

352 2246 416 2287 nis
442 2253 625 2287 arcerent
644 2246 861 2300 ‘Veiosque
893 2262 987 2288 eum
1018 2252 1247 2287 averterent
1278 2252 1490 2294 terrorem,
1529 2244 1564 2286 si
1595 2258 1712 2285 saera

352 2315 548 2349 renovata
571 2309 659 2359 rite,
687 2309 719 2350 si
744 2316 964 2364 procurata
987 2308 1177 2364 prodigia
1201 2315 1351 2349 essent.

436 2370 632 2412 XVIIII.
665 2371 755 2412 Iam
775 2371 861 2412 ludi
880 2371 1140 2425 Latinaeque
1160 2371 1387 2411 instaurata
1405 2375 1531 2418 erant,
1558 2369 1641 2409 iam
1660 2383 1711 2408 ex

352 2432 445 2473 lacu
469 2432 636 2475 Albano
661 2448 767 2487 aqua
793 2433 946 2475 emissa
969 2433 1011 2474 in
1035 2448 1170 2488 agros,
1199 2432 1408 2485 Veiosque
1433 2431 1519 2472 fata
1543 2431 1710 2485 adpete-

352 2493 463 2535 bant.
494 2495 620 2551 igitur
643 2495 780 2536 fatalis
800 2496 885 2536 dux
904 2495 956 2536 ad
976 2495 1181 2535 excidium
1201 2494 1311 2534 illius
1333 2493 1445 2535 urbis
1466 2492 1710 2534 servandae—

353 2570 432 2609 que
457 2558 612 2611 patriae
630 2557 692 2598 M.
712 2557 862 2598 Furius
890 2557 1091 2598 Camillus
1117 2557 1290 2597 dictator
1314 2556 1446 2596 dictus
1466 2555 1707 2610 magistrum

355 2619 536 2671 equitum
550 2619 598 2660 P.
616 2619 855 2661 Cornelium
873 2618 1109 2674 Scipionem
1130 2619 1244 2659 dixit.
1276 2618 1414 2659 onmia
1432 2623 1598 2671 repente
1619 2628 1708 2654 mu-

354 2686 538 2721 taverant
562 2681 808 2736 imperatore
833 2688 1008 2722 mutato:
1035 2681 1115 2722 alia
1140 2695 1247 2735 spes,
1275 2679 1378 2721 alius
1398 2678 1558 2720 animus
1578 2675 1706 2716 homi-

311 2753 330 2782 4
355 2756 466 2792 num,
492 2742 657 2785 fortuna
673 2759 837 2798 quoque
857 2744 936 2785 alia
953 2743 1066 2785 urbis
1088 2743 1228 2783 videri.
1267 2741 1448 2783 omnium
1469 2739 1643 2794 primum
1664 2737 1704 2776 in
