1780 3204
369 246 521 282 LIBER
545 245 674 291 vnn,
699 245 754 280 29.
774 245 827 279 30.
855 247 902 288 [a.
919 242 1166 286 eata-311]
1367 231 1449 272 473

100 353 210 407 quod
234 352 344 393 viam
367 351 541 391 munivit
567 358 606 391 et
631 364 779 403 aquam
809 349 851 389 in
874 347 1019 389 urbem
1043 347 1159 387 duxit
1184 359 1312 399 eaque
1343 359 1448 385 unus

98 415 282 470 perfecit,
302 413 397 467 quia
416 413 468 454 ob
486 412 683 453 infamem
707 418 829 464 atque
852 410 1098 451 invidiosam
1123 415 1287 449 senatus
1311 407 1451 448 lectio-

100 492 194 518 nem
219 475 466 517 verecundia
490 475 622 515 victus
648 473 806 527 collega
835 472 1078 526 magistratu
1103 485 1146 511 se
1171 469 1449 510 abdicaverat:

1478 416 1494 444 7

100 539 265 593 Appius
295 538 378 578 iam
407 537 500 577 inde
532 535 754 589 antiquitus
785 535 948 575 insitam
978 532 1243 587 pertinaciam
1273 530 1452 571 familiae
1477 543 1496 572 8

101 600 281 655 gerendo
312 599 423 640 solus
455 613 670 639 censuram
701 596 887 637 obtinuit.
942 595 1084 636 eodem
1115 593 1255 648 Appio
1288 598 1451 633 auctore
1478 604 1495 633 9

102 663 261 710 Potitii,
288 675 409 716 gens,
436 660 550 701 cuius
577 660 628 700 ad
653 674 764 700 aram
789 658 1011 698 maximam
1035 656 1228 697 Herculis
1253 654 1452 695 familiare

104 723 377 764 sacerdotium
410 721 560 771 fuerat,
600 735 739 761 servos
775 719 962 774 publicos
993 718 1205 759 ministerii
1236 715 1454 771 delegandi

103 800 229 827 eausa
254 785 467 826 sollemnia
492 784 579 824 eius
606 783 710 824 sacri
735 782 968 823 docuerant.
1017 781 1187 821 traditur
1216 779 1311 819 inde
1342 778 1453 818 dictu

103 847 289 888 mirabile
321 854 360 887 et
384 847 495 900 quod
525 845 782 885 dimovendis
814 852 922 885 statu
953 857 1028 884 suo
1060 842 1184 883 sacris
1215 841 1453 895 religionem

103 910 239 950 facere
263 916 415 964 posset,
443 923 536 949 cum
561 908 777 948 duodecim
802 907 981 947 familiae
1007 920 1055 946 ea
1079 911 1321 959 tempestate
1340 903 1455 944 Poti-

103 972 253 1012 tiorum
284 977 438 1020 essent,
474 969 650 1024 puberes
682 970 734 1010 ad
769 969 952 1023 triginta,
990 981 1131 1008 omnes
1162 967 1268 1006 intra
1303 979 1455 1006 annum

104 1047 198 1073 cum
230 1033 354 1087 stirpe
386 1032 606 1080 extinctos,
640 1045 716 1071 nec
745 1045 896 1071 nomen
926 1037 1083 1069 tantum
1112 1027 1358 1068 Potitiorum
1393 1026 1454 1066 in-

103 1095 266 1143 terisse,
305 1094 378 1135 sed
413 1108 625 1134 censorem
661 1093 783 1133 etiam
813 1091 1000 1145 Appium
1036 1089 1207 1130 memori
1242 1089 1366 1129 deum
1395 1088 1456 1127 ira

103 1164 198 1210 post
223 1156 376 1208 aliquot
401 1170 528 1196 annos
553 1153 776 1194 luminibus
802 1159 979 1207 captum.

189 1217 345 1258 XXX.
382 1217 528 1269 Itaque
554 1215 761 1264 consules,
794 1215 864 1267 qui
889 1229 982 1254 eum
1009 1228 1160 1254 annum
1187 1212 1316 1252 secuti
1347 1217 1452 1259 sunt,

105 1278 154 1320 C.
169 1279 313 1319 Iunius
327 1277 541 1318 Bubulcus
567 1277 729 1317 tertium
749 1283 788 1316 et
803 1275 854 1328 Q.
870 1275 1073 1316 Aemilius
1087 1274 1270 1315 Barbula
1295 1274 1454 1322 iterum,

103 1341 216 1380 initio
253 1340 349 1380 anni
385 1339 519 1392 questi
556 1338 667 1392 apud
706 1337 924 1392 populum,
962 1336 1235 1377 deformatum
1271 1335 1455 1376 ordinem

102 1416 229 1456 prava
252 1401 424 1441 lectione
451 1406 629 1449 senatus,
651 1414 732 1453 qua
756 1399 933 1453 potiores
959 1399 1113 1452 aliquot
1137 1398 1253 1439 lectis
1278 1404 1457 1452 praeter-

103 1463 149 1504 iti
173 1468 327 1511 essent,
360 1468 632 1517 negaverunt,
665 1476 754 1502 eam
779 1461 995 1502 lectionem
1022 1475 1083 1510 se,
1116 1475 1220 1514 quae
1247 1459 1332 1500 sine
1356 1458 1456 1499 recti

103 1525 301 1579 pravique
331 1524 564 1565 discrimine
596 1524 648 1564 ad
677 1524 851 1579 gratiam
877 1538 923 1564 ae
953 1523 1165 1564 libidinem
1195 1522 1304 1562 facta
1334 1527 1454 1568 esset,

105 1586 411 1635 observaturos,
445 1593 484 1626 et
515 1594 703 1627 senatum
734 1585 939 1639 extemplo
971 1585 1197 1625 citaverunt
1228 1598 1275 1623 co
1301 1582 1454 1630 ordine,

104 1648 175 1701 qui
205 1655 298 1688 ante
324 1662 514 1688 censores
540 1647 651 1702 App.
681 1647 902 1688 Claudium
929 1653 968 1687 et
995 1645 1043 1688 C.
1068 1645 1279 1686 Plautium
1309 1644 1453 1684 fuerat.

105 1718 144 1750 et
169 1710 250 1750 duo
274 1709 446 1763 imperia
471 1724 518 1750 eo
544 1724 650 1750 anno
670 1709 758 1749 dari
783 1715 927 1762 coepta
950 1723 1024 1762 per
1047 1707 1258 1762 populum,
1284 1714 1455 1758 utraque

105 1771 347 1825 pertinentia
378 1771 430 1811 ad
459 1786 546 1812 rem
575 1771 811 1811 militarem:
848 1785 994 1818 unum,
1026 1777 1070 1809 ut
1100 1768 1251 1809 tribuni
1281 1767 1455 1808 militum

107 1832 195 1873 seni
225 1833 319 1872 deni
348 1833 390 1872 in
421 1839 614 1885 quattuor
641 1832 824 1886 legiones
850 1847 875 1872 a
898 1831 1049 1885 populo
1076 1837 1318 1878 crearentur,
1351 1843 1455 1882 quae

106 1901 237 1943 antea,
258 1908 457 1948 perquam
481 1895 623 1948 paucis
645 1894 842 1948 suffragio
860 1893 1001 1948 populi
1020 1892 1170 1933 relictis
1194 1892 1308 1940 locis,
1329 1891 1456 1931 dicta-

109 1963 241 1996 torum
272 1962 311 1996 et
341 1955 557 1996 consulum
591 1955 719 1996 ferme
750 1955 912 1995 fuerant
942 1954 1164 1995 beneficia:
1202 1953 1329 1994 tulere
1365 1967 1456 1993 eam

105 2018 360 2072 rogationem
385 2017 536 2058 tribuni
560 2017 694 2071 plebei
718 2017 771 2057 L.
792 2016 960 2065 Atilius,
989 2015 1036 2057 C.
1057 2015 1260 2064 Marcius3
1286 2015 1457 2055 alterum

106 2086 151 2120 ut
166 2079 404 2120 duumviros
425 2079 593 2119 navales
614 2079 756 2119 classis
772 2078 976 2118 ornandae
995 2077 1318 2131 reficiendaeque
1334 2091 1459 2117 causa

106 2141 216 2182 idem
241 2141 417 2197 populus
443 2141 618 2181 iuberet:
644 2141 748 2182 lator
772 2140 893 2181 huius
917 2139 1048 2194 plebis
1076 2139 1165 2180 sciti
1190 2139 1267 2179 fuit
1290 2137 1351 2178 M.
1371 2138 1458 2179 De-

107 2204 194 2244 cius
220 2203 406 2244 tribunus
432 2202 577 2257 plebis.

191 2264 393 2305 Eiusdem
425 2265 519 2305 anni
554 2279 641 2305 rem
671 2265 783 2305 dictu
818 2279 988 2319 parvam
1022 2262 1302 2317 praeterirem,
1335 2262 1376 2302 ni
1407 2262 1458 2302 ad

108 2326 347 2381 religionem
371 2327 461 2367 visa
485 2333 594 2367 esset
617 2327 831 2380 pertinere.
874 2326 1072 2374 tibicines,
1100 2325 1195 2378 quia
1218 2323 1410 2378 prohibiti
1435 2339 1458 2364 a

108 2388 304 2442 proximis
331 2387 568 2429 censoribus
595 2395 708 2428 erant
731 2389 774 2428 in
800 2388 900 2429 aede
919 2387 1031 2428 Iovis
1051 2386 1174 2435 vesci,
1201 2386 1311 2439 quod
1336 2385 1459 2426 tradi-

109 2461 196 2490 tum
221 2450 443 2502 antiquitus
470 2457 572 2499 erat,
605 2465 727 2505 aegre
757 2450 869 2504 passi
895 2449 1026 2490 Tibur
1049 2463 1131 2489 uno
1162 2448 1324 2503 agmine
1349 2447 1462 2488 abie-

108 2518 219 2560 runt,
252 2511 354 2552 adeo
384 2519 429 2551 ut
458 2527 578 2552 nemo
610 2512 652 2552 in
681 2511 781 2553 urbe
812 2518 938 2560 esset,
971 2510 1041 2564 qui
1066 2510 1274 2551 sacrificiis
1305 2509 1460 2563 praeci-

1482 791 1520 819 10

1482 1039 1517 1066 11

109 2579 234 2614 neret.
290 2573 376 2613 eius
407 2573 466 2613 rei
495 2573 638 2628 religio
669 2574 798 2614 tenuit
828 2581 1032 2621 senatum,
1064 2572 1302 2626 legatosque
1329 2570 1459 2612 Tibur
1484 2584 1502 2614 6

109 2635 319 2684 miserunt,
346 2642 390 2675 ut
415 2635 557 2675 darent
581 2649 760 2689 operam,
789 2641 830 2675 ut
854 2635 896 2674 hi
920 2634 1106 2675 homines
1119 2633 1318 2674 Romanis
1342 2632 1459 2674 resti-

109 2704 330 2738 tuerentur.
381 2696 587 2738 Tiburtini
613 2696 790 2752 benigne
815 2696 984 2752 polliciti
1008 2696 1184 2751 primum
1210 2695 1361 2736 accitos
1387 2708 1456 2736 eos
1485 2708 1501 2736 7
