1835 3226
302 407 339 434 11

299 653 340 681 15

319 958 337 985 [0

316 2566 334 2591 ὅ

369 221 422 260 92
718 226 870 259 LIBER
896 226 948 269 Π,
975 226 1030 259 3ο.
1049 226 1101 259 31.
1131 227 1372 269 [21.u.c..‘.)CO]

367 331 417 371 ad
443 330 586 383 fugam
617 328 783 381 quidem
816 328 914 368 satis
947 328 1093 367 virium
1120 328 1214 377 fuit,
1253 328 1348 381 quia
1379 342 1502 369 cursu
1534 330 1574 370 in
1604 346 1722 385 proc-

365 391 464 430 linm
490 390 631 429 ierant.
682 388 859 429 Romani
884 395 1037 437 contra,
1064 389 1160 442 quia
1184 389 1384 443 principio
1410 404 1574 444 pugnae
1595 393 1719 444 quieti

366 457 572 499 steterant,
599 450 739 505 vigent
765 450 1016 504 corporibus.
1055 450 1175 490 facile
1201 451 1337 505 adepti
1362 451 1497 492 fessos
1524 458 1563 492 et
1589 460 1721 494 castra

364 514 519 566 impetu
545 519 739 566 ceperunt
764 518 816 561 et,
843 512 986 552 eastris
1012 519 1182 552 exutum
1206 512 1367 553 hostem
1386 512 1565 554 Velitras
1584 529 1723 568 perse-

364 575 464 623 cuti,
502 589 584 614 uno
616 574 780 628 agmine
811 574 986 614 victores
1019 588 1112 614 cum
1143 574 1261 614 victis
1293 575 1334 614 in
1365 574 1508 616 urbem
1533 576 1722 630 inrupere

363 636 538 690 plusque
563 635 621 675 ibi
647 635 859 689 sanguinis
890 636 1125 689 promiscua
1154 636 1338 676 omnium
1367 651 1565 691 generum
1597 638 1721 678 caede

363 712 487 751 quam
511 697 553 737 in
578 697 668 751 ipsa
692 697 952 738 dimicatione
978 697 1146 738 factum.
1195 698 1337 751 paucis
1364 698 1459 739 data
1483 699 1620 747 venia,
1653 700 1721 752 qui

364 760 539 800 inermes
564 759 607 799 in
632 759 880 800 deditionem
904 766 1116 800 venerunt.

449 820 630 861 XXXI.
690 820 807 861 Dum
849 820 951 861 haec
992 820 1035 860 in
1071 820 1235 862 Volscis
1279 828 1493 875 geruntur,
1549 822 1723 863 dictator

366 882 563 932 Sabinos,
612 882 683 923 ubi
725 882 846 937 longe
882 882 1105 936 pliuimum
1141 882 1238 924 belli
1279 883 1430 933 fuerat,
1480 883 1615 924 fundit
1657 884 1722 924 fu-

363 951 516 999 gatque
554 945 747 997 exuitque
784 944 940 984 castris.
997 945 1180 997 equitatu
1215 945 1386 986 inmisso
1423 946 1600 986 mediam
1637 952 1720 986 tur-

362 1006 530 1047 baverat
555 1006 735 1047 hostium
761 1006 910 1055 aciem,
947 1020 1046 1059 qua,
1086 1006 1184 1046 dum
1211 1021 1254 1047 sc
1285 1021 1438 1047 cornua
1468 1007 1589 1047 latius
1621 1022 1721 1061 pan-

362 1068 475 1116 dunt,
502 1083 645 1121 parum
672 1074 763 1121 apte
789 1067 1010 1107 introrsum
1036 1067 1246 1108 ordinibus
1278 1067 1407 1108 aciem
1438 1068 1718 1117 firmaverant3

363 1129 547 1169 turbatos
578 1129 705 1183 pedes
736 1129 898 1169 invasit.
954 1129 1098 1169 eodem
1135 1129 1291 1183 impetu
1327 1136 1461 1170 eastra
1496 1137 1616 1183 capta
1652 1130 1721 1170 de-

364 1190 640 1244 bellatumque
673 1198 745 1231 est.
794 1197 889 1244 post
925 1206 1108 1245 pugnam
1146 1192 1198 1231 ad
1228 1191 1437 1245 Regillum
1467 1191 1602 1231 lacum
1638 1206 1720 1231 non

362 1252 441 1293 alia
476 1252 555 1293 illis
593 1253 708 1293 annis
746 1267 885 1307 pugna
922 1253 1066 1294 clarior
1102 1253 1191 1294 fuit.
1253 1254 1426 1294 dictator
1463 1253 1719 1307 triumphans

362 1313 506 1354 urbem
531 1314 748 1354 invehitur.
787 1329 910 1368 super
935 1314 1075 1355 solitos
1102 1315 1277 1356 honores
1302 1315 1417 1355 locus
1443 1315 1485 1354 in
1510 1315 1615 1355 circo
1641 1314 1719 1368 ipsi

361 1376 618 1429 posterisque
643 1376 696 1416 ad
722 1375 1001 1429 spectaculum
1027 1376 1159 1425 datus,
1188 1377 1287 1418 sella
1311 1377 1353 1417 in
1379 1391 1427 1417 eo
1452 1376 1542 1417 loco
1563 1376 1716 1417 curulis

364 1438 510 1490 posita.

446 1499 612 1540 Volscis
650 1500 821 1540 devictis
859 1500 1094 1541 Veliternus
1131 1515 1230 1554 ager
1265 1500 1501 1554 ademptus,
1540 1499 1718 1540 Velitras

362 1561 494 1602 coloni
521 1561 572 1602 ab
598 1561 698 1602 urbe
724 1562 841 1602 missi
866 1568 906 1602 ct
931 1562 1090 1602 colonia
1116 1562 1303 1602 deducta.

448 1622 557 1663 Cum
582 1622 743 1676 Aequis
769 1630 863 1676 post
887 1622 1096 1676 aliquanto
1121 1630 1349 1677 pugnatum
1375 1630 1448 1671 est,
1476 1623 1603 1662 invito
1629 1624 1717 1675 qui-

362 1686 456 1725 dem
482 1684 662 1733 consule,
689 1685 785 1737 quia
809 1684 899 1724 loco
924 1684 1064 1737 iniquo
1091 1685 1351 1725 subeundum
1378 1692 1463 1725 erat
1488 1685 1540 1724 ad
1558 1684 1717 1732 hostes3

363 1747 436 1788 sed
460 1746 628 1794 milites,
667 1745 825 1786 extrahi
849 1760 935 1786 rem
968 1746 1248 1795 criminantes,
1285 1752 1331 1786 ut
1360 1746 1549 1794 dictator,
1587 1745 1720 1798 prius-

360 1824 483 1862 quam
508 1808 587 1862 ipsi
612 1808 790 1848 redirent
814 1808 856 1848 in
886 1807 1049 1857 urbem,
1076 1808 1319 1863 magistratu
1346 1807 1477 1848 abiret
1503 1807 1717 1860 ini-itaque,

361 1871 466 1911 sicut
491 1877 584 1910 ante
616 1869 809 1918 consulis,
835 1870 1040 1923 promissa
1064 1870 1152 1910 eius
1179 1869 1389 1918 caderent,
1415 1869 1646 1923 perpulere,
1672 1876 1717 1908 ut

361 1932 466 1972 forte
490 1938 643 1971 temere
667 1932 710 1971 in
735 1931 931 1971 adversos
957 1931 1108 1972 montis
1134 1945 1284 1985 agmen
1312 1931 1497 1984 erigeret.
1546 1930 1588 1970 id
1612 1929 1717 1970 male

360 1994 614 2035 conmissum
646 1994 813 2048 ignavia
842 1993 1024 2034 hostium
1048 1993 1090 2033 in
1114 1993 1269 2034 bonum
1294 1993 1431 2042 vertit,
1464 1993 1551 2045 qui,
1583 1991 1717 2046 prius-

360 2071 484 2108 quam
516 2056 568 2096 ad
605 2056 835 2096 coniectum
866 2054 936 2095 teli
971 2055 1194 2102 veniretur,
1233 2054 1508 2108 obstupefacti
1545 2053 1717 2094 audacia

360 2117 659 2165 Romanorum,
685 2116 837 2157 relictis
863 2116 1026 2165 eastris,
1059 2130 1164 2169 quae
1189 2115 1475 2156 munitissimis
1502 2121 1716 2155 tenuerant

359 2179 480 2227 locis,
517 2179 560 2218 in
596 2193 762 2218 aversas
799 2177 927 2218 valles
964 2177 1184 2226 desiluere,
1222 2176 1292 2217 ubi
1329 2176 1427 2217 satis
1464 2175 1641 2230 praedae
1678 2182 1717 2215 et

360 2241 531 2281 victoria
554 2240 766 2280 incruenta
791 2239 880 2279 fuit.

443 2303 508 2343 Ita
544 2302 740 2343 trifariam
777 2316 820 2342 re
856 2301 963 2342 bello
999 2300 1104 2342 bene
1140 2308 1275 2355 gesta,
1312 2301 1363 2340 de
1400 2299 1716 2340 domesticarum

359 2379 494 2404 rerum
530 2371 679 2405 eventu
714 2378 790 2404 nec
831 2363 1016 2417 patribus
1058 2377 1134 2403 nec
1171 2362 1282 2416 plebi
1324 2377 1422 2402 cura
1463 2362 1714 2402 decesserat:

361 2433 472 2467 tanta
508 2441 602 2467 cum
637 2426 769 2480 gratia
805 2432 891 2465 tum
927 2431 1012 2465 arte
1047 2430 1390 2479 praeparaverant
1426 2423 1713 2468 faeneratores

359 2502 464 2540 quae
490 2503 572 2528 non
597 2488 720 2528 modo
745 2487 927 2541 plebem,
961 2487 1033 2527 scd
1058 2487 1195 2540 ipsum
1221 2485 1343 2526 ctiam
1369 2486 1606 2525 dictatorem
1631 2482 1715 2522 fru-

361 2556 594 2590 strarentur.
650 2563 827 2601 namque
859 2547 1049 2589 Valerius
1086 2554 1179 2601 post
1210 2546 1358 2587 Vetusi
1395 2545 1573 2586 consulis
1609 2543 1714 2582 redi-

361 2617 446 2650 tum
472 2611 654 2651 onmium
680 2611 887 2651 actionum
912 2610 955 2650 in
986 2617 1131 2650 senatu
1155 2609 1329 2663 primam
1360 2607 1502 2648 habuit
1532 2620 1604 2659 pro
1630 2603 1713 2643 vis·-

361 2678 444 2711 t‹›re
470 2673 620 2726 populo
663 2672 893 2724 retulitque,
921 2671 1018 2724 quid
1045 2671 1095 2711 de
1121 2670 1237 2710 nexis
1263 2670 1350 2710 fieri
1375 2669 1563 2722 placeret.
1608 2680 1712 2718 quae
