1780 3204
424 255 574 289 LIBER
598 255 687 298 Vn,
712 254 766 288 41.
785 253 838 289 42.
866 256 914 298 [a.
930 253 1064 298 (3.342]
1339 244 1420 286 :295

72 360 191 414 primi
216 359 287 414 pili
311 359 528 414 appellant.
565 358 660 399 huic
684 357 834 398 infensi
859 357 1006 398 milites
1027 365 1157 407 erant,
1184 358 1295 411 quod
1314 373 1420 399 sem-

71 436 144 475 per
157 422 395 463 adversatus
409 420 526 461 novis
547 419 726 461 consiliis
746 419 893 460 fuisset
912 426 963 469 et,
984 434 1035 460 ne
1054 420 1257 474 particeps
1280 435 1420 460 eorum

73 490 199 532 esset,
227 483 333 536 (qui)
353 482 404 523 ab
424 481 616 522 Lautulis
636 480 890 536 fugisse(n)t.
927 481 1064 534 itaque
1084 496 1177 522 cum
1197 481 1274 522 hoc
1293 496 1419 522 unum

72 552 237 599 propter
252 544 464 585 Salonium
484 543 535 584 ab
557 551 699 585 senatu
712 558 794 584 non
808 544 1104 598 impetraretur,
1125 550 1210 584 tum
1228 543 1419 585 Salonius

73 606 300 647 obtestatus
314 612 449 660 patres
464 605 729 659 conscriptos,
747 620 797 646 ne
812 621 932 646 suum
946 605 1141 647 honorem
1155 606 1281 660 pluris
1297 621 1420 659 quam

71 668 330 708 concordiam
349 667 522 708 civitatis
544 667 816 716 aestimarent,
837 667 1025 722 perpulit,
1047 675 1091 708 ut
1107 668 1148 708 id
1164 683 1325 721 quoque
1339 668 1420 708 fer-

72 736 193 770 retur.
221 744 350 782 aeque
369 729 556 783 inpotens
571 729 821 783 postulatum
840 729 929 779 fuit,
951 736 995 769 ut
1014 730 1063 770 de
1084 730 1286 784 stipendio
1307 729 1420 783 equi-

71 798 157 831 tum
178 816 230 819 —
251 790 460 831 merebant
485 797 620 831 autem
646 790 792 844 triplex
817 805 865 831 ea
890 797 1132 845 tempestate
1152 817 1205 820 —
1231 806 1326 832 aera
1350 791 1420 832 de-

69 859 287 901 merentur,
314 853 425 905 quod
449 853 653 893 adversati
678 852 945 893 coniurationi
970 853 1158 894 fuissent.

154 914 407 954 XXXXII.
457 913 626 954 Praeter
655 913 757 954 haee
787 914 950 955 invenio
977 915 1086 969 apud
1111 915 1331 968 quosdam,
1363 915 1416 955 L.

70 974 303 1015 Genucium
322 975 528 1016 tribunum
547 975 678 1029 plebis
699 975 840 1016 tulisse
860 976 911 1016 ad
929 976 1111 1030 plebem,
1138 992 1189 1017 ne
1209 977 1417 1017 faenerare

68 1037 224 1087 liceret3
262 1038 360 1078 item
390 1037 479 1078 aliis
510 1037 620 1091 plebi
651 1037 763 1078 scitis
801 1044 985 1088 cautum,
1023 1053 1074 1078 ne
1112 1038 1203 1091 quis
1241 1038 1417 1078 eundem

67 1100 351 1154 magistratum
381 1099 486 1140 intra
516 1100 658 1139 decem
688 1114 816 1140 annos
849 1106 1011 1153 caperet
1040 1115 1119 1140 neu
1151 1101 1255 1141 duos
1286 1101 1418 1154 magi-

67 1168 218 1201 stratus
250 1176 330 1201 uno
362 1175 468 1202 anno
498 1168 675 1215 gereret,
713 1161 852 1213 utique
882 1161 1022 1201 liceret
1052 1161 1241 1202 consules
1273 1161 1417 1202 ambos

65 1222 248 1276 plebeios
274 1223 412 1263 creari.
451 1236 554 1275 quae
581 1222 615 1262 si
640 1222 776 1263 onmia
802 1237 999 1263 concessa
1024 1230 1118 1263 sunt
1136 1222 1264 1277 plebi,
1291 1238 1418 1278 appa-

63 1291 141 1332 ret,
174 1284 284 1324 haud
307 1298 456 1337 parvas
481 1283 588 1324 vires
615 1284 886 1325 defectionem
912 1283 1120 1325 habuisse.
1170 1285 1258 1326 aliis
1291 1301 1417 1326 anna-

63 1345 169 1386 libus
189 1345 395 1399 proditum
415 1352 487 1393 est,
515 1360 647 1398 neque
668 1346 908 1386 dictatorem
922 1345 1134 1387 Valerium
1155 1347 1322 1397 dictum,
1344 1348 1418 1389 sed

63 1422 136 1463 per
159 1406 347 1448 consules
373 1422 537 1448 omnem
561 1423 648 1448 rem
668 1415 819 1457 actam,
846 1423 979 1461 neque
999 1415 1218 1462 antequam
1238 1410 1415 1451 Romam

64 1469 281 1518 veniretur,
309 1469 382 1510 sed
405 1468 563 1510 Romae
589 1484 679 1510 eam
704 1469 1008 1511 multitudinem
1034 1471 1338 1512 coniuratorum
1363 1472 1415 1512 ad

64 1546 176 1572 arma
201 1536 502 1572 consternatam
528 1546 636 1581 esse,
663 1546 738 1572 nee
763 1532 805 1572 in
825 1532 874 1572 T.
897 1531 1065 1585 Quincti
1090 1533 1247 1582 villam,
1275 1534 1349 1574 sed
1373 1534 1414 1573 in

64 1593 174 1634 aedis
197 1591 244 1633 C.
260 1591 392 1633 Manli
411 1600 529 1633 nocte
549 1593 748 1647 impetum
767 1593 923 1634 factum
943 1608 1118 1647 eumque
1144 1610 1168 1635 a
1193 1595 1413 1635 coniuratis

64 1654 406 1709 conprehensum,
445 1662 489 1694 ut
519 1655 603 1695 dux
633 1655 764 1703 fieret,
802 1656 897 1696 inde
928 1656 981 1696 ad
1010 1663 1200 1709 quartum
1236 1656 1415 1710 lapidem

61 1717 267 1771 profectos
292 1715 382 1756 loeo
407 1716 563 1757 munito
590 1717 845 1766 consedisse3
876 1732 952 1757 nee
978 1717 1028 1758 ab
1049 1717 1223 1759 ducibus
1243 1718 1415 1758 mentio-

63 1793 156 1819 nem
183 1777 423 1818 concordiae
449 1784 597 1827 ortam,
627 1779 699 1818 sed
717 1785 903 1833 repente,
931 1793 1023 1819 eum
1048 1779 1090 1819 in
1114 1779 1244 1820 aciem
1270 1780 1414 1820 armati

65 1840 268 1880 exereitus
294 1839 609 1893 processissent,
637 1840 923 1881 salutationem
949 1840 1099 1881 factam
1126 1847 1165 1881 et
1190 1842 1412 1895 permixtos

64 1901 228 1941 dextras
259 1900 428 1954 iungere
460 1915 507 1941 ac
538 1901 737 1955 conplecti
767 1902 871 1942 inter
903 1916 945 1942 se
976 1902 1235 1944 lacrimantes
1266 1903 1414 1944 milites

64 1963 266 2016 coepisse,
307 1969 551 2015 coactosque
587 1963 794 2012 consules,
839 1978 932 2003 eum
968 1964 1152 2005 viderent
1188 1980 1353 2006 aversos
1391 1981 1415 2006 a

63 2024 323 2065 dimicatione
354 2024 528 2064 militum
559 2025 734 2074 animos,
767 2025 971 2066 rettulisse
1002 2027 1055 2067 ad
1079 2034 1215 2081 patres
1242 2027 1291 2067 de
1318 2042 1414 2068 con—-

64 2086 201 2127 cordia
231 2086 541 2126 reconcilianda.
602 2087 704 2127 adeo
735 2087 835 2127 nihil
858 2095 1145 2142 praeterquam
1171 2089 1411 2130 seditionem

63 2148 193 2188 fuisse
225 2162 397 2201 eamque
429 2149 682 2202 conpositam
713 2149 817 2189 inter
847 2150 1035 2203 antiquos
1065 2165 1201 2191 rerum
1227 2152 1422 2191 auctores

65 2216 236 2250 constat.
275 2216 314 2249 et
332 2209 453 2250 huius
479 2209 590 2250 fama
615 2211 825 2252 seditionis
852 2218 891 2251 et
917 2219 1154 2266 susceptum
1180 2227 1272 2253 cum
1294 2211 1413 2254 Sam-

63 2270 214 2312 nitibus
240 2286 365 2325 grave
389 2270 542 2312 bellum
568 2272 721 2325 aliquot
744 2273 920 2327 populos
940 2273 991 2314 ab
1010 2274 1199 2315 Romana
1219 2275 1412 2316 societate

63 2333 226 2381 avertit,
253 2339 292 2373 et
315 2340 475 2387 praeter
494 2334 739 2375 Latinorum
765 2335 936 2376 infidum
961 2336 1042 2376 iam
1068 2336 1136 2376 diu
1156 2337 1302 2377 foedus
1323 2337 1413 2377 Pri-

63 2401 250 2436 vernates
282 2395 403 2435 etiam
428 2395 611 2436 Norbam
641 2403 762 2450 atque
789 2396 964 2447 Setiam,
996 2398 1204 2440 finitumas
1231 2399 1411 2441 colonias

62 2457 289 2506 Romanas,
316 2456 547 2499 incursione
573 2458 708 2500 subita
732 2459 967 2514 depopulati
994 2467 1100 2501 sunt.

1447 372 1464 401 6

1446 495 1463 524 7

1444 741 1463 771 8

1444 1051 1461 1079 10

1441 1300 1460 1329 3

1440 2105 1456 2134 7

1438 2228 1457 2257 8
