1835 3226
316 241 371 282 44
622 247 776 281 LIBER
800 247 835 290 1,
861 246 915 280 40.
929 245 982 278 41.
1013 247 1110 288 [au.
1128 255 1157 278 c.
1173 245 1366 289 ree-220]

316 352 495 400 facinus,
532 349 681 402 quibus
713 348 898 389 consueti
928 336 1042 388 erant
1074 354 1244 400 uterque
1280 346 1511 401 agrestibus
1547 347 1672 389 ferra-

317 412 484 460 mentis,
510 411 552 451 in
571 409 774 450 vestibulo
798 408 936 464 regiae
961 423 1085 462 quam
1109 415 1277 463 potuere
1303 408 1673 449 tumultuosissime

318 473 453 528 specie
488 472 601 512 rixae
637 471 680 511 in
715 485 759 511 se
789 484 933 511 omnes
964 470 1217 524 apparitores
1249 469 1386 524 regios
1418 475 1672 510 convertunt.

316 535 429 583 inde,
461 548 555 574 cum
580 531 702 573 ambo
726 546 867 586 regem
891 531 1144 586 appellarent
1169 531 1403 584 clamorque
1434 545 1574 571 eorum
1603 544 1675 583 pe-

317 597 426 636 nitus
462 595 505 635 in
540 595 696 649 regiam
732 594 1005 647 pervenisset,
1049 593 1184 634 vocati
1220 593 1273 633 ad
1308 607 1447 647 regem
1485 600 1672 646 pergunt.

275 674 292 700 0·
317 658 448 712 primo
467 662 637 709 uterque
656 655 873 696 vociferari
897 662 937 696 et
956 656 1141 696 certatim
1160 654 1261 695 alter
1284 653 1401 694 alteri
1425 653 1674 707 obstrepere.

318 718 483 760 coerciti
507 717 558 758 ab
582 717 724 758 lictore
749 725 788 757 et
812 717 915 758 iussi
938 717 1115 757 invicem
1147 716 1282 757 dicere
1313 716 1478 756 tandem
1510 714 1677 768 obloqui

277 796 292 823 7
319 780 533 829 desistunt,
561 794 666 820 unus
687 793 774 820 rem
793 793 845 820 ex
879 779 1090 833 conposito
1111 778 1279 819 orditur.
1317 777 1416 817 dum
1434 777 1615 817 intentus
1635 777 1676 816 iu

318 857 413 883 eum
439 857 483 883 se
507 856 581 882 rex
605 847 714 882 totus
740 847 958 890 averteret,
985 840 1086 881 alter
1111 840 1260 881 elatam
1286 839 1462 880 securim
1486 839 1529 879 in
1554 846 1677 892 caput

319 903 442 945 deicit
465 903 689 956 relictoque
714 902 757 942 in
781 901 948 942 vulnere
974 901 1054 942 telo
1080 901 1201 942 ambo
1229 916 1272 941 se
1297 901 1408 941 foras
1434 900 1597 941 eiciunt.

279 982 288 1009 1
403 965 632 1006 XXXXI.
660 964 930 1017 Tarquinium
944 963 1234 1004 moribundum
1249 978 1342 1003 eum
1362 962 1432 1016 qui
1446 963 1553 1003 circa
1566 968 1679 1002 erant

320 1028 597 1082 excepissent,
634 1026 726 1068 illos
751 1026 958 1081 fugientes
989 1025 1152 1066 lictores
1197 1024 1548 1079 conprehendunt.
1596 1022 1680 1064 claf-

321 1104 410 1129 mor
433 1089 528 1129 inde
554 1102 861 1140 concursusque
884 1087 1028 1141 populi
1051 1087 1304 1136 mirantium,
1342 1086 1442 1139 quid
1471 1085 1531 1126 rei
1555 1090 1677 1125 esset.

323 1150 527 1204 Tanaquil
563 1150 668 1190 inter
702 1149 923 1190 tumultum
960 1149 1096 1189 claudi
1130 1148 1288 1203 regiam
1323 1148 1454 1196 iubet,
1503 1145 1677 1187 arbitros

323 1212 434 1261 eicit,
473 1208 594 1252 simul
629 1225 734 1264 quae
772 1210 952 1251 curando
982 1210 1141 1250 vulneri
1176 1224 1279 1264 opus
1317 1216 1429 1257 sunt,
1468 1215 1677 1260 tamquam

324 1287 419 1327 spes
446 1272 651 1322 subesset,
690 1271 833 1313 sedulo
872 1278 1068 1326 conparat
1099 1271 1238 1320 simul,
1276 1270 1311 1312 si
1341 1269 1535 1311 destituat
1567 1282 1675 1323 spes,

324 1334 404 1376 alia
427 1334 632 1388 praesidia
656 1333 831 1374 molitur.

280 1409 299 1438 2
411 1395 557 1437 Servio
593 1409 765 1450 propere
796 1395 925 1436 accito
956 1409 1049 1436 cum
1091 1408 1221 1449 paene
1258 1407 1512 1448 exsanguem
1546 1391 1680 1432 virum

324 1457 590 1506 ostendisset,
628 1456 814 1497 dextram
839 1464 982 1497 tenens
1008 1463 1113 1505 orat,
1145 1470 1196 1496 ne
1221 1455 1392 1496 inultam
1416 1460 1590 1495 mortem
1615 1468 1681 1493 so-

281 1532 300 1563 3
325 1519 425 1568 ceri,
462 1533 514 1559 ne
540 1532 703 1559 socrum
727 1517 902 1558 inimicis
933 1517 1109 1558 ludibrio
1135 1532 1226 1558 esse
1258 1517 1376 1558 sinat.
1426 1520 1561 1556 ‘tuum
1593 1514 1679 1562 est,’

324 1581 457 1633 inquit
488 1578 646 1628 ‘Servi‚
679 1579 715 1620 si
739 1579 801 1619 vir
825 1594 888 1628 es,
920 1594 1112 1634 regnum,
1144 1594 1227 1619 non
1252 1593 1412 1627 eorum,
1444 1578 1513 1631 qui
1538 1576 1680 1618 alienis

325 1642 515 1682 manibus
539 1641 767 1696 pessimum
791 1641 952 1681 facinus
972 1640 1118 1681 fecere.
1162 1640 1273 1694 erige
1293 1647 1332 1680 te
1353 1640 1534 1692 deosque
1554 1639 1680 1678 duces

326 1718 515 1756 sequere,
552 1703 623 1756 qui
648 1703 803 1743 clarum
827 1702 906 1742 hoc
930 1701 1019 1743 fore
1045 1709 1168 1756 caput
1198 1701 1336 1741 divino
1368 1701 1577 1753 quondam
1607 1700 1683 1740 cir-

325 1764 516 1805 cumfuso
540 1764 627 1819 igni
657 1764 962 1818 portenderunt.
1010 1778 1120 1804 nune
1150 1769 1190 1804 te
1220 1762 1290 1803 illa
1315 1762 1501 1803 caelestis
1534 1761 1683 1802 excitet

325 1825 509 1875 flamma,
541 1840 650 1866 nunc
676 1825 963 1880 expergiscere
986 1839 1095 1866 vere.
1144 1831 1184 1865 et
1209 1839 1283 1865 nos
1308 1823 1514 1879 peregrini
1536 1837 1684 1877 regna-

326 1887 473 1928 vimus.
523 1888 594 1941 qui
631 1888 705 1937 sis,
742 1902 825 1928 non
855 1887 964 1928 unde
994 1893 1115 1927 natus
1153 1886 1230 1935 sis,
1266 1893 1423 1940 reputa.
1474 1885 1508 1926 si
1539 1891 1610 1925 tua
1639 1899 1683 1924 re

282 1964 301 1992 4
327 1949 463 1990 subita
487 1949 658 1990 consilia
681 1955 861 2004 torpent,
894 1956 935 1990 at
959 1955 1003 1989 tu
1027 1963 1119 1989 mea
1145 1947 1316 1989 consilia
1341 1946 1536 2000 sequere?
1591 1960 1683 1987 cum

327 2012 481 2052 clamor
510 2012 772 2066 impetusque
803 2011 1074 2052 multitudinis
1106 2010 1175 2051 vix
1207 2009 1399 2051 sustineri
1434 2015 1593 2064 posset,
1633 2021 1684 2048 ex

329 2073 537 2127 superiore
563 2080 678 2127 parte
704 2073 869 2114 aedium
893 2087 967 2127 per
990 2072 1193 2113 fenestras
1219 2072 1262 2112 in
1286 2086 1436 2111 novam
1461 2070 1571 2111 viam
1597 2083 1687 2109 ver-

330 2150 396 2175 sas
422 2159 476 2164 ——
502 2134 714 2176 habitabat
744 2135 853 2175 enim
883 2149 956 2175 rex
986 2134 1038 2175 ad
1062 2134 1174 2175 Iovis
1202 2131 1377 2175 Statoris
1403 2157 1457 2161 —
1487 2130 1686 2185 populum

285 2211 304 2239 5
331 2196 535 2249 Tanaquil
570 2196 816 2249 adloquitur.
875 2195 990 2237 iubet
1025 2195 1133 2237 bono
1175 2195 1311 2235 animo
1354 2208 1464 2235 esse:
1508 2193 1686 2246 sopitum

329 2258 457 2298 fuisse
482 2272 623 2312 regem
650 2258 785 2299 subito
810 2258 912 2306 ictu,
950 2257 1105 2298 ferrum
1130 2257 1231 2297 haut
1271 2256 1351 2297 alte
1376 2256 1417 2296 in
1442 2269 1590 2309 corpus
1616 2253 1687 2293 de-

331 2319 558 2368 scendisse,
595 2319 677 2360 iam
708 2319 760 2360 ad
792 2333 836 2360 se
866 2319 1041 2368 redisse3
1078 2319 1310 2373 inspectum
1341 2317 1491 2358 vulnus
1523 2315 1687 2357 abterso

330 2396 484 2430 cruore,
511 2382 649 2422 omnia
674 2380 853 2423 salubria
877 2395 981 2422 esse.
1020 2380 1237 2429 confidere,
1264 2393 1391 2434 prope
1416 2379 1525 2419 diem
1549 2378 1687 2432 ipsum

331 2458 401 2483 eos
433 2443 613 2492 visuros3
649 2443 811 2484 interim
839 2441 985 2484 Servio
1010 2442 1147 2483 Tullio
1178 2441 1318 2483 iubere
1348 2440 1548 2495 populum
1578 2439 1687 2480 dieto

331 2504 565 2544 audientem
596 2519 706 2554 esse,
744 2520 838 2545 eum
868 2505 957 2545 iura
991 2504 1247 2545 redditurum
1284 2502 1573 2554 obiturumque
1609 2499 1688 2540 alia

290 2579 308 2607 6
332 2566 441 2619 regis
467 2566 606 2607 munia
631 2581 734 2607 esse.
785 2565 956 2608 Servius
988 2580 1083 2606 eum
1113 2565 1254 2606 trabea
1285 2571 1324 2606 et
1353 2562 1564 2604 lictoribus
1594 2574 1688 2614 pro-

334 2624 392 2666 dit
416 2641 475 2676 ac,
503 2628 599 2668 sede
624 2629 737 2683 regia
763 2628 929 2678 sedens,
956 2628 1036 2669 alia
1059 2627 1259 2676 decernit,
1285 2626 1336 2667 de
1362 2625 1451 2666 aliis
1477 2621 1686 2664 consultu-

335 2703 424 2729 rum
451 2702 494 2729 se
518 2704 658 2744 regem
683 2704 774 2731 esse
800 2689 976 2730 simulat.
1025 2689 1163 2742 itaque
1186 2703 1260 2742 per
1283 2687 1437 2739 aliquot
1461 2685 1566 2731 dies,
1593 2697 1685 2723 cum
