1780 3204
466 256 621 292 LIBER
646 256 739 301 1111,
767 256 820 290 61.
847 258 895 299 [a.
911 255 1160 299 (3.406-404]
1407 243 1487 286 251

135 363 336 404 Artenam
348 361 598 410 Veientium,
618 375 699 401 non
710 359 957 401 Volscorum
970 358 1099 400 fuisse
1114 359 1291 400 credant.
1323 356 1492 412 praebet
1519 372 1552 401 11

136 439 331 473 errorem,
370 423 480 477 quod
511 422 695 464 eiusdem
727 421 904 462 nominis
940 420 1038 462 urbs
1070 421 1175 461 inter
1207 419 1338 462 Caere
1370 427 1492 474 atque

136 485 264 527 Veios
294 485 391 534 fuit3
429 485 502 526 sed
532 499 624 525 eam
653 498 772 539 reges
796 482 976 524 Romani
1006 482 1213 532 delevere,
1252 481 1493 524 Caeretum-

136 562 216 600 que
240 562 323 588 non
347 545 583 587 Veientium
607 546 752 586 fuerat.
807 544 934 586 altera
957 544 1060 585 haec
1084 544 1249 586 nomine
1281 544 1426 585 eodem
1450 544 1491 584 in

136 608 290 650 Volsco
316 622 414 662 agro
440 607 529 656 fuit,
557 608 673 648 cuius
700 607 904 648 excidium
931 613 994 647 est
1018 606 1184 647 dictum.

545 798 828 850 [PEffloeHA
851 801 992 838 LIBRI
1017 798 1082 850 V.]

193 877 253 917 [In
267 875 464 910 obsidione
478 874 656 909 Veiorum
671 874 915 908 hibernacula
929 874 1107 908 militibus
1127 874 1231 908 facta
1245 878 1339 907 sunt.
1379 884 1422 908 ca
1435 884 1494 908 res

140 938 221 961 eum
235 929 334 960 esset
352 936 467 968 nova,
494 924 789 969 indignationem
809 925 1042 959 tribunorum
1061 924 1183 969 plebis
1203 923 1320 958 movit
1340 935 1494 968 queren-

137 977 239 1020 tium,
254 987 328 1010 non
343 976 422 1010 dari
436 975 538 1020 plebi
551 986 620 1009 nec
634 987 699 1019 per
712 975 870 1009 hiemem
884 976 1037 1009 militiae
1053 974 1230 1020 requiem.
1257 975 1402 1019 equites
1417 979 1492 1008 tum

137 1028 294 1072 primum
315 1027 419 1071 equis
440 1026 515 1059 suis
535 1036 675 1060 merere
697 1029 910 1070 coeperunt.
950 1036 1031 1059 cum
1050 1025 1244 1060 inundatio
1267 1036 1311 1058 ex
1325 1025 1411 1058 lacu
1429 1024 1493 1057 Al·

138 1077 237 1111 bano
252 1077 354 1111 facta
367 1080 484 1119 esset,
505 1079 628 1119 vates,
651 1077 713 1120 qui
728 1087 808 1110 eam
822 1087 898 1110 rem
911 1075 1240 1120 interpretaretur,-
1261 1076 1306 1108 de
1322 1075 1494 1108 hostibus

140 1132 270 1172 captus
285 1131 351 1161 est.
386 1126 522 1160 Furius
537 1125 712 1160 Camillus
728 1126 890 1160 dictator
904 1127 1032 1161 decem
1046 1137 1165 1159 annos
1188 1125 1365 1159 obsessos
1379 1124 1494 1158 Veios

140 1178 254 1222 cepit,
281 1177 515 1211 simulacrum
539 1176 695 1210 Iunonis
720 1175 878 1210 Romam
902 1176 1113 1219 transtulit,
1147 1175 1327 1209 decimam
1350 1178 1494 1219 partem

138 1228 299 1273 praedae
312 1227 483 1271 Delphos
497 1226 665 1271 Apollini
681 1226 792 1260 misit.
829 1227 917 1261 item
937 1226 1110 1260 tribunus
1129 1225 1286 1259 militum
1302 1236 1384 1259 eum
1397 1224 1494 1259 Fali—

139 1289 222 1313 scos
237 1278 445 1320 obsideret,
471 1277 642 1321 proditos
662 1277 824 1311 hostium
845 1276 942 1311 filios
961 1277 1182 1321 parentibus
1201 1275 1344 1311 remisit
1357 1276 1495 1310 statim-

139 1339 209 1373 que
224 1328 414 1362 deditione
434 1327 537 1362 faeta
551 1327 784 1361 Faliscorum
804 1328 997 1362 victoriam
1016 1327 1160 1361 iustitia
1180 1330 1406 1361 consecutus
1428 1330 1495 1361 est.

138 1390 219 1413 cum
243 1379 338 1412 alter
363 1389 407 1412 ex
433 1377 652 1412 censoribus
673 1377 712 1412 C.
731 1377 850 1412 Iulius
878 1378 1122 1422 decessisset,
1148 1378 1186 1411 in
1205 1378 1329 1412 locum
1349 1377 1426 1411 cius
1447 1377 1496 1411 M.

138 1428 331 1464 Cornelius
346 1427 523 1463 suffectus
538 1432 612 1472 est,
638 1439 707 1463 nec
720 1428 758 1462 id
771 1432 904 1473 postea
918 1428 1060 1463 factum
1079 1432 1154 1474 est,
1183 1428 1358 1473 quoniam
1378 1439 1422 1462 eo
1443 1428 1495 1461 lu-

139 1484 214 1514 stro
235 1491 256 1514 a
271 1479 390 1514 Gallis
403 1479 523 1513 Roma
544 1483 655 1524 capta
675 1483 741 1513 est.
779 1480 917 1513 Furius
939 1478 1134 1523 Camillus,
1161 1491 1242 1513 cum
1263 1479 1297 1513 ei
1317 1479 1396 1513 dies
1418 1478 1496 1513 aL.

136 1530 297 1574 Apuleio
312 1530 463 1564 tribuno
477 1530 599 1574 plebis
615 1530 714 1564 dicta
729 1535 841 1574 esset,
861 1530 899 1564 in
914 1530 1062 1565 exilium
1076 1530 1179 1565 abiit.
1218 1541 1300 1564 cum
1317 1529 1417 1565 Galli
1432 1529 1495 1563 Se-

137 1592 254 1615 nones
263 1579 427 1615 Clusium
441 1580 658 1615 obsiderent
672 1584 709 1615 et
721 1581 838 1625 legati
851 1592 873 1615 a
887 1585 1020 1615 senatu
1033 1581 1135 1614 missi
1149 1581 1196 1615 ad
1212 1580 1496 1624 conponendam

137 1632 233 1666 inter
248 1643 312 1666 eos
327 1636 365 1666 et
379 1631 551 1666 Clusinos
564 1642 696 1676 pacem
709 1635 922 1676 pugnantes
939 1636 1069 1666 contra
1086 1632 1218 1667 Gallos
1233 1632 1270 1664 in
1284 1631 1363 1664 acic
1380 1629 1497 1663 Clusi-

138 1694 268 1717 norum
283 1683 485 1726 stetissent,
500 1683 573 1716 hoc
586 1682 687 1716 facto
704 1693 830 1716 eorum
845 1682 1022 1716 concitati
1033 1681 1201 1716 Senones
1216 1682 1344 1716 urbem
1358 1681 1496 1715 infesto

139 1734 303 1768 exercitu
328 1734 534 1778 petierunt,
565 1733 737 1777 fusisque
771 1734 818 1767 ad
845 1733 967 1767 Aliam
990 1733 1170 1767 Romanis
1203 1743 1336 1776 cepere
1366 1732 1497 1765 urbem

139 1787 287 1828 praeter
300 1782 540 1827 Capitolium,
567 1783 634 1828 (in)
650 1794 722 1828 quo
739 1794 776 1817 se
791 1783 964 1817 iuventus
979 1784 1208 1826 contulerat,
1233 1782 1392 1816 maiores
1407 1785 1498 1815 natu

142 1845 223 1867 cum
239 1833 448 1877 insignibus
463 1833 662 1877 honorum,
684 1844 777 1878 quos
793 1833 950 1878 quisque
966 1837 1153 1877 gesserat,
1175 1833 1212 1866 in
1226 1832 1423 1866 vestibulis
1438 1842 1497 1865 ae-

142 1884 241 1917 dium
262 1885 434 1917 sedentes
456 1883 684 1917 occiderunt.
722 1888 760 1917 et
779 1895 861 1917 cum
885 1895 952 1927 per
971 1895 1140 1917 aversam
1159 1887 1303 1927 partem
1324 1882 1499 1926 Capitolii

142 1934 214 1968 iam
234 1934 271 1967 in
291 1945 468 1967 summum
489 1933 713 1977 evasissent,
740 1933 878 1978 proditi
899 1935 1078 1978 clangore
1105 1945 1278 1968 anserum
1297 1933 1347 1966 M.
1367 1933 1498 1967 Manlii

142 1984 341 2029 praecipue
364 1995 478 2028 opera
499 1984 635 2018 deiecti
656 1988 752 2017 sunt.
790 1984 930 2018 coactis
951 1985 1085 2018 deinde
1105 1989 1258 2029 propter
1277 1984 1412 2018 famem
1426 1984 1498 2018 Ro-

142 2034 260 2068 manis
276 2035 519 2077 descendere,
539 2038 581 2067 ut
593 2034 692 2068 mille
708 2035 832 2078 pondo
853 2034 933 2069 auri
953 2035 1085 2069 darent
1105 2039 1143 2069 et
1160 2035 1233 2068 hoc
1251 2035 1372 2079 pretio
1387 2033 1498 2069 finem

144 2084 350 2118 obsidionis
366 2089 540 2128 emerent,
554 2084 689 2118 Furius
699 2085 887 2129 Camillus,
904 2085 1063 2119 dictator
1076 2086 1214 2120 absens
1229 2089 1388 2129 creatus,
1403 2085 1499 2119 inter

142 2135 262 2179 ipsum
288 2135 543 2180 conloquium,
572 2146 644 2179 quo
675 2136 720 2170 de
745 2136 851 2180 pacis
879 2136 1162 2170 condicionibus
1189 2137 1389 2181 agebatur,
1418 2148 1499 2170 cum

144 2186 307 2219 exercitu
321 2186 422 2220 venit
436 2190 471 2219 ct
487 2185 617 2220 Gallos
632 2189 718 2229 post
732 2189 874 2219 sextum
898 2197 1062 2220 mensem
1077 2187 1167 2221 urbe
1189 2187 1331 2231 expulit
1350 2187 1499 2221 cecidit-

146 2247 227 2280 que.
265 2236 403 2270 dictum
425 2241 498 2280 est,
525 2237 573 2270 ad
592 2236 708 2271 Veios
729 2236 962 2280 migrandum
981 2248 1062 2271 esse
1081 2241 1236 2281 propter
1254 2237 1444 2271 incensam
1464 2242 1500 2272 et

146 2286 303 2320 dirutam
328 2288 476 2330 urbem,
504 2287 604 2331 quod
630 2287 825 2321 consilium
845 2286 1001 2321 Camillo
1029 2291 1181 2322 auctore
1204 2287 1411 2321 discussum
1431 2292 1498 2322 est.

145 2337 259 2371 movit
272 2337 451 2382 populum
464 2337 566 2371 vocis
583 2348 731 2382 quoque
747 2349 854 2372 omen
869 2349 913 2372 ex
928 2338 1146 2372 centurione
1161 2338 1323 2380 auditae,
1340 2339 1401 2383 qui
1418 2350 1498 2373 cum

147 2389 182 2421 in
196 2388 317 2422 forum
331 2388 495 2423 venisset
507 2388 761 2432 manipulariis
777 2389 851 2423 suis
867 2389 1027 2424 dixerat:
1054 2392 1062 2408 ⁴
1073 2394 1131 2424 sta
1143 2389 1266 2433 miles,
1288 2389 1348 2423 hic
1363 2389 1498 2433 optime

146 2438 396 2473 1nanebimus.'
423 2439 536 2473 aedes
550 2438 850 2484 IoviCapitolino
865 2439 967 2474 facta
981 2443 1047 2484 est,
1058 2441 1159 2486 quod
1172 2444 1258 2475 ante
1272 2441 1401 2475 urbem
1415 2452 1497 2485 cap-

146 2493 220 2523 tam
234 2500 304 2524 vox
320 2489 447 2524 audita
461 2493 542 2524 erat
555 2490 755 2524 adventare
772 2490 931 2534 Gallos]
