1835 3226
328 339 337 365 l

320 582 338 609 {0

371 212 420 252 7ss
659 220 810 253 Lmen
836 219 889 261 11,
918 219 968 252 15.
994 221 1043 252 111.
1071 221 1423 267 [a.u.e.247-252]

451 322 551 362 XV.
592 322 767 375 Spurius
794 322 1014 363 Lucretius
1040 323 1134 363 inde
1160 330 1198 363 01
1224 322 1271 363 P.
1295 323 1484 366 Valerius
1504 325 1720 371 Publicola

367 382 554 424 consules
586 382 694 423 facti.
745 397 792 423 00
823 398 929 424 anno
960 392 1213 438 postremum
1244 384 1370 440 legati
1406 401 1428 426 a
1459 386 1635 430 Porsina
1669 391 1720 432 de

365 444 597 494 reducendo
632 445 674 484 in
710 459 884 499 regnum
920 445 1145 499 Tarquinio
1181 453 1391 487 venerunt.
1441 448 1590 501 quibus
1628 465 1720 491 cum

365 521 607 560 responsum
639 513 765 555 esset,
802 507 1024 548 missurum
1062 508 1114 548 ad
1149 523 1290 562 regem
1327 516 1515 550 senatum
1550 511 1718 566 legatos,

366 567 480 608 missi
516 567 734 608 confestim
763 568 1105 610 honoratissimus
1137 570 1311 623 quisque
1344 585 1366 610 e
1395 570 1601 625 patribus:
1639 587 1720 612 non

364 630 462 682 quin
492 628 670 670 breviter
694 630 809 670 reddi
833 645 1077 685 responsum
1102 633 1297 686 potuerit,
1329 647 1414 673 non
1436 634 1563 688 recipi
1587 649 1719 689 reges,

364 691 456 732 ideo
481 691 618 745 potius
645 692 825 733 delectos
850 700 1012 747 patrum
1038 694 1090 734 ad
1115 708 1209 734 eum
1239 695 1389 736 missos
1421 710 1544 749 quam
1573 696 1720 751 legatis

363 752 450 793 eius
486 753 644 794 Romae
681 754 846 797 daretur
879 769 1145 809 responsum,
1196 756 1270 796 sed
1310 763 1355 796 ut
1396 757 1437 796 in
1478 765 1720 812 perpetuum

363 815 513 856 mentio
533 815 620 856 eius
640 816 698 857 rei
717 815 901 857 finiretur
924 831 1005 857 neu
1029 817 1071 857 in
1097 817 1218 858 tantis
1244 818 1396 860 mutuis
1423 818 1631 860 beneficiis
1658 820 1720 860 in-

363 876 494 916 vicem
519 877 644 917 animi
670 877 995 927 sollicitarentur,
1028 893 1122 919 cum
1146 879 1213 919 1110
1236 886 1410 934 peteret,
1442 881 1554 933 quod
1578 887 1721 921 contra

362 938 592 979 libertatem
612 939 754 993 populi
768 939 946 980 Romani
965 947 1092 990 esset,
1117 940 1312 988 Romani,
1339 942 1419 982 nisi
1438 942 1480 982 in
1498 943 1718 996 perniciem

365 1015 482 1040 suam
518 1000 661 1042 faciles
699 1016 790 1042 esse
827 1002 996 1052 vellent,
1040 1009 1255 1058 negarent,
1294 1004 1359 1044 cui
1389 1003 1490 1044 nihil
1525 1011 1719 1059 negatum

364 1062 524 1102 vellent.
574 1077 656 1102 11011
686 1063 729 1103 111
758 1078 886 1118 regno
916 1064 1116 1118 populum
1141 1064 1396 1114 Romanum,
1430 1065 1502 1106 sed
1526 1066 1579 1106 in'
1597 1065 1718 1107 liber-

365 1131 447 1163 tate
474 1138 583 1173 esse,
610 1125 667 1164 ita
692 1125 903 1166 induxisse
929 1126 971 1166 in
991 1127 1192 1176 animum,
1218 1126 1405 1168 hostibus
1426 1127 1562 1181 potius
1580 1134 1717 1182 portas

365 1201 489 1238 quam
513 1186 680 1241 regibus
705 1188 949 1241 patefacere.

446 1247 513 1288 Ea
537 1262 628 1288 csse
654 1256 749 1289 vota
774 1248 883 1302 (eam
915 1264 1005 1291 esse
1036 1250 1306 1301 voluntatem)
1337 1251 1537 1299 omnium,
1577 1259 1620 1290 ut
1649 1251 1718 1304 qui

362 1309 538 1350 libertati
563 1311 636 1351 crit
662 1311 703 1351 in
728 1311 795 1351 illa
821 1312 921 1353 urbe
947 1312 1058 1361 finis,
1095 1312 1204 1352 idem
1235 1311 1326 1352 urbi
1358 1312 1427 1361 sit3
1464 1312 1651 1366 proinde,
1685 1313 1718 1352 si

364 1372 520 1413 salvam
541 1387 632 1413 esse
654 1373 772 1413 vellet
785 1374 980 1423 Romam,
1006 1381 1056 1414 ut.
1069 1374 1246 1428 patiatur
1265 1373 1434 1414 liberam
1454 1388 1564 1422 esse,
1591 1388 1716 1414 orare.

363 1448 436 1474 rex
456 1435 701 1476 verecundia
721 1435 853 1477 victus
875 1436 1057 1489 ‘quando
1076 1436 1119 1476 id
1138 1444 1293 1476 certum
1318 1442 1439 1488 atque
1466 1435 1717 1476 obstinatum

365 1502 444 1544 est,
495 1496 626 1549 inquit
659 1500 809 1550 ‘neque
841 1512 919 1552 ego
951 1497 1174 1538 obtundam
1207 1497 1370 1551 saepius
1403 1497 1545 1538 eadem
1577 1497 1719 1550 nequi-

363 1572 486 1609 quam
511 1558 672 1611 agendo
697 1572 773 1599 1100
799 1558 1046 1611 Tarquinios
1073 1573 1144 1612 spe
1170 1558 1327 1607 auxilii,
1359 1559 1470 1611 quod
1494 1558 1651 1599 nullum
1677 1558 1718 1598 111

363 1633 427 1658 1110
459 1625 537 1666 051,
576 1618 814 1660 frustrabor.
870 1620 994 1660 alium
1024 1620 1137 1669 hinc,
1178 1634 1250 1660 seu
1279 1619 1387 1660 bello
1418 1635 1521 1674 opus
1553 1627 1615 1660 est
1647 1634 1719 1660 seu

362 1681 515 1733 quiete,
575 1682 698 1722 exilio
729 1688 928 1734 quaerant
957 1681 1113 1730 locum,
1144 1696 1196 1721 ne
1222 1681 1321 1734 quid
1346 1696 1480 1722 meam
1504 1681 1718 1722 vobiscum

361 1757 505 1796 pacem
536 1743 752 1784 distineat?
801 1744 920 1784 dictis
950 1743 1060 1784 facta
1090 1743 1284 1784 amiciora
1314 1743 1473 1783 adiecit.
1528 1742 1719 1784 obsidum

360 1805 472 1856 quod
501 1805 705 1858 reliquum
730 1812 814 1846 erat
839 1806 1033 1855 reddidit,
1067 1820 1212 1860 agrum
1237 1804 1453 1846 Veientem
1478 1804 1642 1845 foedere
1667 1804 1719 1844 ad

362 1866 593 1907 Ianiculum
618 1867 698 1908 icto
724 1868 963 1922 ademptum
988 1868 1175 1908 1·estituit;
1216 1867 1483 1920 Tarquinius,
1511 1881 1583 1920 spe
1608 1866 1719 1907 omni

360 1929 514 1970 reditus
540 1930 683 1979 ineisa,
711 1930 920 1971 exulatum
945 1931 997 1971 ad
1021 1944 1219 1985 generum
1239 1928 1472 1969 Mamilium
1495 1926 1717 1969 Octavium

362 1990 593 2032 Tusculum
618 1992 729 2033 abiit.
790 1992 990 2033 Romanis
1015 2007 1097 2046 pax
1121 1991 1204 2032 fida
1228 1991 1284 2031 ita
1308 2005 1402 2031 cum
1426 1990 1603 2030 Porsina
1626 1989 1716 2029 suit.

443 2053 568 2094 XVI.
610 2054 814 2095 Consules
840 2054 901 2095 M.
924 2054 1132 2102 Valerius,
1159 2053 1208 2093 P.
1234 2052 1488 2094 Postumius.
1538 2067 1586 2092 eo
1611 2066 1718 2092 anno

360 2115 464 2156 bene
488 2124 719 2171 pugnatum
744 2131 838 2157 011111
861 2116 1027 2158 Sabinis
1036 2133 1047 2165 3
1073 2115 1262 2157 eonsules
1283 2114 1594 2168 triumpharunt.
1632 2128 1718 2152 ma-

360 2177 443 2218 iore
463 2177 557 2218 inde
576 2178 683 2218 mole
699 2177 844 2219 Sabini
862 2178 1016 2219 bellum
1034 2177 1245 2231 parabant.
1283 2176 1480 2216 adversus
1507 2189 1576 2215 eos
1603 2180 1642 2214 et
1667 2187 1717 2214 110

359 2239 459 2292 quid
485 2240 606 2280 simul
632 2239 683 2280 ab
710 2240 912 2289 Tusculo,
945 2240 1072 2288 unde,
1106 2239 1181 2279 etsi
1206 2253 1289 2279 non
1313 2244 1518 2292 apertum,
1550 2249 1718 2289 suspec-

361 2308 448 2341 tum
484 2308 622 2343 tamen
657 2302 811 2343 bellum
847 2310 950 2350 erat,
995 2301 1195 2355 repentini
1230 2299 1400 2354 periculi
1435 2299 1625 2346 oriretur,
1666 2296 1715 2337 P.

362 2363 552 2404 Valerius
579 2371 787 2417 quartum,
816 2364 864 2404 T.
886 2364 1107 2404 Lucretius
1133 2363 1281 2403 iterum
1306 2361 1495 2402 consules
1520 2360 1631 2400 facti.

450 2425 609 2467 Seditio
640 2427 746 2467 inter
776 2426 872 2467 belli
902 2426 1098 2480 pacisque
1129 2431 1316 2465 auctores
1354 2429 1442 2463 orta
1477 2423 1519 2462 in
1550 2420 1715 2463 Sabinis

360 2488 614 2541 aliquantum
643 2489 738 2530 111110
769 2489 917 2529 virium
948 2487 1153 2529 transtulit
1183 2487 1236 2527 ad
1265 2486 1490 2526 Romanos.
1538 2495 1715 2534 namque

360 2549 486 2590 Attus
524 2550 723 2600 Clausus,
772 2551 837 2591 cui
874 2556 1019 2605 postea
1054 2548 1194 2603 Appio
1232 2547 1408 2588 Claudio
1444 2545 1522 2585 fuit
1556 2543 1714 2583 Romae

361 2626 528 2661 nomen,
555 2627 649 2653 cum
668 2613 782 2667 pacis
808 2613 896 2666 ipse
922 2618 1063 2652 auctor
1087 2626 1111 2651 a
1135 2607 1412 2650 turbatoribus
1438 2605 1532 2646 belli
1556 2617 1715 2658 preme-

362 2680 470 2713 retur
511 2689 586 2716 nec
624 2690 698 2729 par
732 2674 901 2715 factioni
938 2680 1066 2722 esset,
1110 2688 1134 2713 a.
1168 2671 1301 2712 vicino
1337 2667 1519 2722 Regillo,
1564 2679 1715 2719 magna
