<?xml version="1.0" encoding="UTF-8"?>
<!DOCTYPE html PUBLIC "-//W3C//DTD XHTML 1.0 Transitional//EN"
    "http://www.w3.org/TR/xhtml1/DTD/xhtml1-transitional.dtd">
<html xmlns="http://www.w3.org/1999/xhtml" xml:lang="en" lang="en">
 <head>
  <title>
</title>
<meta http-equiv="Content-Type" content="text/html;charset=utf-8" />
  <meta name='ocr-system' content='tesseract 3.04.00' />
  <meta name='ocr-capabilities' content='ocr_page ocr_carea ocr_par ocr_line ocrx_word'/>
</head>
<body>
  <div class='ocr_page' id='page_1' title='image "./aburbeconditalib01livyuoft_0500.png"; bbox 0 0 1835 3226; ppageno 0'>
   <div class='ocr_carea' id='block_1_1' title="bbox 245 557 282 586">
    <p class='ocr_par' dir='ltr' id='par_1_1' title="bbox 245 557 282 586">
     <span class='ocr_line' id='line_1_1' title="bbox 245 557 282 586; baseline -0.027 0"><span class='ocrx_word' id='word_1_1' title='bbox 245 557 282 586; x_wconf 72' lang='lat'>13</span> 
     </span>
    </p>
   </div>
   <div class='ocr_carea' id='block_1_2' title="bbox 245 743 284 771">
    <p class='ocr_par' dir='ltr' id='par_1_2' title="bbox 245 743 284 771">
     <span class='ocr_line' id='line_1_2' title="bbox 245 743 284 771; baseline 0 0"><span class='ocrx_word' id='word_1_2' title='bbox 245 743 284 771; x_wconf 68' lang='lat'>14</span> 
     </span>
    </p>
   </div>
   <div class='ocr_carea' id='block_1_3' title="bbox 244 929 282 958">
    <p class='ocr_par' dir='ltr' id='par_1_3' title="bbox 244 929 282 958">
     <span class='ocr_line' id='line_1_3' title="bbox 244 929 282 958; baseline 0.026 -1"><span class='ocrx_word' id='word_1_3' title='bbox 244 929 282 958; x_wconf 72' lang='lat'>15</span> 
     </span>
    </p>
   </div>
   <div class='ocr_carea' id='block_1_4' title="bbox 249 1176 285 1205">
    <p class='ocr_par' dir='ltr' id='par_1_4' title="bbox 249 1176 285 1205">
     <span class='ocr_line' id='line_1_4' title="bbox 249 1176 285 1205; baseline 0.028 -1"><span class='ocrx_word' id='word_1_4' title='bbox 249 1176 285 1205; x_wconf 77' lang='lat'>16</span> 
     </span>
    </p>
   </div>
   <div class='ocr_carea' id='block_1_5' title="bbox 267 1682 284 1709">
    <p class='ocr_par' dir='ltr' id='par_1_5' title="bbox 267 1682 284 1709">
     <span class='ocr_line' id='line_1_5' title="bbox 267 1682 284 1709; textangle 90"><span class='ocrx_word' id='word_1_5' title='bbox 267 1682 284 1709; x_wconf 54' lang='lat'>10</span> 
     </span>
    </p>
   </div>
   <div class='ocr_carea' id='block_1_6' title="bbox 266 1994 284 2018">
    <p class='ocr_par' dir='ltr' id='par_1_6' title="bbox 266 1994 284 2018">
     <span class='ocr_line' id='line_1_6' title="bbox 266 1994 284 2018; baseline 0 0"><span class='ocrx_word' id='word_1_6' title='bbox 266 1994 284 2018; x_wconf 70' lang='grc' dir='ltr'>ὐ</span> 
     </span>
    </p>
   </div>
   <div class='ocr_carea' id='block_1_7' title="bbox 311 249 1379 296">
    <p class='ocr_par' dir='ltr' id='par_1_7' title="bbox 311 249 1379 296">
     <span class='ocr_line' id='line_1_7' title="bbox 311 249 1379 296; baseline -0.005 -7"><span class='ocrx_word' id='word_1_7' title='bbox 311 249 392 289; x_wconf 76' lang='grc'>326</span> <span class='ocrx_word' id='word_1_8' title='bbox 593 252 747 287; x_wconf 83' lang='lat' dir='ltr'>LIBER</span> <span class='ocrx_word' id='word_1_9' title='bbox 772 252 841 296; x_wconf 79' lang='lat' dir='ltr'>vl,</span> <span class='ocrx_word' id='word_1_10' title='bbox 868 251 921 285; x_wconf 78' lang='lat'>20.</span> <span class='ocrx_word' id='word_1_11' title='bbox 944 251 997 284; x_wconf 75' lang='lat'>21.</span> <span class='ocrx_word' id='word_1_12' title='bbox 1027 250 1379 294; x_wconf 50' lang='lat' dir='ltr'>[anesio-373]</span> 
     </span>
    </p>
   </div>
   <div class='ocr_carea' id='block_1_8' title="bbox 307 353 1672 1959">
    <p class='ocr_par' dir='ltr' id='par_1_8' title="bbox 307 353 1670 1396">
     <span class='ocr_line' id='line_1_8' title="bbox 307 353 1661 414; baseline -0.002 -14"><span class='ocrx_word' id='word_1_13' title='bbox 307 357 585 414; x_wconf 90' lang='lat' dir='ltr'>perduellione</span> <span class='ocrx_word' id='word_1_14' title='bbox 610 354 871 408; x_wconf 80' lang='lat' dir='ltr'>anquirerent</span> <span class='ocrx_word' id='word_1_15' title='bbox 897 361 1074 403; x_wconf 86' lang='lat' dir='ltr'>creatos,</span> <span class='ocrx_word' id='word_1_16' title='bbox 1101 359 1289 394; x_wconf 78' lang='lat' dir='ltr'>auctores</span> <span class='ocrx_word' id='word_1_17' title='bbox 1310 353 1390 394; x_wconf 89' lang='lat' dir='ltr'>sint</span> <span class='ocrx_word' id='word_1_18' title='bbox 1411 353 1661 397; x_wconf 87' lang='lat' dir='ltr'>damnatum.</span> 
     </span>
     <span class='ocr_line' id='line_1_9' title="bbox 308 415 1665 470; baseline -0.001 -10"><span class='ocrx_word' id='word_1_19' title='bbox 308 419 460 460; x_wconf 86' lang='lat' dir='ltr'>tribuni</span> <span class='ocrx_word' id='word_1_20' title='bbox 484 419 535 459; x_wconf 90' lang='lat' dir='ltr'>de</span> <span class='ocrx_word' id='word_1_21' title='bbox 561 432 662 459; x_wconf 83' lang='lat' dir='ltr'>saxo</span> <span class='ocrx_word' id='word_1_22' title='bbox 682 416 861 470; x_wconf 84' lang='lat' dir='ltr'>Tarpeio</span> <span class='ocrx_word' id='word_1_23' title='bbox 881 415 1133 465; x_wconf 88' lang='lat' dir='ltr'>deiecerunt,</span> <span class='ocrx_word' id='word_1_24' title='bbox 1159 415 1358 468; x_wconf 89' lang='lat' dir='ltr'>locusque</span> <span class='ocrx_word' id='word_1_25' title='bbox 1382 415 1490 456; x_wconf 83' lang='lat' dir='ltr'>idem</span> <span class='ocrx_word' id='word_1_26' title='bbox 1517 416 1557 456; x_wconf 89' lang='lat' dir='ltr'>in</span> <span class='ocrx_word' id='word_1_27' title='bbox 1583 431 1665 459; x_wconf 91' lang='lat' dir='ltr'>uno</span> 
     </span>
     <span class='ocr_line' id='line_1_10' title="bbox 308 477 1665 534; baseline -0.001 -13"><span class='ocrx_word' id='word_1_28' title='bbox 308 481 472 522; x_wconf 86' lang='lat' dir='ltr'>homine</span> <span class='ocrx_word' id='word_1_29' title='bbox 497 486 538 521; x_wconf 86' lang='lat' dir='ltr'>et</span> <span class='ocrx_word' id='word_1_30' title='bbox 562 478 737 520; x_wconf 78' lang='lat' dir='ltr'>eximiae</span> <span class='ocrx_word' id='word_1_31' title='bbox 756 478 910 534; x_wconf 79' lang='lat' dir='ltr'>gloriae</span> <span class='ocrx_word' id='word_1_32' title='bbox 931 484 1244 518; x_wconf 85' lang='lat' dir='ltr'>monumentum</span> <span class='ocrx_word' id='word_1_33' title='bbox 1264 484 1301 518; x_wconf 89' lang='lat' dir='ltr'>et</span> <span class='ocrx_word' id='word_1_34' title='bbox 1322 492 1478 532; x_wconf 86' lang='lat' dir='ltr'>poenae</span> <span class='ocrx_word' id='word_1_35' title='bbox 1499 477 1665 520; x_wconf 87' lang='lat' dir='ltr'>ultimae</span> 
     </span>
     <span class='ocr_line' id='line_1_11' title="bbox 308 539 1666 595; baseline -0.001 -12"><span class='ocrx_word' id='word_1_36' title='bbox 308 543 398 583; x_wconf 79' lang='lat' dir='ltr'>fuit.</span> <span class='ocrx_word' id='word_1_37' title='bbox 447 542 630 583; x_wconf 89' lang='lat' dir='ltr'>adiectae</span> <span class='ocrx_word' id='word_1_38' title='bbox 649 547 812 582; x_wconf 89' lang='lat' dir='ltr'>mortuo</span> <span class='ocrx_word' id='word_1_39' title='bbox 831 546 952 581; x_wconf 89' lang='lat' dir='ltr'>notae</span> <span class='ocrx_word' id='word_1_40' title='bbox 974 546 1086 581; x_wconf 88' lang='lat' dir='ltr'>sunt:</span> <span class='ocrx_word' id='word_1_41' title='bbox 1112 539 1278 595; x_wconf 89' lang='lat' dir='ltr'>publica</span> <span class='ocrx_word' id='word_1_42' title='bbox 1296 555 1395 589; x_wconf 88' lang='lat' dir='ltr'>una,</span> <span class='ocrx_word' id='word_1_43' title='bbox 1422 540 1545 593; x_wconf 86' lang='lat' dir='ltr'>quod,</span> <span class='ocrx_word' id='word_1_44' title='bbox 1571 555 1666 582; x_wconf 87' lang='lat' dir='ltr'>cum</span> 
     </span>
     <span class='ocr_line' id='line_1_12' title="bbox 308 599 1667 656; baseline -0.001 -11"><span class='ocrx_word' id='word_1_45' title='bbox 308 605 456 646; x_wconf 89' lang='lat' dir='ltr'>domus</span> <span class='ocrx_word' id='word_1_46' title='bbox 487 604 576 645; x_wconf 92' lang='lat' dir='ltr'>eius</span> <span class='ocrx_word' id='word_1_47' title='bbox 602 603 768 653; x_wconf 85' lang='lat' dir='ltr'>fuisset,</span> <span class='ocrx_word' id='word_1_48' title='bbox 799 602 871 644; x_wconf 91' lang='lat' dir='ltr'>ubi</span> <span class='ocrx_word' id='word_1_49' title='bbox 896 617 1006 644; x_wconf 89' lang='lat' dir='ltr'>nunc</span> <span class='ocrx_word' id='word_1_50' title='bbox 1031 602 1154 643; x_wconf 89' lang='lat' dir='ltr'>aedes</span> <span class='ocrx_word' id='word_1_51' title='bbox 1181 609 1302 656; x_wconf 92' lang='lat' dir='ltr'>atque</span> <span class='ocrx_word' id='word_1_52' title='bbox 1323 599 1494 643; x_wconf 34' lang='lat' dir='ltr'>*officina</span> <span class='ocrx_word' id='word_1_53' title='bbox 1518 601 1667 644; x_wconf 91' lang='lat' dir='ltr'>Mone-</span> 
     </span>
     <span class='ocr_line' id='line_1_13' title="bbox 308 664 1665 720; baseline 0 -14"><span class='ocrx_word' id='word_1_54' title='bbox 308 674 372 707; x_wconf 91' lang='lat' dir='ltr'>tae</span> <span class='ocrx_word' id='word_1_55' title='bbox 398 673 478 717; x_wconf 93' lang='lat' dir='ltr'>est,</span> <span class='ocrx_word' id='word_1_56' title='bbox 510 666 639 707; x_wconf 90' lang='lat' dir='ltr'>latum</span> <span class='ocrx_word' id='word_1_57' title='bbox 664 666 717 707; x_wconf 87' lang='lat' dir='ltr'>ad</span> <span class='ocrx_word' id='word_1_58' title='bbox 741 664 941 720; x_wconf 88' lang='lat' dir='ltr'>populum</span> <span class='ocrx_word' id='word_1_59' title='bbox 966 674 1046 714; x_wconf 89' lang='lat' dir='ltr'>est,</span> <span class='ocrx_word' id='word_1_60' title='bbox 1078 679 1130 705; x_wconf 93' lang='lat' dir='ltr'>ne</span> <span class='ocrx_word' id='word_1_61' title='bbox 1154 665 1246 719; x_wconf 89' lang='lat' dir='ltr'>quis</span> <span class='ocrx_word' id='word_1_62' title='bbox 1271 664 1469 719; x_wconf 88' lang='lat' dir='ltr'>patricius</span> <span class='ocrx_word' id='word_1_63' title='bbox 1500 664 1543 705; x_wconf 91' lang='lat' dir='ltr'>in</span> <span class='ocrx_word' id='word_1_64' title='bbox 1573 679 1665 706; x_wconf 90' lang='lat' dir='ltr'>arce</span> 
     </span>
     <span class='ocr_line' id='line_1_14' title="bbox 310 726 1666 784; baseline 0 -15"><span class='ocrx_word' id='word_1_65' title='bbox 310 735 380 769; x_wconf 91' lang='lat' dir='ltr'>aut</span> <span class='ocrx_word' id='word_1_66' title='bbox 417 728 624 784; x_wconf 88' lang='lat' dir='ltr'>Capitolio</span> <span class='ocrx_word' id='word_1_67' title='bbox 661 727 884 777; x_wconf 83' lang='lat' dir='ltr'>habitaret3</span> <span class='ocrx_word' id='word_1_68' title='bbox 931 726 1142 782; x_wconf 86' lang='lat' dir='ltr'>gentilicia</span> <span class='ocrx_word' id='word_1_69' title='bbox 1183 727 1327 777; x_wconf 90' lang='lat' dir='ltr'>altera,</span> <span class='ocrx_word' id='word_1_70' title='bbox 1378 727 1488 780; x_wconf 89' lang='lat' dir='ltr'>quod</span> <span class='ocrx_word' id='word_1_71' title='bbox 1530 727 1666 782; x_wconf 86' lang='lat' dir='ltr'>gentis</span> 
     </span>
     <span class='ocr_line' id='line_1_15' title="bbox 307 789 1666 843; baseline -0.001 -11"><span class='ocrx_word' id='word_1_72' title='bbox 307 791 491 833; x_wconf 86' lang='lat' dir='ltr'>Manliae</span> <span class='ocrx_word' id='word_1_73' title='bbox 522 792 687 833; x_wconf 90' lang='lat' dir='ltr'>decreto</span> <span class='ocrx_word' id='word_1_74' title='bbox 719 796 886 832; x_wconf 86' lang='lat' dir='ltr'>cautum</span> <span class='ocrx_word' id='word_1_75' title='bbox 911 796 992 840; x_wconf 92' lang='lat' dir='ltr'>est,</span> <span class='ocrx_word' id='word_1_76' title='bbox 1023 804 1075 830; x_wconf 91' lang='lat' dir='ltr'>ne</span> <span class='ocrx_word' id='word_1_77' title='bbox 1101 790 1193 843; x_wconf 86' lang='lat' dir='ltr'>quis</span> <span class='ocrx_word' id='word_1_78' title='bbox 1221 790 1369 831; x_wconf 90' lang='lat' dir='ltr'>deinde</span> <span class='ocrx_word' id='word_1_79' title='bbox 1394 789 1455 830; x_wconf 88' lang='lat' dir='ltr'>M.</span> <span class='ocrx_word' id='word_1_80' title='bbox 1481 789 1666 830; x_wconf 87' lang='lat' dir='ltr'>Manlius</span> 
     </span>
     <span class='ocr_line' id='line_1_16' title="bbox 308 852 1666 903; baseline -0.002 -7"><span class='ocrx_word' id='word_1_81' title='bbox 308 861 536 897; x_wconf 73' lang='lat' dir='ltr'>vocaretur.</span> <span class='ocrx_word' id='word_1_82' title='bbox 584 854 694 895; x_wconf 90' lang='lat' dir='ltr'>hunc</span> <span class='ocrx_word' id='word_1_83' title='bbox 719 853 876 894; x_wconf 82' lang='lat' dir='ltr'>exitum</span> <span class='ocrx_word' id='word_1_84' title='bbox 900 852 1045 894; x_wconf 81' lang='lat' dir='ltr'>habuit</span> <span class='ocrx_word' id='word_1_85' title='bbox 1069 853 1144 903; x_wconf 85' lang='lat' dir='ltr'>vir,</span> <span class='ocrx_word' id='word_1_86' title='bbox 1176 853 1256 894; x_wconf 87' lang='lat' dir='ltr'>nisi</span> <span class='ocrx_word' id='word_1_87' title='bbox 1281 853 1323 893; x_wconf 91' lang='lat' dir='ltr'>in</span> <span class='ocrx_word' id='word_1_88' title='bbox 1348 852 1477 894; x_wconf 87' lang='lat' dir='ltr'>libera</span> <span class='ocrx_word' id='word_1_89' title='bbox 1501 853 1666 894; x_wconf 84' lang='lat' dir='ltr'>civitate</span> 
     </span>
     <span class='ocr_line' id='line_1_17' title="bbox 308 914 1668 970; baseline -0.004 -10"><span class='ocrx_word' id='word_1_90' title='bbox 308 926 428 961; x_wconf 88' lang='lat' dir='ltr'>natus</span> <span class='ocrx_word' id='word_1_91' title='bbox 455 924 581 967; x_wconf 87' lang='lat' dir='ltr'>esset,</span> <span class='ocrx_word' id='word_1_92' title='bbox 608 915 899 958; x_wconf 88' lang='lat' dir='ltr'>memorabilis.</span> <span class='ocrx_word' id='word_1_93' title='bbox 936 915 1137 970; x_wconf 87' lang='lat' dir='ltr'>populum</span> <span class='ocrx_word' id='word_1_94' title='bbox 1157 915 1289 965; x_wconf 77' lang='lat' dir='ltr'>brevi,</span> <span class='ocrx_word' id='word_1_95' title='bbox 1314 921 1537 970; x_wconf 81' lang='lat' dir='ltr'>postquam</span> <span class='ocrx_word' id='word_1_96' title='bbox 1562 914 1668 970; x_wconf 87' lang='lat' dir='ltr'>peri-</span> 
     </span>
     <span class='ocr_line' id='line_1_18' title="bbox 309 977 1668 1033; baseline -0.005 -9"><span class='ocrx_word' id='word_1_97' title='bbox 309 983 446 1025; x_wconf 90' lang='lat' dir='ltr'>culum</span> <span class='ocrx_word' id='word_1_98' title='bbox 478 981 530 1023; x_wconf 93' lang='lat' dir='ltr'>ab</span> <span class='ocrx_word' id='word_1_99' title='bbox 562 994 610 1021; x_wconf 93' lang='lat' dir='ltr'>eo</span> <span class='ocrx_word' id='word_1_100' title='bbox 641 979 801 1020; x_wconf 88' lang='lat' dir='ltr'>nullum</span> <span class='ocrx_word' id='word_1_101' title='bbox 833 984 938 1028; x_wconf 88' lang='lat' dir='ltr'>erat,</span> <span class='ocrx_word' id='word_1_102' title='bbox 970 992 1044 1033; x_wconf 88' lang='lat' dir='ltr'>per</span> <span class='ocrx_word' id='word_1_103' title='bbox 1069 992 1113 1018; x_wconf 91' lang='lat' dir='ltr'>se</span> <span class='ocrx_word' id='word_1_104' title='bbox 1138 977 1251 1032; x_wconf 87' lang='lat' dir='ltr'>ipsas</span> <span class='ocrx_word' id='word_1_105' title='bbox 1276 978 1561 1018; x_wconf 77' lang='lat' dir='ltr'>recordantem</span> <span class='ocrx_word' id='word_1_106' title='bbox 1587 977 1668 1017; x_wconf 71' lang='lat' dir='ltr'>vir-</span> 
     </span>
     <span class='ocr_line' id='line_1_19' title="bbox 309 1039 1668 1095; baseline -0.005 -9"><span class='ocrx_word' id='word_1_107' title='bbox 309 1051 417 1086; x_wconf 83' lang='lat' dir='ltr'>tutes</span> <span class='ocrx_word' id='word_1_108' title='bbox 443 1042 693 1084; x_wconf 88' lang='lat' dir='ltr'>desiderium</span> <span class='ocrx_word' id='word_1_109' title='bbox 718 1041 806 1083; x_wconf 89' lang='lat' dir='ltr'>eius</span> <span class='ocrx_word' id='word_1_110' title='bbox 832 1040 975 1082; x_wconf 85' lang='lat' dir='ltr'>tenuit.</span> <span class='ocrx_word' id='word_1_111' title='bbox 1023 1039 1257 1095; x_wconf 83' lang='lat' dir='ltr'>pestilentia</span> <span class='ocrx_word' id='word_1_112' title='bbox 1282 1040 1407 1081; x_wconf 85' lang='lat' dir='ltr'>etiam</span> <span class='ocrx_word' id='word_1_113' title='bbox 1431 1039 1546 1081; x_wconf 70' lang='lat' dir='ltr'>brevi</span> <span class='ocrx_word' id='word_1_114' title='bbox 1571 1054 1668 1080; x_wconf 88' lang='lat' dir='ltr'>eon-</span> 
     </span>
     <span class='ocr_line' id='line_1_20' title="bbox 310 1101 1668 1149; baseline -0.005 -1"><span class='ocrx_word' id='word_1_115' title='bbox 310 1113 452 1149; x_wconf 85' lang='lat' dir='ltr'>secuta</span> <span class='ocrx_word' id='word_1_116' title='bbox 470 1105 592 1146; x_wconf 90' lang='lat' dir='ltr'>nullis</span> <span class='ocrx_word' id='word_1_117' title='bbox 611 1102 920 1146; x_wconf 85' lang='lat' dir='ltr'>occurrentibus</span> <span class='ocrx_word' id='word_1_118' title='bbox 942 1108 1078 1143; x_wconf 86' lang='lat' dir='ltr'>tantae</span> <span class='ocrx_word' id='word_1_119' title='bbox 1093 1101 1220 1144; x_wconf 88' lang='lat' dir='ltr'>cladis</span> <span class='ocrx_word' id='word_1_120' title='bbox 1236 1102 1371 1143; x_wconf 86' lang='lat' dir='ltr'>causis</span> <span class='ocrx_word' id='word_1_121' title='bbox 1389 1117 1440 1143; x_wconf 79' lang='lat' dir='ltr'>ex</span> <span class='ocrx_word' id='word_1_122' title='bbox 1453 1101 1668 1142; x_wconf 89' lang='lat' dir='ltr'>Manliano</span> 
     </span>
     <span class='ocr_line' id='line_1_21' title="bbox 312 1163 1668 1224; baseline -0.005 -14"><span class='ocrx_word' id='word_1_123' title='bbox 312 1168 513 1224; x_wconf 89' lang='lat' dir='ltr'>supplicio</span> <span class='ocrx_word' id='word_1_124' title='bbox 544 1180 719 1221; x_wconf 82' lang='lat' dir='ltr'>magnae</span> <span class='ocrx_word' id='word_1_125' title='bbox 748 1165 856 1220; x_wconf 88' lang='lat' dir='ltr'>parti</span> <span class='ocrx_word' id='word_1_126' title='bbox 887 1165 1016 1205; x_wconf 75' lang='lat' dir='ltr'>videri</span> <span class='ocrx_word' id='word_1_127' title='bbox 1047 1171 1154 1205; x_wconf 86' lang='lat' dir='ltr'>orta:</span> <span class='ocrx_word' id='word_1_128' title='bbox 1191 1164 1390 1205; x_wconf 72' lang='lat' dir='ltr'>violatum</span> <span class='ocrx_word' id='word_1_129' title='bbox 1417 1163 1668 1219; x_wconf 83' lang='lat' dir='ltr'>Capitolium</span> 
     </span>
     <span class='ocr_line' id='line_1_22' title="bbox 310 1226 1667 1285; baseline -0.005 -12"><span class='ocrx_word' id='word_1_130' title='bbox 310 1246 402 1273; x_wconf 85' lang='lat' dir='ltr'>esse</span> <span class='ocrx_word' id='word_1_131' title='bbox 428 1229 628 1285; x_wconf 80' lang='lat' dir='ltr'>sanguine</span> <span class='ocrx_word' id='word_1_132' title='bbox 656 1227 875 1269; x_wconf 79' lang='lat' dir='ltr'>servatoris</span> <span class='ocrx_word' id='word_1_133' title='bbox 899 1241 975 1268; x_wconf 87' lang='lat' dir='ltr'>nec</span> <span class='ocrx_word' id='word_1_134' title='bbox 1001 1227 1063 1268; x_wconf 89' lang='lat' dir='ltr'>dis</span> <span class='ocrx_word' id='word_1_135' title='bbox 1090 1227 1202 1267; x_wconf 89' lang='lat' dir='ltr'>cordi</span> <span class='ocrx_word' id='word_1_136' title='bbox 1227 1226 1357 1267; x_wconf 83' lang='lat' dir='ltr'>fuisse</span> <span class='ocrx_word' id='word_1_137' title='bbox 1377 1241 1554 1280; x_wconf 86' lang='lat' dir='ltr'>poenam</span> <span class='ocrx_word' id='word_1_138' title='bbox 1580 1226 1667 1266; x_wconf 86' lang='lat' dir='ltr'>eius</span> 
     </span>
     <span class='ocr_line' id='line_1_23' title="bbox 311 1287 1670 1346; baseline -0.005 -12"><span class='ocrx_word' id='word_1_139' title='bbox 311 1293 491 1334; x_wconf 86' lang='lat' dir='ltr'>oblatam</span> <span class='ocrx_word' id='word_1_140' title='bbox 511 1305 638 1346; x_wconf 87' lang='lat' dir='ltr'>prope</span> <span class='ocrx_word' id='word_1_141' title='bbox 659 1289 788 1331; x_wconf 91' lang='lat' dir='ltr'>oculis</span> <span class='ocrx_word' id='word_1_142' title='bbox 809 1289 914 1338; x_wconf 90' lang='lat' dir='ltr'>suis,</span> <span class='ocrx_word' id='word_1_143' title='bbox 941 1304 965 1330; x_wconf 88' lang='lat' dir='ltr'>a</span> <span class='ocrx_word' id='word_1_144' title='bbox 989 1303 1071 1342; x_wconf 89' lang='lat' dir='ltr'>quo</span> <span class='ocrx_word' id='word_1_145' title='bbox 1098 1303 1173 1329; x_wconf 87' lang='lat' dir='ltr'>sua</span> <span class='ocrx_word' id='word_1_146' title='bbox 1198 1288 1350 1342; x_wconf 86' lang='lat' dir='ltr'>templa</span> <span class='ocrx_word' id='word_1_147' title='bbox 1376 1294 1514 1342; x_wconf 88' lang='lat' dir='ltr'>erepta</span> <span class='ocrx_word' id='word_1_148' title='bbox 1539 1287 1670 1328; x_wconf 89' lang='lat' dir='ltr'>mani-</span> 
     </span>
     <span class='ocr_line' id='line_1_24' title="bbox 311 1354 771 1396; baseline -0.011 0"><span class='ocrx_word' id='word_1_149' title='bbox 311 1355 389 1396; x_wconf 87' lang='lat' dir='ltr'>bus</span> <span class='ocrx_word' id='word_1_150' title='bbox 415 1354 596 1395; x_wconf 88' lang='lat' dir='ltr'>hostium</span> <span class='ocrx_word' id='word_1_151' title='bbox 621 1357 771 1393; x_wconf 84' lang='lat' dir='ltr'>essent.</span> 
     </span>
    </p>

    <p class='ocr_par' dir='ltr' id='par_1_9' title="bbox 310 1409 1672 1959">
     <span class='ocr_line' id='line_1_25' title="bbox 394 1409 1668 1467; baseline -0.006 -10"><span class='ocrx_word' id='word_1_152' title='bbox 394 1415 527 1457; x_wconf 84' lang='lat' dir='ltr'>XXI.</span> <span class='ocrx_word' id='word_1_153' title='bbox 564 1413 849 1455; x_wconf 85' lang='lat' dir='ltr'>Pestilentiam</span> <span class='ocrx_word' id='word_1_154' title='bbox 868 1412 1006 1467; x_wconf 89' lang='lat' dir='ltr'>inopia</span> <span class='ocrx_word' id='word_1_155' title='bbox 1026 1411 1192 1466; x_wconf 81' lang='lat' dir='ltr'>frugum</span> <span class='ocrx_word' id='word_1_156' title='bbox 1218 1419 1257 1452; x_wconf 89' lang='lat' dir='ltr'>et</span> <span class='ocrx_word' id='word_1_157' title='bbox 1283 1411 1492 1466; x_wconf 71' lang='lat' dir='ltr'>volgatam</span> <span class='ocrx_word' id='word_1_158' title='bbox 1516 1409 1668 1450; x_wconf 83' lang='lat' dir='ltr'>utrius-</span> 
     </span>
     <span class='ocr_line' id='line_1_26' title="bbox 311 1471 1670 1532; baseline -0.006 -13"><span class='ocrx_word' id='word_1_159' title='bbox 311 1493 390 1532; x_wconf 87' lang='lat' dir='ltr'>que</span> <span class='ocrx_word' id='word_1_160' title='bbox 420 1477 518 1518; x_wconf 88' lang='lat' dir='ltr'>mali</span> <span class='ocrx_word' id='word_1_161' title='bbox 548 1476 704 1517; x_wconf 85' lang='lat' dir='ltr'>famam</span> <span class='ocrx_word' id='word_1_162' title='bbox 735 1489 841 1515; x_wconf 90' lang='lat' dir='ltr'>anno</span> <span class='ocrx_word' id='word_1_163' title='bbox 873 1474 1114 1526; x_wconf 73' lang='lat' dir='ltr'>insequente</span> <span class='ocrx_word' id='word_1_164' title='bbox 1151 1473 1366 1527; x_wconf 81' lang='lat' dir='ltr'>multiplex</span> <span class='ocrx_word' id='word_1_165' title='bbox 1408 1471 1562 1513; x_wconf 86' lang='lat' dir='ltr'>bellum</span> <span class='ocrx_word' id='word_1_166' title='bbox 1599 1485 1670 1512; x_wconf 80' lang='lat' dir='ltr'>cx-</span> 
     </span>
     <span class='ocr_line' id='line_1_27' title="bbox 311 1532 1668 1594; baseline -0.006 -13"><span class='ocrx_word' id='word_1_167' title='bbox 311 1540 437 1594; x_wconf 81' lang='lat' dir='ltr'>ccpit,</span> <span class='ocrx_word' id='word_1_168' title='bbox 468 1540 522 1580; x_wconf 86' lang='lat' dir='ltr'>L.</span> <span class='ocrx_word' id='word_1_169' title='bbox 548 1537 715 1580; x_wconf 90' lang='lat' dir='ltr'>Valerio</span> <span class='ocrx_word' id='word_1_170' title='bbox 740 1543 950 1590; x_wconf 87' lang='lat' dir='ltr'>quartum,</span> <span class='ocrx_word' id='word_1_171' title='bbox 981 1534 1094 1575; x_wconf 88' lang='lat' dir='ltr'>Aulo</span> <span class='ocrx_word' id='word_1_172' title='bbox 1119 1534 1278 1575; x_wconf 86' lang='lat' dir='ltr'>Manlio</span> <span class='ocrx_word' id='word_1_173' title='bbox 1305 1535 1487 1583; x_wconf 87' lang='lat' dir='ltr'>tertium,</span> <span class='ocrx_word' id='word_1_174' title='bbox 1522 1532 1668 1574; x_wconf 84' lang='lat' dir='ltr'>Servio</span> 
     </span>
     <span class='ocr_line' id='line_1_28' title="bbox 314 1595 1666 1656; baseline -0.006 -13"><span class='ocrx_word' id='word_1_175' title='bbox 314 1601 499 1656; x_wconf 81' lang='lat' dir='ltr'>Sulpicio</span> <span class='ocrx_word' id='word_1_176' title='bbox 537 1599 720 1648; x_wconf 87' lang='lat' dir='ltr'>tertium,</span> <span class='ocrx_word' id='word_1_177' title='bbox 757 1598 893 1639; x_wconf 86' lang='lat' dir='ltr'>Lucio</span> <span class='ocrx_word' id='word_1_178' title='bbox 928 1597 1145 1646; x_wconf 85' lang='lat' dir='ltr'>Lucretio,</span> <span class='ocrx_word' id='word_1_179' title='bbox 1185 1595 1239 1636; x_wconf 87' lang='lat' dir='ltr'>L.</span> <span class='ocrx_word' id='word_1_180' title='bbox 1271 1596 1452 1637; x_wconf 86' lang='lat' dir='ltr'>Aemilio</span> <span class='ocrx_word' id='word_1_181' title='bbox 1489 1596 1666 1644; x_wconf 86' lang='lat' dir='ltr'>tertium,</span> 
     </span>
     <span class='ocr_line' id='line_1_29' title="bbox 310 1657 1667 1712; baseline -0.005 -7"><span class='ocrx_word' id='word_1_182' title='bbox 310 1664 371 1705; x_wconf 84' lang='lat' dir='ltr'>M.</span> <span class='ocrx_word' id='word_1_183' title='bbox 400 1662 609 1704; x_wconf 87' lang='lat' dir='ltr'>Trebonio</span> <span class='ocrx_word' id='word_1_184' title='bbox 635 1660 808 1701; x_wconf 87' lang='lat' dir='ltr'>tribunis</span> <span class='ocrx_word' id='word_1_185' title='bbox 834 1659 1009 1699; x_wconf 85' lang='lat' dir='ltr'>militum</span> <span class='ocrx_word' id='word_1_186' title='bbox 1035 1658 1240 1699; x_wconf 83' lang='lat' dir='ltr'>consulari</span> <span class='ocrx_word' id='word_1_187' title='bbox 1264 1664 1479 1712; x_wconf 85' lang='lat' dir='ltr'>potestate.</span> <span class='ocrx_word' id='word_1_188' title='bbox 1528 1657 1667 1698; x_wconf 90' lang='lat' dir='ltr'>hostes</span> 
     </span>
     <span class='ocr_line' id='line_1_30' title="bbox 311 1719 1670 1780; baseline -0.007 -13"><span class='ocrx_word' id='word_1_189' title='bbox 311 1726 407 1767; x_wconf 81' lang='lat' dir='ltr'>novi</span> <span class='ocrx_word' id='word_1_190' title='bbox 437 1731 599 1780; x_wconf 85' lang='lat' dir='ltr'>praeter</span> <span class='ocrx_word' id='word_1_191' title='bbox 623 1722 802 1764; x_wconf 88' lang='lat' dir='ltr'>Volscos</span> <span class='ocrx_word' id='word_1_192' title='bbox 832 1721 946 1761; x_wconf 79' lang='lat' dir='ltr'>velut</span> <span class='ocrx_word' id='word_1_193' title='bbox 978 1727 1086 1760; x_wconf 85' lang='lat' dir='ltr'>sorte</span> <span class='ocrx_word' id='word_1_194' title='bbox 1117 1720 1296 1772; x_wconf 81' lang='lat' dir='ltr'>quadam</span> <span class='ocrx_word' id='word_1_195' title='bbox 1321 1733 1448 1774; x_wconf 89' lang='lat' dir='ltr'>prope</span> <span class='ocrx_word' id='word_1_196' title='bbox 1473 1719 1516 1759; x_wconf 90' lang='lat' dir='ltr'>in</span> <span class='ocrx_word' id='word_1_197' title='bbox 1541 1725 1670 1759; x_wconf 90' lang='lat' dir='ltr'>aeter-</span> 
     </span>
     <span class='ocr_line' id='line_1_31' title="bbox 310 1779 1671 1835; baseline -0.007 -5"><span class='ocrx_word' id='word_1_198' title='bbox 310 1804 408 1830; x_wconf 90' lang='lat' dir='ltr'>num</span> <span class='ocrx_word' id='word_1_199' title='bbox 440 1785 670 1828; x_wconf 83' lang='lat' dir='ltr'>exercendo</span> <span class='ocrx_word' id='word_1_200' title='bbox 694 1784 885 1825; x_wconf 86' lang='lat' dir='ltr'>Romano</span> <span class='ocrx_word' id='word_1_201' title='bbox 915 1782 1034 1823; x_wconf 88' lang='lat' dir='ltr'>militi</span> <span class='ocrx_word' id='word_1_202' title='bbox 1059 1782 1194 1831; x_wconf 86' lang='lat' dir='ltr'>datos,</span> <span class='ocrx_word' id='word_1_203' title='bbox 1220 1780 1497 1835; x_wconf 79' lang='lat' dir='ltr'>Cerceiosque</span> <span class='ocrx_word' id='word_1_204' title='bbox 1523 1786 1563 1821; x_wconf 92' lang='lat' dir='ltr'>et</span> <span class='ocrx_word' id='word_1_205' title='bbox 1586 1779 1671 1821; x_wconf 91' lang='lat' dir='ltr'>Ve-</span> 
     </span>
     <span class='ocr_line' id='line_1_32' title="bbox 310 1843 1672 1898; baseline -0.007 -6"><span class='ocrx_word' id='word_1_206' title='bbox 310 1851 424 1892; x_wconf 88' lang='lat' dir='ltr'>litras</span> <span class='ocrx_word' id='word_1_207' title='bbox 456 1848 637 1890; x_wconf 88' lang='lat' dir='ltr'>colonias</span> <span class='ocrx_word' id='word_1_208' title='bbox 667 1847 750 1887; x_wconf 88' lang='lat' dir='ltr'>iam</span> <span class='ocrx_word' id='word_1_209' title='bbox 781 1846 853 1886; x_wconf 81' lang='lat' dir='ltr'>diu</span> <span class='ocrx_word' id='word_1_210' title='bbox 882 1844 1097 1885; x_wconf 87' lang='lat' dir='ltr'>molientes</span> <span class='ocrx_word' id='word_1_211' title='bbox 1128 1843 1401 1884; x_wconf 85' lang='lat' dir='ltr'>defectionem</span> <span class='ocrx_word' id='word_1_212' title='bbox 1432 1850 1472 1884; x_wconf 87' lang='lat' dir='ltr'>et</span> <span class='ocrx_word' id='word_1_213' title='bbox 1503 1856 1672 1898; x_wconf 88' lang='lat' dir='ltr'>suspec-</span> 
     </span>
     <span class='ocr_line' id='line_1_33' title="bbox 311 1904 1669 1959; baseline -0.007 -5"><span class='ocrx_word' id='word_1_214' title='bbox 311 1924 398 1954; x_wconf 85' lang='lat' dir='ltr'>tum</span> <span class='ocrx_word' id='word_1_215' title='bbox 417 1911 601 1959; x_wconf 86' lang='lat' dir='ltr'>Latium,</span> <span class='ocrx_word' id='word_1_216' title='bbox 627 1908 839 1950; x_wconf 74' lang='lat' dir='ltr'>Lanuvini</span> <span class='ocrx_word' id='word_1_217' title='bbox 858 1907 994 1956; x_wconf 90' lang='lat' dir='ltr'>etiam,</span> <span class='ocrx_word' id='word_1_218' title='bbox 1021 1920 1126 1959; x_wconf 91' lang='lat' dir='ltr'>quae</span> <span class='ocrx_word' id='word_1_219' title='bbox 1145 1905 1385 1946; x_wconf 86' lang='lat' dir='ltr'>fidelissima</span> <span class='ocrx_word' id='word_1_220' title='bbox 1404 1904 1503 1946; x_wconf 90' lang='lat' dir='ltr'>urbs</span> <span class='ocrx_word' id='word_1_221' title='bbox 1523 1904 1669 1953; x_wconf 86' lang='lat' dir='ltr'>fuerat,</span> 
     </span>
    </p>
   </div>
   <div class='ocr_carea' id='block_1_9' title="bbox 278 1967 1669 2025">
    <p class='ocr_par' dir='ltr' id='par_1_10' title="bbox 278 1967 1669 2025">
     <span class='ocr_line' id='line_1_34' title="bbox 278 1967 1669 2025; baseline -0.007 -9"><span class='ocrx_word' id='word_1_222' title='bbox 278 1991 282 1999; x_wconf 91' lang='lat'><em>·</em></span> <span class='ocrx_word' id='word_1_223' title='bbox 312 1974 448 2016; x_wconf 89' lang='lat' dir='ltr'>subito</span> <span class='ocrx_word' id='word_1_224' title='bbox 485 1972 627 2014; x_wconf 81' lang='lat' dir='ltr'>exorti.</span> <span class='ocrx_word' id='word_1_225' title='bbox 676 1971 719 2011; x_wconf 88' lang='lat' dir='ltr'>id</span> <span class='ocrx_word' id='word_1_226' title='bbox 754 1976 891 2025; x_wconf 86' lang='lat' dir='ltr'>patres</span> <span class='ocrx_word' id='word_1_227' title='bbox 928 1968 1006 2009; x_wconf 89' lang='lat' dir='ltr'>rati</span> <span class='ocrx_word' id='word_1_228' title='bbox 1043 1974 1281 2022; x_wconf 86' lang='lat' dir='ltr'>contemptu</span> <span class='ocrx_word' id='word_1_229' title='bbox 1317 1967 1521 2016; x_wconf 86' lang='lat' dir='ltr'>accidere,</span> <span class='ocrx_word' id='word_1_230' title='bbox 1559 1967 1669 2019; x_wconf 91' lang='lat' dir='ltr'>quod</span> 
     </span>
    </p>
   </div>
   <div class='ocr_carea' id='block_1_10' title="bbox 310 2028 1672 2711">
    <p class='ocr_par' dir='ltr' id='par_1_11' title="bbox 310 2028 1672 2711">
     <span class='ocr_line' id='line_1_35' title="bbox 310 2028 1668 2084; baseline -0.007 -7"><span class='ocrx_word' id='word_1_231' title='bbox 310 2035 533 2078; x_wconf 81' lang='lat' dir='ltr'>Veliternis</span> <span class='ocrx_word' id='word_1_232' title='bbox 570 2033 730 2075; x_wconf 78' lang='lat' dir='ltr'>civibus</span> <span class='ocrx_word' id='word_1_233' title='bbox 768 2032 853 2073; x_wconf 86' lang='lat' dir='ltr'>suis</span> <span class='ocrx_word' id='word_1_234' title='bbox 890 2038 974 2071; x_wconf 90' lang='lat' dir='ltr'>tam</span> <span class='ocrx_word' id='word_1_235' title='bbox 1010 2030 1082 2070; x_wconf 92' lang='lat' dir='ltr'>diu</span> <span class='ocrx_word' id='word_1_236' title='bbox 1116 2029 1304 2084; x_wconf 87' lang='lat' dir='ltr'>inpunita</span> <span class='ocrx_word' id='word_1_237' title='bbox 1340 2028 1516 2069; x_wconf 87' lang='lat' dir='ltr'>defectio</span> <span class='ocrx_word' id='word_1_238' title='bbox 1548 2034 1668 2077; x_wconf 87' lang='lat' dir='ltr'>esset,</span> 
     </span>
     <span class='ocr_line' id='line_1_36' title="bbox 311 2089 1669 2150; baseline -0.008 -10"><span class='ocrx_word' id='word_1_239' title='bbox 311 2100 600 2146; x_wconf 78' lang='lat' dir='ltr'>decreverunt,</span> <span class='ocrx_word' id='word_1_240' title='bbox 637 2103 682 2136; x_wconf 90' lang='lat' dir='ltr'>ut</span> <span class='ocrx_word' id='word_1_241' title='bbox 712 2095 844 2150; x_wconf 90' lang='lat' dir='ltr'>primo</span> <span class='ocrx_word' id='word_1_242' title='bbox 876 2107 1040 2147; x_wconf 89' lang='lat' dir='ltr'>quoque</span> <span class='ocrx_word' id='word_1_243' title='bbox 1071 2100 1255 2146; x_wconf 89' lang='lat' dir='ltr'>tempore</span> <span class='ocrx_word' id='word_1_244' title='bbox 1288 2091 1340 2131; x_wconf 89' lang='lat' dir='ltr'>ad</span> <span class='ocrx_word' id='word_1_245' title='bbox 1364 2090 1564 2145; x_wconf 89' lang='lat' dir='ltr'>populum</span> <span class='ocrx_word' id='word_1_246' title='bbox 1589 2089 1669 2130; x_wconf 89' lang='lat' dir='ltr'>fer-</span> 
     </span>
     <span class='ocr_line' id='line_1_37' title="bbox 311 2153 1670 2207; baseline -0.008 -5"><span class='ocrx_word' id='word_1_247' title='bbox 311 2168 421 2202; x_wconf 89' lang='lat' dir='ltr'>retur</span> <span class='ocrx_word' id='word_1_248' title='bbox 446 2159 496 2200; x_wconf 88' lang='lat' dir='ltr'>de</span> <span class='ocrx_word' id='word_1_249' title='bbox 520 2158 629 2200; x_wconf 88' lang='lat' dir='ltr'>bello</span> <span class='ocrx_word' id='word_1_250' title='bbox 655 2157 713 2198; x_wconf 87' lang='lat' dir='ltr'>eis</span> <span class='ocrx_word' id='word_1_251' title='bbox 738 2156 969 2197; x_wconf 85' lang='lat' dir='ltr'>indicendo.</span> <span class='ocrx_word' id='word_1_252' title='bbox 1014 2155 1067 2195; x_wconf 86' lang='lat' dir='ltr'>ad</span> <span class='ocrx_word' id='word_1_253' title='bbox 1091 2169 1214 2207; x_wconf 90' lang='lat' dir='ltr'>quam</span> <span class='ocrx_word' id='word_1_254' title='bbox 1241 2153 1427 2194; x_wconf 82' lang='lat' dir='ltr'>militiam</span> <span class='ocrx_word' id='word_1_255' title='bbox 1453 2167 1534 2205; x_wconf 90' lang='lat' dir='ltr'>quo</span> <span class='ocrx_word' id='word_1_256' title='bbox 1553 2167 1670 2206; x_wconf 86' lang='lat' dir='ltr'>para·</span> 
     </span>
     <span class='ocr_line' id='line_1_38' title="bbox 311 2214 1669 2277; baseline -0.008 -13"><span class='ocrx_word' id='word_1_257' title='bbox 311 2224 388 2264; x_wconf 87' lang='lat' dir='ltr'>tior</span> <span class='ocrx_word' id='word_1_258' title='bbox 417 2221 560 2277; x_wconf 88' lang='lat' dir='ltr'>plebes</span> <span class='ocrx_word' id='word_1_259' title='bbox 592 2227 721 2269; x_wconf 89' lang='lat' dir='ltr'>esset,</span> <span class='ocrx_word' id='word_1_260' title='bbox 754 2218 1048 2272; x_wconf 77' lang='lat' dir='ltr'>quinqueviros</span> <span class='ocrx_word' id='word_1_261' title='bbox 1074 2216 1296 2270; x_wconf 87' lang='lat' dir='ltr'>Pomptino</span> <span class='ocrx_word' id='word_1_262' title='bbox 1322 2230 1422 2270; x_wconf 82' lang='lat' dir='ltr'>agro</span> <span class='ocrx_word' id='word_1_263' title='bbox 1449 2214 1669 2254; x_wconf 76' lang='lat' dir='ltr'>dividendo</span> 
     </span>
     <span class='ocr_line' id='line_1_39' title="bbox 311 2278 1668 2337; baseline -0.008 -10"><span class='ocrx_word' id='word_1_264' title='bbox 311 2294 352 2327; x_wconf 88' lang='lat' dir='ltr'>ct</span> <span class='ocrx_word' id='word_1_265' title='bbox 392 2284 630 2326; x_wconf 72' lang='lat' dir='ltr'>triumviros</span> <span class='ocrx_word' id='word_1_266' title='bbox 672 2282 830 2337; x_wconf 73' lang='lat' dir='ltr'>Nepete</span> <span class='ocrx_word' id='word_1_267' title='bbox 874 2281 1057 2322; x_wconf 84' lang='lat' dir='ltr'>coloniae</span> <span class='ocrx_word' id='word_1_268' title='bbox 1101 2278 1368 2321; x_wconf 82' lang='lat' dir='ltr'>deducendae</span> <span class='ocrx_word' id='word_1_269' title='bbox 1416 2283 1668 2318; x_wconf 72' lang='lat' dir='ltr'>creaverunt.</span> 
     </span>
     <span class='ocr_line' id='line_1_40' title="bbox 313 2337 1670 2396; baseline -0.007 -8"><span class='ocrx_word' id='word_1_270' title='bbox 313 2355 399 2388; x_wconf 86' lang='lat' dir='ltr'>tum</span> <span class='ocrx_word' id='word_1_271' title='bbox 430 2353 474 2387; x_wconf 92' lang='lat' dir='ltr'>ut</span> <span class='ocrx_word' id='word_1_272' title='bbox 504 2346 658 2387; x_wconf 88' lang='lat' dir='ltr'>bellum</span> <span class='ocrx_word' id='word_1_273' title='bbox 683 2344 871 2385; x_wconf 88' lang='lat' dir='ltr'>iuberent</span> <span class='ocrx_word' id='word_1_274' title='bbox 894 2343 1022 2383; x_wconf 83' lang='lat' dir='ltr'>latum</span> <span class='ocrx_word' id='word_1_275' title='bbox 1049 2342 1101 2383; x_wconf 90' lang='lat' dir='ltr'>ad</span> <span class='ocrx_word' id='word_1_276' title='bbox 1125 2341 1324 2396; x_wconf 89' lang='lat' dir='ltr'>populum</span> <span class='ocrx_word' id='word_1_277' title='bbox 1351 2346 1431 2388; x_wconf 93' lang='lat' dir='ltr'>est,</span> <span class='ocrx_word' id='word_1_278' title='bbox 1464 2345 1503 2380; x_wconf 91' lang='lat' dir='ltr'>ct</span> <span class='ocrx_word' id='word_1_279' title='bbox 1528 2337 1670 2391; x_wconf 86' lang='lat' dir='ltr'>nequi-</span> 
     </span>
     <span class='ocr_line' id='line_1_41' title="bbox 312 2400 1669 2463; baseline -0.007 -13"><span class='ocrx_word' id='word_1_280' title='bbox 312 2425 438 2463; x_wconf 85' lang='lat' dir='ltr'>quam</span> <span class='ocrx_word' id='word_1_281' title='bbox 468 2406 806 2449; x_wconf 86' lang='lat' dir='ltr'>dissuadentibus</span> <span class='ocrx_word' id='word_1_282' title='bbox 833 2405 1007 2446; x_wconf 87' lang='lat' dir='ltr'>tribunis</span> <span class='ocrx_word' id='word_1_283' title='bbox 1032 2404 1165 2458; x_wconf 89' lang='lat' dir='ltr'>plebis</span> <span class='ocrx_word' id='word_1_284' title='bbox 1192 2418 1334 2444; x_wconf 89' lang='lat' dir='ltr'>onmes</span> <span class='ocrx_word' id='word_1_285' title='bbox 1360 2401 1491 2442; x_wconf 90' lang='lat' dir='ltr'>tribus</span> <span class='ocrx_word' id='word_1_286' title='bbox 1516 2400 1669 2441; x_wconf 90' lang='lat' dir='ltr'>bellum</span> 
     </span>
     <span class='ocr_line' id='line_1_42' title="bbox 312 2463 1672 2524; baseline -0.007 -12"><span class='ocrx_word' id='word_1_287' title='bbox 312 2472 533 2512; x_wconf 88' lang='lat' dir='ltr'>iusserunt.</span> <span class='ocrx_word' id='word_1_288' title='bbox 582 2475 825 2524; x_wconf 87' lang='lat' dir='ltr'>apparatum</span> <span class='ocrx_word' id='word_1_289' title='bbox 850 2482 898 2508; x_wconf 93' lang='lat' dir='ltr'>eo</span> <span class='ocrx_word' id='word_1_290' title='bbox 919 2481 1025 2508; x_wconf 90' lang='lat' dir='ltr'>anno</span> <span class='ocrx_word' id='word_1_291' title='bbox 1045 2466 1197 2507; x_wconf 88' lang='lat' dir='ltr'>bellum</span> <span class='ocrx_word' id='word_1_292' title='bbox 1218 2472 1298 2513; x_wconf 84' lang='lat' dir='ltr'>est,</span> <span class='ocrx_word' id='word_1_293' title='bbox 1326 2463 1528 2505; x_wconf 79' lang='lat' dir='ltr'>exercitus</span> <span class='ocrx_word' id='word_1_294' title='bbox 1548 2476 1672 2516; x_wconf 88' lang='lat' dir='ltr'>prop-</span> 
     </span>
     <span class='ocr_line' id='line_1_43' title="bbox 312 2523 1671 2587; baseline -0.008 -13"><span class='ocrx_word' id='word_1_295' title='bbox 312 2539 372 2573; x_wconf 83' lang='lat' dir='ltr'>ter</span> <span class='ocrx_word' id='word_1_296' title='bbox 405 2532 682 2587; x_wconf 89' lang='lat' dir='ltr'>pestilentiam</span> <span class='ocrx_word' id='word_1_297' title='bbox 723 2545 807 2571; x_wconf 89' lang='lat' dir='ltr'>non</span> <span class='ocrx_word' id='word_1_298' title='bbox 848 2530 1033 2571; x_wconf 89' lang='lat' dir='ltr'>eductus.</span> <span class='ocrx_word' id='word_1_299' title='bbox 1095 2542 1224 2581; x_wconf 88' lang='lat' dir='ltr'>eaque</span> <span class='ocrx_word' id='word_1_300' title='bbox 1267 2525 1472 2567; x_wconf 89' lang='lat' dir='ltr'>cunctatio</span> <span class='ocrx_word' id='word_1_301' title='bbox 1515 2523 1671 2565; x_wconf 79' lang='lat' dir='ltr'>colonis</span> 
     </span>
     <span class='ocr_line' id='line_1_44' title="bbox 313 2585 1668 2648; baseline -0.007 -14"><span class='ocrx_word' id='word_1_302' title='bbox 313 2595 490 2648; x_wconf 86' lang='lat' dir='ltr'>spatium</span> <span class='ocrx_word' id='word_1_303' title='bbox 516 2594 684 2634; x_wconf 88' lang='lat' dir='ltr'>dederat</span> <span class='ocrx_word' id='word_1_304' title='bbox 708 2591 957 2647; x_wconf 89' lang='lat' dir='ltr'>deprecandi</span> <span class='ocrx_word' id='word_1_305' title='bbox 983 2596 1191 2639; x_wconf 64' lang='lat' dir='ltr'>senatum3</span> <span class='ocrx_word' id='word_1_306' title='bbox 1218 2596 1258 2630; x_wconf 91' lang='lat' dir='ltr'>ct</span> <span class='ocrx_word' id='word_1_307' title='bbox 1282 2603 1435 2643; x_wconf 83' lang='lat' dir='ltr'>magna</span> <span class='ocrx_word' id='word_1_308' title='bbox 1458 2585 1668 2628; x_wconf 83' lang='lat' dir='ltr'>hominum</span> 
     </span>
     <span class='ocr_line' id='line_1_45' title="bbox 313 2646 1668 2711; baseline -0.007 -15"><span class='ocrx_word' id='word_1_309' title='bbox 313 2670 406 2709; x_wconf 86' lang='lat' dir='ltr'>pars</span> <span class='ocrx_word' id='word_1_310' title='bbox 433 2671 499 2706; x_wconf 90' lang='lat' dir='ltr'>eo,</span> <span class='ocrx_word' id='word_1_311' title='bbox 531 2662 575 2697; x_wconf 92' lang='lat' dir='ltr'>ut</span> <span class='ocrx_word' id='word_1_312' title='bbox 600 2655 752 2711; x_wconf 85' lang='lat' dir='ltr'>legatio</span> <span class='ocrx_word' id='word_1_313' title='bbox 779 2654 955 2709; x_wconf 79' lang='lat' dir='ltr'>supplex</span> <span class='ocrx_word' id='word_1_314' title='bbox 979 2652 1157 2694; x_wconf 82' lang='lat' dir='ltr'>Romam</span> <span class='ocrx_word' id='word_1_315' title='bbox 1183 2651 1411 2692; x_wconf 86' lang='lat' dir='ltr'>mitteretur</span> <span class='ocrx_word' id='word_1_316' title='bbox 1434 2646 1668 2696; x_wconf 86' lang='lat' dir='ltr'>inclinabat,</span> 
     </span>
    </p>
   </div>
   <div class='ocr_carea' id='block_1_11' title="bbox 272 2712 1671 2772">
    <p class='ocr_par' dir='ltr' id='par_1_12' title="bbox 272 2712 1671 2772">
     <span class='ocr_line' id='line_1_46' title="bbox 272 2712 1671 2772; baseline -0.006 -14"><span class='ocrx_word' id='word_1_317' title='bbox 272 2731 285 2758; x_wconf 78' lang='grc' dir='ltr'><em>ῖ</em></span> <span class='ocrx_word' id='word_1_318' title='bbox 314 2717 353 2757; x_wconf 86' lang='lat' dir='ltr'>ni</span> <span class='ocrx_word' id='word_1_319' title='bbox 395 2718 572 2771; x_wconf 77' lang='lat' dir='ltr'>privato,</span> <span class='ocrx_word' id='word_1_320' title='bbox 622 2725 665 2759; x_wconf 91' lang='lat' dir='ltr'>ut</span> <span class='ocrx_word' id='word_1_321' title='bbox 707 2717 771 2767; x_wconf 86' lang='lat' dir='ltr'>fit,</span> <span class='ocrx_word' id='word_1_322' title='bbox 821 2715 1003 2772; x_wconf 87' lang='lat' dir='ltr'>periculo</span> <span class='ocrx_word' id='word_1_323' title='bbox 1046 2714 1257 2770; x_wconf 88' lang='lat' dir='ltr'>publicum</span> <span class='ocrx_word' id='word_1_324' title='bbox 1298 2712 1527 2767; x_wconf 84' lang='lat' dir='ltr'>inplicitum</span> <span class='ocrx_word' id='word_1_325' title='bbox 1562 2719 1671 2751; x_wconf 90' lang='lat' dir='ltr'>esset</span> 
     </span>
    </p>
   </div>
  </div>
 </body>
</html>
