1835 3226
312 431 328 458 3

311 1235 327 1258 t)

363 242 439 282 146
697 246 852 280 LIBER.
876 247 951 290 ΠΙ,
977 247 1031 280 ⁶2⁶2.
1051 247 1106 280 23.
1134 249 1181 290 [a.
1196 259 1230 280 u.
1246 258 1274 280 ο.
1289 248 1371 291 ⁵295]

356 352 556 394 coloniam
581 351 727 404 ingens
753 356 888 390 metus
921 355 1005 390 erat
1037 348 1309 397 defecturam,
1348 363 1551 404 aegreque
1581 351 1709 404 impe-

356 421 505 454 tratum
530 427 554 452 a
579 410 771 459 tribunis,
804 416 850 450 ut
874 410 1029 451 bellum
1053 410 1257 464 praeverti
1283 410 1473 451 sinerent.
1523 412 1710 452 eonsules

354 475 447 515 inde
472 472 609 527 partiti
633 472 885 525 provincias:
923 471 1073 521 Fabio,
1110 478 1156 512 ut
1179 471 1362 527 legiones
1389 471 1563 512 Antium
1589 473 1711 514 duce-

354 544 432 585 ret,
470 536 630 583 datum,
665 533 883 575 Cornelius
909 541 954 574 ut
977 534 1137 575 Romae
1161 534 1366 588 praesidio
1393 540 1519 583 esset,
1557 549 1607 575 ne
1632 549 1713 588 qua

353 614 447 653 pars
473 597 672 645 hostium,
710 597 780 649 qui
806 596 966 649 Aequis
992 611 1081 637 mos
1108 602 1212 645 erat,
1249 597 1302 637 ad
1332 596 1614 651 populandum
1643 611 1713 637 ve-

353 661 466 701 niret.
504 659 677 700 Hernici
697 666 736 699 et
748 659 891 699 Latini
908 658 1010 699 iussi
1030 658 1180 699 milites
1199 659 1295 699 dare
1316 673 1367 699 ex
1387 659 1563 707 foedere,
1590 658 1714 699 duae-

353 737 432 775 que
457 729 593 776 partes
621 721 828 761 sociorum
853 720 895 760 in
920 720 1115 769 exercitu,
1142 720 1260 761 tertia
1285 720 1436 761 civium
1461 720 1551 761 fuit.
1600 728 1712 774 post-

353 799 475 837 quam
502 784 554 824 ad
579 783 688 823 diem
718 782 1006 836 praestitutum
1037 788 1241 823 venerunt
1266 782 1384 831 socii,
1423 781 1567 823 consul
1598 788 1713 822 extra

352 853 511 900 portam
538 844 752 899 Capenam
778 850 913 885 castra
936 844 1056 885 locat.
1106 844 1200 885 inde
1225 843 1397 884 lustrato
1423 843 1604 884 exercitu
1623 842 1712 884 An-

353 908 452 948 tium
484 906 711 962 prefectus,
750 905 861 946 haud
890 906 1033 960 procul
1064 906 1215 960 oppido
1253 906 1495 959 stativisque
1531 905 1711 946 hostium

352 969 548 1010 consedit.
598 968 670 1009 ubi
700 983 795 1008 cum
825 967 988 1017 Volsci,
1027 968 1124 1020 quia
1152 968 1337 1008 nondum
1367 967 1419 1009 ab
1450 967 1611 1020 Aequis
1644 982 1712 1006 ve-

353 1031 480 1071 nisset.
504 1031 726 1079 exercitus,
754 1029 948 1070 dimicare
972 1044 1053 1069 non
1079 1029 1187 1078 ausi,
1214 1029 1562 1082 quemadmodum
1587 1028 1713 1082 quieti

353 1093 460 1133 vallo
487 1107 530 1133 se
556 1098 796 1141 tutarentur,
822 1100 1024 1146 pararent,
1052 1099 1217 1145 postero
1243 1092 1308 1132 die
1333 1091 1490 1132 Fabius
1516 1106 1596 1132 non
1622 1105 1713 1144 per—

354 1155 524 1195 mixtam
549 1170 672 1195 unam
700 1155 903 1195 sociorum
930 1154 1182 1207 civiumque,
1216 1155 1289 1195 sed
1319 1155 1441 1195 trium
1466 1153 1711 1208 populorum

319 1230 326 1237 ’
355 1224 435 1258 tres
462 1216 682 1270 separatim
708 1216 816 1256 acies
843 1216 949 1256 circa
974 1216 1127 1256 vallum
1158 1216 1339 1257 hostium
1369 1216 1573 1256 instruxit.
1623 1215 1711 1268 ipsc

353 1284 438 1318 erat
468 1278 626 1318 medius
659 1292 752 1318 cum
783 1277 1016 1332 legionibus
1046 1277 1259 1318 Romanis.
1309 1278 1404 1318 inde
1437 1278 1601 1332 signum
1638 1277 1710 1317 ob-

354 1354 515 1380 servare
541 1339 672 1388 iussit,
700 1346 744 1379 ut
768 1339 919 1394 pariter
944 1346 983 1379 et
1009 1339 1108 1379 socii
1132 1354 1218 1379 rem
1244 1339 1467 1392 inciperent
1494 1338 1709 1379 referrent-

352 1416 431 1454 que
456 1401 622 1455 pedem,
652 1401 685 1441 si
710 1401 892 1455 receptui
917 1401 1144 1441 cecinisset.
1196 1400 1352 1453 equites
1379 1401 1476 1441 item
1503 1415 1601 1440 suae
1627 1401 1710 1440 cui-

352 1477 431 1515 que
468 1462 572 1516 parti
608 1470 700 1516 post
736 1462 936 1516 principia
972 1462 1154 1503 collocat.
1215 1462 1271 1502 ita
1308 1462 1506 1502 trifariam
1543 1462 1708 1502 adortus

354 1531 487 1564 eastra
518 1524 781 1563 circumvenit
814 1531 871 1572 et,
911 1538 1004 1563 cum
1034 1524 1216 1576 undique
1247 1523 1435 1572 instaret,
1473 1538 1556 1563 non
1588 1523 1709 1564 susti-

353 1592 494 1625 nentes
520 1585 719 1638 impetum
740 1584 917 1625 Volscos
944 1585 1050 1625 vallo
1071 1586 1273 1626 deturbat.
1311 1592 1594 1640 transgressus
1614 1585 1709 1626 inde

352 1646 610 1695 munitiones,
636 1647 829 1700 pavidam
844 1646 1005 1686 turbam
1019 1647 1336 1700 inclinatamque
1356 1647 1396 1686 in
1415 1654 1572 1700 partem
1585 1662 1709 1687 unam

352 1708 495 1748 castris
522 1708 699 1762 expellit.
749 1708 844 1748 inde
871 1708 1001 1748 effuse
1026 1707 1234 1762 fugientes
1261 1722 1399 1761 eques,
1427 1708 1493 1748 cui
1518 1723 1710 1762 superare

352 1769 505 1810 rallum
536 1769 647 1809 haud
683 1769 803 1810 facile
835 1770 986 1818 fuerat,
1025 1784 1118 1810 cum
1156 1770 1209 1810 ad
1238 1769 1281 1809 id
1312 1776 1517 1824 spectator
1546 1783 1710 1824 pugnae

352 1831 595 1880 adstitisset,
633 1831 762 1872 libero
788 1846 934 1886 campo
966 1831 1158 1886 adeptus,
1196 1838 1310 1886 parte
1340 1831 1534 1872 victoriae
1565 1831 1712 1871 fruitur

309 1909 313 1921 ⁴
354 1893 513 1934 territos
539 1894 760 1934 caedendo.
800 1909 953 1949 magna
972 1900 1011 1934 ct
1030 1894 1072 1934 in
1092 1894 1237 1934 castris
1258 1900 1297 1934 et
1317 1900 1432 1934 extra
1457 1893 1712 1933 munimenta

352 1956 489 1996 caedis
515 1955 762 2011 fugientium
788 1956 884 2005 fuit,
918 1956 991 1996 sed
1015 1956 1169 2011 praeda
1197 1956 1345 2005 maior,
1383 1955 1480 2008 quia
1503 1955 1573 1995 vix
1599 1970 1712 1996 arma

353 2032 493 2058 secum
530 2018 675 2058 efferre
710 2018 840 2059 hostis
879 2018 1023 2072 potuit.
1076 2017 1316 2071 deletusque
1353 2017 1555 2059 exercitus
1592 2017 1710 2065 foret,

352 2080 430 2120 nisi
455 2080 651 2135 fugientis
678 2080 804 2121 silvae
830 2081 1042 2121 texissent.

436 2141 615 2183 XXIII.
664 2142 781 2182 Dum
806 2143 858 2183 ad
877 2141 1053 2182 Antium
1077 2142 1179 2182 haee
1204 2148 1414 2197 geruntur,
1440 2141 1601 2181 interim
1626 2140 1711 2181 Ae-

353 2203 424 2256 qui
453 2203 598 2244 robore
638 2204 861 2245 iuventutis
898 2204 1128 2259 praemisso
1165 2217 1300 2244 arcem
1333 2202 1613 2243 Tusculanam
1650 2202 1710 2242 in-

353 2265 517 2319 proviso
543 2273 661 2307 nocte
687 2266 870 2320 capiunt,
902 2265 1059 2318 reliquo
1085 2265 1268 2306 exercitu
1292 2264 1403 2304 haud
1433 2263 1575 2318 procul
1600 2278 1711 2304 moe-

352 2327 473 2368 nibus
501 2327 672 2368 Tusculi
697 2328 933 2376 considunt,
971 2334 1016 2367 ut
1041 2327 1321 2367 distenderent
1345 2326 1525 2367 hostium
1557 2326 1708 2380 copias.

353 2389 454 2430 haec
479 2389 662 2430 celeriter
686 2389 876 2438 Romam,
904 2389 955 2430 ab
975 2389 1110 2430 Roma
1133 2389 1175 2429 in
1201 2394 1336 2428 eastra
1354 2387 1530 2428 Antium
1554 2387 1711 2442 perlata

353 2458 518 2492 movent
535 2452 746 2492 Romanos
771 2452 882 2492 haud
908 2466 1027 2492 secus
1053 2466 1177 2504 quam
1204 2451 1238 2491 si
1265 2450 1517 2504 Capitolium
1544 2456 1709 2503 captum

353 2513 624 2563 nuntiaretur3
652 2514 754 2554 adeo
780 2521 819 2554 et
837 2528 980 2554 recens
1001 2520 1087 2554 crat
1106 2512 1436 2553 Tusculanorum
1458 2511 1647 2551 meritum
1671 2517 1709 2550 et

354 2575 575 2615 similitudo
605 2576 697 2630 ipsa
726 2576 897 2630 periculi
932 2589 1149 2630 reposcere
1185 2575 1327 2615 datum
1363 2573 1561 2614 auxilium
1597 2572 1708 2612 vide-

311 2650 328 2674 :·.
355 2634 484 2676 batur.
516 2637 671 2678 Fabius
696 2637 861 2678 omissis
887 2637 1077 2678 omnibus
1103 2636 1297 2690 praedam
1323 2650 1374 2675 ex
1399 2634 1542 2675 castris
1561 2632 1707 2686 raptim

356 2696 528 2737 Antium
566 2699 774 2748 convehit3
812 2698 869 2739 ibi
905 2699 1066 2738 modico
1103 2697 1307 2752 praesidio
1343 2697 1483 2736 relicto
1540 2694 1706 2734 citatum
