1835 3226
268 624 308 654 10

269 873 306 901 Jl

268 1305 307 1335 13

269 1555 310 1583 14

289 1803 305 1831 1

288 1926 305 1955 ‘2

288 2054 306 2079 ἱ)

289 2360 308 2389 4

289 2545 306 2573 ἶ)

291 2728 308 2758 G

332 257 415 298 418
602 259 756 295 LIBER
779 259 891 303 vm,
918 260 971 293 19.
990 260 1046 294 ρο.
1075 261 1126 303 [a.
1141 271 1176 294 u.
1192 270 1222 294 c.
1235 259 1312 294 4⁶24.
1329 260 1412 304 425]

333 370 497 406 ruerent
522 363 649 411 caesi,
676 361 900 416 primisque
925 361 1103 404 tenebris
1124 361 1369 402 Privernum
1393 362 1488 403 inde
1512 365 1683 418 petitum

334 426 496 480 agmine
517 424 694 478 trepido,
720 430 765 464 ut
789 424 917 465 muris
942 424 1081 479 potius
1107 438 1231 477 quam
1256 424 1364 465 vallo
1391 439 1481 466 sese
1507 432 1687 466 tutaren-

333 497 408 527 tur.
470 502 493 527 a
517 485 718 526 Priverno
742 485 932 526 Plautius
964 485 1067 526 alter
1091 486 1236 527 consul
1260 487 1505 540 pervastatis
1530 487 1686 542 passim

333 549 442 603 agris
479 548 714 602 praedaque
751 547 896 588 abacta
931 548 973 588 in
1005 563 1150 602 agrum
1181 548 1431 588 Fundanum
1463 549 1687 589 exercitum

335 609 502 650 inducit.
563 609 809 664 ingredienti
839 609 941 650 fines
975 616 1141 650 senatus
1166 610 1462 651 Fundanorum
1495 611 1686 651 occurrit:

332 678 503 727 negant,
537 685 580 712 se
605 686 680 725 pro
706 670 897 712 Vitruvio
924 678 1160 725 sectamque
1187 671 1274 712 cius
1300 672 1451 712 secutis
1476 679 1688 726 precatum

332 734 515 782 venisse,
554 733 628 774 sed
662 747 736 787 pro
766 732 968 774 Fundano
1004 733 1175 788 populo,
1214 748 1337 787 quem
1374 739 1490 774 extra
1524 733 1688 788 culpam

333 795 429 836 belli
461 809 552 836 esse
582 795 720 849 ipsum
745 793 983 835 Vitruvium
1008 796 1233 844 iudicasse,
1266 810 1358 836 cum
1384 795 1690 849 receptaculum

334 858 459 913 fugae
483 857 727 898 Privernum
759 856 966 907 habuerit,
1003 872 1086 898 non
1116 858 1303 912 patriam.
1351 857 1540 898 Priverni
1564 857 1690 912 igitur

332 921 472 961 hostes
498 920 640 974 populi
663 919 843 961 Romani
872 921 1129 974 quaerendos
1159 920 1550 975 persequendosque
1582 934 1687 969 esse,

333 983 403 1036 qui
434 982 555 1023 simul
586 997 610 1022 a
637 981 851 1022 Fundanis
883 996 931 1022 ae
961 981 1161 1023 Romanis
1193 983 1405 1036 utriusque
1436 982 1591 1037 patriae
1627 981 1690 1022 in-

333 1059 535 1085 memores
557 1044 792 1085 defecerint.
841 1043 1054 1085 Fundanis
1074 1059 1220 1098 pacem
1245 1058 1337 1085 esse
1362 1050 1402 1084 et
1426 1044 1584 1085 animos
1603 1042 1690 1084 Ro-

291 1127 296 1132 ·
335 1121 478 1147 manos
505 1113 544 1147 et
569 1114 728 1161 gratam
760 1106 1000 1147 memoriam
1031 1113 1224 1161 acceptae
1257 1106 1446 1147 civitatis.
1496 1120 1611 1147 orare
1645 1119 1688 1146 se

335 1168 563 1218 consulem,
596 1175 640 1208 ut
664 1168 818 1209 bellum
844 1168 895 1209 ab
921 1169 1088 1209 innoxio
1113 1169 1266 1223 populo
1292 1168 1514 1210 abstineat:
1551 1183 1686 1224 agr-OS,

333 1231 495 1280 urbem,
528 1245 699 1285 corpora
730 1231 913 1285 ipsorum
945 1231 1249 1286 coniugumque
1275 1246 1323 1272 ae
1346 1231 1568 1272 liberorum
1594 1245 1689 1271 suo-

333 1308 424 1334 rum
449 1293 491 1333 in
515 1299 716 1347 potestate
746 1292 888 1346 populi
912 1292 1089 1333 Romani
1121 1307 1210 1333 csse
1243 1293 1474 1346 futuraque.
1524 1292 1689 1333 conlau-

334 1355 438 1396 datis
459 1354 669 1395 Fundanis
696 1355 838 1395 consul
864 1355 1089 1408 litterisque
1108 1355 1286 1395 Romam
1305 1355 1462 1403 missis,
1488 1355 1529 1395 in
1550 1354 1687 1395 officio

332 1417 557 1458 Fundanos
584 1431 694 1466 esse,
727 1417 778 1457 ad
802 1416 1048 1457 Privernum
1073 1416 1185 1457 flexit
1211 1417 1298 1457 iter.
1358 1417 1471 1471 prius
1504 1416 1688 1456 animad-

331 1494 497 1520 versum
523 1479 565 1519 in
590 1493 679 1527 eos,
706 1479 776 1532 qui
801 1479 935 1533 capita
959 1479 1249 1520 coniurationis
1271 1479 1448 1528 fuerant,
1476 1494 1499 1519 a
1519 1478 1686 1519 consule

336 1540 476 1583 scribit
503 1539 702 1581 Claudius
712 1556 723 1590 3
755 1540 807 1581 ad
837 1547 1039 1582 trecentos
1065 1541 1361 1596 quinquaginta
1388 1555 1438 1581 ex
1464 1540 1684 1581 coniuratis

333 1603 490 1643 vinctos
507 1602 685 1643 Romam
710 1602 858 1643 missos
885 1617 1057 1655 eamque
1083 1603 1332 1643 deditionem
1357 1602 1408 1643 ab
1435 1609 1580 1643 senatu
1605 1617 1686 1642 non

333 1671 562 1718 acceptam,
595 1663 706 1717 quod
731 1664 939 1718 egentium
966 1671 1086 1717 atque
1112 1663 1327 1704 humilium
1351 1678 1484 1718 poena
1514 1663 1683 1718 defungi

332 1726 436 1767 velle
461 1726 711 1767 Fundanum
737 1726 981 1766 censuerint.

416 1787 525 1829 XX.
562 1787 812 1828 Privernum
831 1787 993 1828 duobus
1015 1785 1298 1828 consularibus
1320 1787 1565 1828 exercitibus
1591 1802 1685 1828 cum

333 1850 602 1899 obsideretur,
635 1849 736 1891 alter
761 1849 904 1890 consul
930 1849 1187 1890 comitiorum
1214 1863 1337 1889 causa
1362 1848 1540 1889 Romam
1569 1863 1686 1889 revo-

335 1919 462 1953 catus.
500 1926 683 1953 carceres
710 1926 758 1952 eo
784 1926 891 1952 anno
915 1911 959 1952 in
984 1911 1091 1952 circo
1115 1910 1292 1965 primum
1313 1910 1465 1951 statuti.
1503 1910 1687 1951 nondum

331 1974 569 2029 perfunctos
607 1989 704 2015 cura
733 1973 986 2015 Privernatis
1023 1973 1121 2015 belli
1157 1973 1356 2014 tumultus
1390 1971 1539 2014 Gallici
1574 1973 1687 2014 fama

295 2051 304 2061 ‘
333 2043 450 2077 atrox
474 2036 626 2077 invasit
649 2036 749 2076 haut
775 2035 904 2077 ferme
930 2050 1127 2089 umquam
1152 2035 1340 2090 neglecta
1368 2034 1566 2089 patribus.
1616 2049 1687 2075 ex-

332 2098 485 2152 templo
516 2098 642 2153 igitur
673 2098 864 2139 eonsules
896 2098 993 2139 novi
1021 2097 1076 2138 L.
1102 2097 1307 2138 Aemilius
1333 2096 1614 2137 Mamercinus
1645 2105 1685 2137 et

334 2160 382 2201 C.
403 2160 592 2201 Plautius
619 2175 666 2201 eo
692 2160 783 2215 ipso
808 2161 892 2209 die,
919 2160 1016 2201 Kal.
1040 2159 1336 2213 Quinctilibus,
1364 2174 1444 2212 quo
1469 2160 1684 2214 magistra-

332 2230 419 2262 tum
443 2222 638 2271 inierunt,
666 2237 887 2277 conparare
912 2222 1018 2263 inter
1043 2237 1086 2262 se
1106 2222 1337 2277 provincias
1356 2221 1477 2271 iussi,
1503 2219 1688 2262 Mamer-

332 2285 466 2334 cinus,
500 2285 566 2326 cui
592 2283 800 2326 Gallicum
824 2284 980 2326 bellum
1005 2291 1214 2333 evenerat,
1254 2283 1431 2325 scribere
1462 2284 1685 2325 exercitum

333 2346 420 2387 sine
450 2346 534 2387 ulla
563 2347 789 2388 vacationis
821 2347 953 2387 venia.
1003 2346 1103 2400 quin
1127 2346 1320 2401 opificum
1347 2360 1510 2399 quoque
1534 2345 1685 2400 vulgus

332 2415 372 2449 et
397 2409 609 2459 sellularii,
635 2409 802 2450 minime
827 2409 994 2450 militiae
1013 2409 1206 2450 idoneum
1226 2423 1377 2464 genus,
1404 2408 1526 2448 exciti
1545 2407 1688 2448 dicun—

333 2476 399 2511 tur
416 2471 627 2525 Veiosque
652 2471 798 2527 ingens
825 2471 1028 2512 exercitus
1055 2477 1305 2519 contractus,
1331 2477 1376 2511 ut
1400 2470 1494 2510 inde
1520 2469 1686 2511 obviam

335 2530 466 2574 Gallis
491 2533 628 2574 iretur.
677 2533 842 2588 longius
868 2533 1042 2582 discedi,
1069 2547 1120 2573 ne
1145 2532 1224 2574 alio
1248 2532 1391 2573 itinere
1415 2531 1544 2572 hostis
1570 2531 1686 2572 falle-

332 2601 392 2634 rct
417 2595 469 2635 ad
493 2594 638 2636 urbem
662 2595 875 2645 incedens,
907 2610 990 2635 non
1015 2594 1180 2649 placuit.
1240 2609 1394 2649 paucos
1420 2594 1567 2635 deinde
1591 2600 1686 2648 post

334 2655 420 2697 dies
452 2657 550 2698 satis
582 2657 795 2712 explorata
819 2657 1013 2711 temporis
1040 2657 1127 2697 eius
1153 2656 1289 2710 quiete
1315 2672 1339 2697 a
1364 2654 1495 2698 Gallis
1520 2655 1684 2696 Priver-

335 2731 431 2757 num
457 2719 588 2760 omnis
615 2733 815 2761 conversa
838 2719 914 2760 vis.
975 2718 1128 2773 duplex
1159 2719 1253 2760 inde
1284 2718 1395 2759 fama
1426 2724 1506 2759 est:
1544 2717 1612 2758 alii
1643 2717 1684 2757 vi
