1835 3226
326 234 405 275 154
604 241 758 275 LIBER
783 241 857 285 111,
883 241 937 274 31.
956 242 1012 275 32.
1041 244 1138 285 [a.u.
1155 243 1394 288 eaeo—303]

320 346 509 386 meritum
546 344 731 384 morandi
769 344 922 384 auxilii.
983 344 1106 385 ambo
1144 345 1334 386 eonsules
1372 361 1466 387 eum
1502 351 1682 391 exercitu

276 424 293 450 ,ι
320 407 437 447 missi
461 406 623 446 hostem
648 405 690 445 in
716 420 791 446 sua
816 406 914 446 sede
938 406 981 446 in
1000 405 1158 461 Algido
1183 407 1409 449 inveniunt.
1449 409 1505 450 ibi
1524 424 1684 466 pugna-

319 476 417 508 tum.
458 483 581 522 supra
602 473 760 521 septem
780 467 891 508 milia
911 467 1092 508 hostium
1113 483 1245 518 caesa,
1273 469 1340 510 alii
1360 470 1505 526 fugati,
1532 474 1685 526 praeda.

317 536 434 584 parta
464 530 624 585 ingens.
674 544 763 570 eam
796 537 964 584 propter
992 530 1173 586 inopiam
1200 533 1343 573 aerarii
1370 534 1560 575 consules
1586 550 1684 575 ven-

318 593 519 633 didcrunt.
568 592 747 632 invidiae
774 599 911 633 tamen
935 607 1000 633 res
1027 594 1078 633 ad
1105 594 1337 634 exercitum
1354 596 1433 636 fuit
1457 597 1684 650 eademque

318 654 490 696 tribunis
517 655 730 696 materiam
754 655 997 696 criminandi
1018 656 1069 696 ad
1088 655 1252 710 plebem
1273 657 1461 699 consules
1480 658 1682 713 praebuit.

274 731 291 757 J,
402 717 548 770 Itaque
575 732 691 772 ergo,
720 723 763 757 ut
782 717 1028 772 magistratu
1047 717 1202 767 abiere,
1232 717 1383 773 Spurio
1404 719 1601 775 Tarpeio,
1627 720 1682 762 A.

316 779 492 820 Aternio
529 778 768 821 consulibus
805 779 893 821 dies
925 780 1034 820 dicta
1065 786 1127 821 est
1156 780 1336 822 Romilio
1368 781 1420 822 ab
1453 781 1502 823 C.
1538 781 1684 824 Calvio

320 841 521 883 Cicerone
566 842 729 883 tribuno
772 842 923 897 plebis,
968 842 1141 884 Veturio
1184 843 1235 884 ab
1272 844 1326 885 L.
1363 844 1515 886 Alieno
1552 846 1683 887 aedile

274 919 290 945 o·
318 903 462 958 plebis.
524 911 697 958 uterque
739 920 892 959 magna
932 911 1097 960 patrum
1132 905 1414 960 indignatione
1451 907 1682 957 damnatus,

316 967 520 1008 Romilius
553 967 696 1008 decem
727 967 892 1008 milibus
924 967 1048 1017 aeris,
1080 967 1279 1009 Veturius
1311 968 1558 1021 quindecim.
1607 984 1684 1011 neo

318 1029 419 1069 haec
444 1029 627 1083 priorum
653 1029 864 1070 calamitas
892 1030 1110 1071 consulum
1137 1030 1347 1085 segniores
1373 1045 1504 1072 novos
1529 1031 1682 1072 fecerat

318 1091 526 1140 consules3
554 1098 592 1131 et
619 1107 662 1132 se
688 1091 873 1132 damnari
898 1106 1021 1147 posse
1047 1091 1229 1141 aiebant,
1257 1099 1297 1133 et
1315 1092 1479 1147 plebem
1499 1099 1539 1134 et
1557 1093 1684 1134 tribu-

275 1166 289 1193 ῖ
318 1168 391 1193 nos
422 1153 559 1208 legem
589 1153 695 1194 ferre
726 1169 809 1194 non
833 1169 969 1208 posse.
1019 1161 1105 1195 tum
1131 1155 1292 1196 abiecta
1316 1155 1426 1211 lege,
1459 1171 1565 1210 quae
1589 1171 1683 1210 pro-

318 1215 501 1270 mulgata
532 1223 820 1265 consenuerat,
860 1216 1011 1258 tribuni
1042 1217 1175 1258 lenius
1208 1233 1330 1273 agere
1362 1233 1455 1258 cum
1480 1219 1679 1272 patribus,

317 1277 440 1318 finem
465 1278 631 1318 tandem
658 1279 927 1318 certaminum
952 1278 1146 1319 facerent.
1191 1279 1225 1319 si
1250 1279 1434 1333 plebeiae
1459 1279 1572 1334 leges
1599 1280 1682 1321 dis-

316 1339 531 1394 plicerent,
563 1346 604 1381 at
628 1340 685 1380 illi
711 1340 981 1381 communiter
1004 1340 1144 1395 legum
1168 1340 1318 1381 latores
1345 1348 1385 1381 et
1410 1356 1461 1382 ex
1490 1341 1609 1396 plebe
1642 1349 1681 1382 et

319 1417 369 1442 cx
394 1402 598 1457 patribus,
625 1403 696 1456 qui
720 1403 905 1456 utrisque
933 1403 1045 1444 utilia
1064 1403 1217 1444 ferrent
1236 1418 1423 1457 quaeque
1443 1404 1681 1457 aequandae

273 1480 290 1505 s
316 1463 514 1505 libertatis
541 1471 696 1514 essent,
731 1465 910 1506 sinerent
935 1465 1075 1506 creari.
1124 1480 1211 1506 rem
1242 1480 1324 1506 non
1355 1465 1681 1520 aspernabantur

318 1533 472 1581 patres3
505 1527 696 1567 daturum
721 1527 835 1582 leges
861 1527 1066 1568 neminem
1092 1528 1171 1568 nisi
1197 1542 1248 1568 ex
1272 1527 1476 1582 patribus,
1504 1528 1678 1569 aiebant.

318 1603 410 1628 cum
443 1589 492 1629 de
523 1588 685 1643 legibus
717 1589 971 1638 conveniret,
1004 1589 1054 1629 de
1079 1589 1207 1629 latore
1234 1596 1390 1630 tantum
1417 1590 1679 1644 discreparet,

318 1653 433 1693 missi
457 1653 583 1708 legati
607 1652 796 1694 Athenas
826 1652 1002 1707 Spurius
1027 1652 1268 1693 Postumius
1295 1652 1452 1702 Albus,
1480 1652 1532 1694 A.
1558 1652 1681 1694 Man-

317 1716 414 1765 lius,
442 1715 489 1756 P.
514 1715 723 1770 Sulpicius
753 1715 998 1757 Camerinus
1023 1715 1208 1768 iussique
1233 1715 1394 1756 inclitas
1419 1715 1533 1770 leges
1562 1715 1680 1757 Solo-

317 1778 380 1818 nis
417 1777 649 1819 describere
688 1785 727 1819 et
764 1778 935 1819 aliarum
974 1776 1175 1819 Graeciae
1212 1777 1440 1818 civita-tium
1480 1777 1678 1826 instituta,

317 1856 450 1882 mores
477 1842 647 1894 iuraque
672 1856 856 1882 noscere.

278 1918 285 1945 1
401 1902 606 1944 XXXII.
650 1901 721 1947 Ab
747 1903 927 1944 externis
953 1903 1071 1944 bellis
1098 1902 1261 1956 quietus
1287 1917 1418 1942 annus
1445 1901 1540 1951 fuit,
1567 1901 1681 1954 quie-

317 1966 395 2006 tior
418 1966 640 2019 insequens
692 1964 742 2006 P.
771 1965 956 2006 Curiatio
982 1972 1021 2006 et
1049 1963 1146 2006 Sex.
1175 1964 1400 2017 Quinctilio
1445 1963 1683 2005 consulibus

315 2034 513 2083 perpetuo
540 2027 701 2069 silentio
728 2027 1003 2076 tribunorum,
1036 2027 1147 2081 quod
1171 2027 1303 2081 primo
1328 2026 1577 2081 legatorum,
1610 2027 1679 2080 qui

316 2089 504 2131 Athenas
530 2091 673 2140 ierant,
699 2090 922 2145 legumque
946 2089 1258 2144 peregrinarum
1283 2088 1536 2143 exspectatio
1561 2103 1679 2143 prae-

316 2153 421 2202 buit,
449 2153 543 2193 dein
569 2153 650 2193 duo
677 2153 800 2193 simul
819 2153 927 2193 mala
946 2152 1128 2207 ingentia
1148 2157 1307 2200 exorta,
1334 2150 1466 2191 fames
1485 2150 1680 2205 pestilen-

316 2215 452 2268 tiaque
477 2215 600 2256 foeda
624 2215 797 2263 homini,
824 2215 947 2255 foeda
964 2213 1114 2269 pecori.
1152 2213 1302 2254 vastati
1328 2213 1415 2268 agri
1441 2218 1553 2262 sunt,
1579 2213 1677 2254 urbs

315 2278 499 2318 adsiduis
532 2278 734 2318 exhausta
769 2277 996 2318 funeribus.
1047 2276 1199 2317 multae
1237 2282 1276 2317 et
1312 2275 1445 2316 clarae
1481 2275 1677 2330 lugubres

272 2354 289 2382 3
315 2340 481 2380 domus:
509 2339 657 2380 flamen
678 2339 902 2392 Quirinalis
931 2337 1102 2381 Servius
1130 2337 1348 2380 Cornelius
1374 2344 1579 2387 mortuus,
1607 2353 1678 2379 au-

315 2418 392 2457 gur
424 2402 473 2443 C.
505 2401 705 2443 Horatius
731 2401 954 2451 Pulvillus,
994 2402 1035 2442 in
1067 2401 1183 2442 cuius
1214 2400 1350 2441 locum
1384 2399 1432 2441 C.
1459 2399 1677 2441 Veturium

316 2479 365 2504 co
391 2464 598 2519 cupidius,
626 2464 721 2517 quia
747 2464 965 2504 damnatus
992 2479 1015 2504 a
1039 2463 1159 2518 plebe
1186 2469 1289 2511 erat,
1322 2476 1500 2516 augures
1525 2461 1674 2516 legere,

272 2539 290 2566 4
316 2532 501 2567 mortuus
534 2526 678 2567 consul
704 2525 973 2579 Quinctilius,
1006 2531 1199 2579 quattuor
1223 2524 1375 2565 tribuni
1399 2523 1522 2578 plebi.
1572 2523 1675 2563 mul-

316 2588 443 2642 tiplici
468 2588 584 2629 clade
609 2588 800 2629 foedatus
826 2603 971 2629 annus.
1021 2587 1073 2628 ab
1099 2587 1217 2627 hoste
1243 2586 1371 2626 otium
1398 2585 1486 2626 fuit.

274 2663 291 2691 5
400 2651 503 2692 Inde
540 2651 729 2692 consules
763 2650 812 2692 C.
844 2649 1083 2699 Menenius,
1122 2649 1170 2690 P.
1206 2647 1367 2690 Sestius
1401 2645 1670 2701 Capitolinus.

318 2726 449 2764 neque
480 2727 528 2753 co
559 2727 665 2754 anno
697 2713 917 2766 quicquam
948 2711 1045 2753 belli
1076 2711 1233 2752 externi
1263 2710 1357 2751 fuit:
1395 2707 1505 2749 domi
1535 2711 1669 2746 motus

272 2168 289 2194 tl,
