1835 3226
256 410 274 438 2

265 1583 280 1610 *l

300 284 353 323 58
643 289 793 322 LIBER
818 288 852 326 Ι,
879 288 934 321 56.
965 289 1060 329 [au.
1076 298 1104 320 c.
1119 287 1313 327 220—244]

302 409 344 435 se
381 393 531 447 templa
567 392 689 432 deum
726 389 994 430 exaedificare
1024 388 1214 429 manibus
1247 388 1350 437 suis,
1388 402 1511 441 quam
1541 397 1653 443 post-

298 470 419 508 quam
452 462 490 494 et
522 453 574 494 ad
604 452 700 500 alia,
738 461 783 491 ut
814 451 950 505 specie
980 451 1154 499 minora,
1188 450 1245 490 sic
1270 449 1421 490 laboris
1447 450 1654 503 aliquanto

299 516 481 564 maioris,
530 513 848 554 traducebantur
883 526 1025 566 opera,
1075 512 1187 552 foros
1223 512 1266 551 in
1301 511 1408 552 circo
1443 511 1654 553 faciendos

300 579 562 630 cloacamque
593 575 834 623 maximam,
865 573 1171 628 receptaculum
1196 574 1379 614 omnium
1408 588 1657 629 purgamen-

299 649 433 681 torum
463 638 595 686 urbis,
629 637 706 678 sub
731 645 881 677 terram
907 636 1130 691 agendam,
1162 635 1313 689 quibus
1338 635 1500 677 duobus
1525 636 1658 690 operi-

301 704 377 744 bus
420 701 491 741 vix
532 715 641 740 nova
682 699 784 740 hacc
824 698 1131 754 magnificentia
1172 698 1393 751 quicquam
1427 698 1658 751 adaequare

301 764 444 820 potuit.
493 762 557 803 his
588 761 798 803 laboribus
831 761 1011 801 exercita
1038 760 1178 815 plebe,
1215 760 1312 813 quia
1343 766 1383 800 et
1406 759 1498 800 urbi
1522 759 1659 800 multi-

300 827 502 874 tudinem,
528 824 600 865 ubi
624 838 724 864 usus
750 838 832 864 non
858 829 985 872 esset,
1017 822 1131 863 oneri
1154 821 1320 862 rebatur
1345 836 1454 871 esse,
1487 828 1527 862 et
1551 820 1660 862 colo-

300 889 362 929 nis
384 886 592 927 mittendis
613 885 806 939 occupari
823 885 946 925 latius
965 884 1125 938 imperii
1142 884 1246 924 fines
1265 883 1442 933 volebat,
1471 881 1660 938 Signiam

302 949 568 1001 Circeiosque
595 947 762 989 colonos
787 947 916 995 misit,
942 946 1148 1001 praesidia
1171 945 1264 987 urbi
1288 945 1427 986 futura
1450 951 1557 986 terra
1575 959 1659 985 ma-

302 1013 430 1065 rique.

386 1072 505 1113 Haec
548 1071 688 1126 agenti
729 1076 964 1124 portentum
1007 1069 1185 1110 terribile
1221 1070 1376 1110 visum:
1424 1069 1572 1124 anguis
1610 1083 1660 1109 ex

303 1134 493 1176 columna
522 1133 660 1187 lignea
690 1132 855 1186 clapsus
888 1146 981 1172 cum
1007 1138 1201 1172 terrorem
1227 1131 1454 1185 fugamque
1479 1131 1521 1170 in
1545 1130 1662 1185 regia

304 1195 484 1243 fecisset,
510 1194 641 1248 ipsius
660 1194 770 1247 regis
791 1208 872 1233 non
892 1200 976 1233 tam
997 1192 1133 1233 subito
1152 1208 1305 1246 pavore
1318 1192 1492 1246 perculit
1517 1198 1660 1245 pectus

304 1271 427 1310 quam
459 1255 590 1296 anxiis
635 1255 805 1308 inplevit
836 1255 956 1295 curis.
1005 1254 1143 1307 itaque
1175 1268 1269 1294 cum
1300 1254 1352 1294 ad
1381 1253 1546 1307 publica
1570 1267 1662 1307 pro-

305 1319 417 1373 digia
431 1317 599 1357 Etrusci
618 1324 777 1357 tantum
797 1325 912 1357 vates
933 1315 1235 1364 adhiberentur,
1262 1316 1339 1356 hoc
1365 1315 1476 1355 velut
1501 1315 1663 1355 domes—

306 1381 386 1421 tico
413 1379 630 1420 exterritus
656 1379 748 1419 visu
774 1377 962 1432 Delphos
990 1377 1042 1418 ad
1066 1377 1245 1418 maxime
1270 1377 1453 1417 inclitum
1479 1377 1521 1416 in
1546 1377 1662 1417 terris

305 1441 515 1483 oraculum
540 1441 699 1481 mittere
726 1440 879 1480 statuit.
922 1454 1055 1492 neque
1081 1454 1279 1493 responsa
1305 1439 1474 1480 sortium
1499 1438 1571 1478 ulli
1596 1437 1663 1478 alii

308 1503 560 1544 committere
592 1517 735 1550 ausus,
774 1501 877 1542 duos
909 1501 1014 1542 filios
1047 1515 1119 1555 per
1148 1502 1311 1556 ignotas
1343 1515 1391 1541 ea
1422 1505 1663 1554 tempestate

308 1574 452 1614 terras,
484 1564 687 1619 ignotiora
712 1564 856 1611 maria,
887 1564 930 1604 in
957 1561 1176 1604 Graeciam
1201 1563 1324 1603 misit.
1374 1562 1493 1603 Titus
1519 1569 1557 1602 et
1583 1560 1665 1602 Ar-

308 1642 407 1668 runs
432 1627 619 1681 profecti.

395 1688 549 1730 Comes
580 1688 629 1728 iis
662 1688 824 1728 additus
856 1688 908 1727 L.
941 1687 1086 1727 Iunius
1112 1686 1286 1735 Brutus,
1319 1686 1564 1739 Tarquinia,
1603 1700 1668 1726 so-

309 1765 398 1791 rore
423 1750 552 1804 regis,
578 1756 717 1797 natus,
745 1749 905 1789 iuvenis
930 1748 1052 1803 longe
1073 1748 1176 1788 alius
1196 1748 1380 1802 ingenio,
1407 1762 1531 1800 quam
1550 1747 1666 1787 cuius

309 1811 612 1853 simulationem
638 1811 836 1851 induerat.
885 1811 920 1851 is
947 1824 1041 1850 cum
1065 1810 1265 1864 primores
1291 1810 1486 1858 civitatis,
1512 1810 1552 1849 in
1579 1808 1668 1862 qui-

308 1874 385 1915 bus
407 1873 574 1914 fratrem
597 1888 717 1913 suum
738 1872 789 1913 ab
810 1872 1014 1913 avunculo
1033 1872 1294 1912 interfectum
1315 1872 1509 1920 audisset,
1534 1885 1668 1924 neque

309 1937 350 1977 in
382 1936 518 1976 animo
551 1950 626 1976 suo
657 1935 879 1988 quicquam
908 1934 998 1989 regi
1028 1934 1255 1974 timendum
1279 1948 1412 1987 neque
1437 1933 1479 1973 in
1503 1932 1667 1974 fortuna

309 1997 687 2052 concupiscendum
707 1997 935 2050 relinquere
950 1997 1089 2037 statuit
1103 2003 1422 2050 contemptuque
1436 2002 1547 2036 tutus
1562 2008 1667 2042 esse,

312 2060 382 2101 ubi
406 2060 449 2099 in
472 2059 559 2099 iure
584 2074 731 2113 parum
749 2058 943 2113 praesidii
962 2064 1084 2099 esset.
1122 2073 1221 2113 ergo
1241 2072 1293 2098 ex
1313 2057 1515 2098 industria
1533 2056 1668 2097 factus

310 2122 361 2162 ad
386 2121 654 2161 imitationem
681 2120 875 2161 stultitiae
901 2134 995 2160 cum
1021 2134 1064 2160 se
1091 2134 1246 2173 suaque
1270 2119 1446 2173 praedae
1472 2133 1563 2159 esse
1581 2117 1669 2171 regi

311 2185 478 2234 sineret,
505 2184 624 2224 Bruti
649 2198 813 2237 quoque
836 2183 934 2224 haut
961 2182 1103 2223 abnuit
1128 2197 1376 2237 cognomen,
1408 2188 1452 2221 ut
1479 2180 1555 2222 sub
1582 2180 1668 2220 eius

311 2246 480 2287 obtentu
511 2246 767 2301 cognominis
798 2245 990 2286 liberator
1019 2245 1086 2285 ille
1122 2244 1265 2298 populi
1293 2243 1471 2284 Romani
1507 2242 1668 2283 animus

310 2308 441 2348 latens
484 2307 739 2362 opperiretur
779 2314 964 2360 tempora
1009 2321 1095 2347 sua.
1150 2307 1184 2346 is
1221 2313 1307 2346 tum
1345 2305 1396 2346 ab
1433 2304 1669 2358 Tarquiniis

311 2370 459 2410 ductus
484 2368 694 2424 Delphos,
730 2369 952 2409 ludibrium
984 2369 1120 2409 verius
1152 2382 1277 2421 quam
1307 2382 1464 2416 comcs,
1502 2381 1670 2407 aureum

312 2431 505 2472 baculum
545 2431 751 2472 inclusum
794 2445 942 2471 corneo
985 2437 1129 2471 cavato
1173 2431 1225 2470 ad
1266 2430 1309 2470 id
1344 2429 1491 2470 baculo
1527 2428 1669 2468 tulisse

314 2493 466 2533 donum
486 2492 672 2547 Apollini
697 2493 856 2541 dicitur,
883 2507 956 2547 per
981 2492 1179 2547 ambages
1206 2491 1388 2546 effigiem
1412 2490 1568 2545 ingenii
1593 2489 1667 2530 sui.

399 2555 494 2607 Quo
526 2562 746 2610 postquam
776 2562 944 2596 ventum
970 2561 1049 2604 est,
1081 2554 1274 2609 perfectis
1299 2554 1427 2608 patris
1452 2551 1667 2599 mandatis,

315 2618 462 2671 cupido
503 2618 671 2659 incessit
713 2618 871 2658 animos
914 2618 1110 2658 iuvenum
1153 2616 1405 2665 sciscitandi,
1454 2615 1507 2656 ad
1547 2627 1666 2666 quem

316 2694 456 2719 corum
475 2694 648 2734 regnum
667 2680 903 2721 Romanum
922 2685 1031 2720 esset
1049 2685 1278 2720 venturum.
1317 2692 1368 2719 ex
1384 2676 1525 2718 infimo
1542 2687 1667 2729 specu

318 2754 458 2780 vocem
478 2742 677 2783 redditam
697 2741 850 2783 ferunt:
879 2741 1113 2795 ‘imperium
1139 2755 1345 2781 summum
1364 2739 1520 2780 Romae
1544 2735 1669 2777 habe-
