1780 3204
1414 236 1439 259 (i

399 250 551 284 LIBER
578 249 631 292 ΙΙ,
658 248 803 283 -27-29.
832 251 880 291 [a.
897 246 1125 289 C.495.494]
1386 236 1438 276 80

88 355 339 408 occultisque
366 353 604 406 conloquiis.
654 351 818 392 tandem
843 351 965 391 invisi
994 349 1104 404 plebi
1134 349 1323 390 consules
1355 363 1441 388 ma-

88 419 262 473 gistratu
289 416 457 464 abeunt,
498 413 697 456 Servilius
723 413 896 460 neutris,
935 411 1098 466 Appius
1124 410 1308 465 patribus
1340 410 1440 450 mire

88 486 242 534 gratus.

172 539 391 581 XXVIII.
440 538 494 579 A.
521 537 743 592 Verginius
769 536 864 576 inde
889 543 929 576 et
954 535 1003 576 T.
1025 535 1225 576 Vetusius
1252 534 1440 575 consula-

88 609 175 642 tum
199 602 352 642 ineunt.
397 607 484 641 tum
509 614 604 640 vero
628 598 746 653 plebs
772 598 937 646 incerta,
964 596 1106 650 quales
1132 596 1321 637 habitura
1346 610 1441 636 con-

89 663 197 704 sules
224 670 345 712 esset,
372 668 512 703 coetus
539 668 771 708 nocturnos,
798 674 892 713 pars
912 658 1111 712 Esquiliis
1131 673 1226 712 pars
1245 658 1288 698 in
1301 657 1442 698 Aven-

88 725 192 774 tino,
219 725 373 773 faeere,
405 738 456 764 ne
481 724 523 763 in
547 722 636 762 foro
662 721 807 763 subitis
834 720 1053 775 trepidaret
1079 720 1259 760 consiliis
1292 726 1331 760 et
1355 734 1441 759 om-

88 787 155 826 nia
181 794 332 826 temere
357 800 404 825 ac
429 784 596 825 fortuito
621 790 772 838 ageret.
822 797 913 823 eam
937 796 1023 822 rem
1049 781 1239 822 consules
1270 781 1365 829 rati,
1397 787 1441 820 ut

88 855 190 896 erat,
216 847 488 901 perniciosam
513 845 566 885 ad
589 853 726 899 patres
752 844 960 892 deferunt,
994 843 1068 883 sed
1092 842 1270 882 delatam
1295 857 1442 882 consu-

87 909 169 949 lere
200 909 341 949 ordine
370 923 453 949 non
482 907 612 955 licuit,
650 906 752 946 adeo
784 905 1034 945 tumultuose
1066 911 1238 958 excepta
1269 910 1331 944 est
1361 903 1442 944 cla-

87 970 268 1011 moribus
294 970 475 1022 undique
500 975 539 1009 et
563 967 842 1022 indignatione
861 973 1036 1020 patrum,
1065 966 1111 1014 si,
1138 966 1249 1018 quod
1268 965 1440 1019 imperio

87 1033 291 1074 consulari
323 1031 631 1084 exsequendum
663 1036 789 1078 esset,
827 1029 1023 1069 invidiam
1055 1028 1141 1068 eius
1175 1027 1363 1068 consules
1390 1027 1441 1067 ad

1467 793 1485 821 [Ο

87 1101 273 1136 senatum
297 1093 506 1134 reicerent.
556 1091 758 1145 profecto,
799 1091 834 1130 si
858 1096 995 1130 essent
1020 1090 1062 1129 in
1093 1104 1135 1129 re
1159 1088 1325 1142 publiea
1354 1103 1440 1127 ma-
1467 1099 1484 1125 :2

85 1157 300 1211 gistratus,
343 1154 501 1195 nullum
536 1153 720 1193 futurum
757 1152 886 1192 fuisse
922 1151 1079 1191 Romae
1115 1151 1195 1191 nisi
1229 1149 1441 1203 publicum

85 1217 314 1265 concilium,
340 1230 448 1255 nunc
473 1215 515 1254 in
540 1214 649 1254 mille
675 1214 807 1254 curias
834 1213 1146 1265 contionesque,
1175 1227 1267 1252 eum
1294 1211 1374 1252 alia
1398 1212 1437 1251 in

83 1278 294 1332 Esquiliis,
321 1277 399 1317 alia
424 1277 465 1317 in
485 1275 695 1316 Aventino
720 1275 819 1316 fiant
839 1275 1022 1323 concilia,
1050 1275 1279 1329 dispersam
1300 1280 1339 1314 et·
1357 1273 1440 1314 dis-

85 1341 257 1394 sipatam
283 1353 373 1379 esse
398 1352 485 1378 rem
509 1337 729 1392 publicam.
767 1352 895 1377 unum
914 1336 1079 1377 hercule
1099 1336 1245 1385 virum,
1271 1336 1313 1376 id
1333 1335 1441 1376 enim

83 1401 175 1456 plus
201 1415 292 1442 esse
317 1415 443 1453 quam
468 1399 698 1448 consulem,
726 1399 858 1452 qualis
884 1398 1049 1452 Appius
1078 1397 1278 1438 Claudius
1304 1397 1439 1445 fuerit,

83 1469 289 1503 momento
320 1462 515 1516 temporis
547 1461 831 1502 discussurum
863 1460 954 1501 illos
987 1467 1128 1501 coetus
1160 1460 1303 1501 fuisse.
1354 1474 1442 1499 cor-

82 1525 186 1578 repti
211 1523 419 1573 eonsules,
458 1538 570 1572 cum,
608 1523 707 1576 quid
732 1538 830 1578 ergo
857 1538 899 1563 sc
925 1522 1060 1563 facere
1085 1523 1237 1563 vellent
1263 1548 1315 1551 —
1340 1521 1441 1561 nihil

84 1586 192 1625 enim
217 1586 383 1640 segnius
409 1585 625 1626 molliusve
651 1600 775 1638 quam
799 1584 984 1639 patribus
1010 1584 1170 1638 placeat
1190 1591 1352 1625 acturos
1374 1609 1439 1629 —,

83 1653 462 1700 percunctarentur,
489 1647 731 1695 decernunt,
758 1653 803 1686 ut
827 1646 1022 1687 dilectum
1047 1661 1171 1699 quam
1197 1646 1441 1687 acerrimum

84 1707 279 1748 habeant:
306 1708 388 1748 otio
412 1708 601 1748 lascivire
626 1708 802 1762 plebem.

168 1768 356 1809 Dimisso
383 1775 527 1809 senatu
552 1769 743 1810 consules
768 1769 810 1808 in
835 1768 1012 1809 tribunal
1038 1769 1283 1816 escendunt,
1317 1768 1440 1807 citant

84 1829 324 1869 nominatim
360 1830 551 1870 iuniores.
613 1844 707 1870 cum
742 1830 795 1870 ad
830 1844 981 1870 nomen
1010 1843 1130 1869 nemo
1160 1828 1439 1882 responderet,

86 1890 335 1931 circumfusa
365 1890 582 1930 multitudo
613 1890 655 1930 in
691 1891 892 1931 contionis
930 1890 1099 1930 modum
1128 1905 1297 1944 negare,
1335 1889 1441 1930 ultra

87 1952 219 2005 decipi
243 1951 406 2006 plebem
431 1966 572 2005 posse,
604 1967 830 2004 numquam
861 1967 989 1992 unum
1014 1952 1184 1991 militem
1214 1951 1438 2000 habituros,

86 2014 127 2053 ni
156 2019 431 2067 praestaretur
460 2013 562 2053 fides
592 2012 775 2066 publica3
812 2013 1042 2053 libertatem
1077 2013 1297 2066 unicuique
1328 2013 1440 2066 prius

85 2075 336 2115 reddendam
361 2089 451 2115 esse
477 2088 600 2127 quam
625 2090 738 2114 arma
763 2075 915 2123 danda,
941 2080 986 2114 ut
1009 2089 1083 2128 pro
1107 2075 1238 2128 patria
1263 2074 1442 2115 civibus-

86 2151 177 2190 que,
203 2150 286 2176 non
309 2150 383 2189 pro
409 2135 599 2184 dominis,
625 2142 823 2190 pugnent.

172 2196 395 2246 Consules,
432 2197 532 2250 quid
562 2197 801 2237 mandatum
832 2204 941 2238 esset
971 2213 994 2238 a
1031 2204 1193 2246 senatu,
1231 2197 1437 2246 videbant,

88 2259 160 2299 sed
185 2273 338 2307 eorum,
365 2259 435 2311 qui
459 2259 565 2298 intra
589 2258 765 2312 parietes
791 2259 926 2299 euriae
952 2259 1141 2300 ferociter
1164 2259 1438 2312 loquerentur,

86 2320 290 2360 neminem
321 2321 466 2361 adesse
496 2320 674 2360 invidiae
707 2336 804 2361 suae
834 2321 1087 2375 participem.
1142 2327 1182 2362 et
1217 2321 1439 2375 apparebat
1466 2337 1477 2363 s,

87 2389 202 2424 atrox
227 2397 320 2423 eum
343 2381 463 2436 plebe
489 2389 706 2423 certamen.
754 2384 867 2438 prius
892 2384 1029 2436 itaque
1054 2398 1179 2436 quam
1203 2383 1344 2424 ultima
1371 2399 1440 2424 ex-

86 2444 332 2498 perirentur,
372 2451 558 2484 senatum
590 2444 738 2484 iterum
769 2445 980 2485 consulere
1010 2445 1175 2499 placuit.
1224 2452 1312 2485 tum
1342 2460 1439 2485 vero

39 2521 41 2524 ’
86 2506 138 2546 ad
179 2505 300 2546 sellas
343 2504 558 2546 consulum
599 2520 726 2559 prope
769 2506 985 2547 convolare
1028 2507 1221 2546 minimus
1266 2507 1439 2559 quisque

85 2574 183 2607 natu
212 2574 393 2621 patrum,
432 2566 622 2608 abdicare
654 2567 912 2608 consulatum
941 2568 1129 2609 iubentes
1161 2575 1199 2609 et
1235 2568 1438 2622 deponere

82 2629 302 2683 imperium,
330 2629 382 2669 ad
407 2629 518 2682 quod
542 2629 739 2669 tuendum
765 2630 925 2670 animus
951 2630 1126 2671 deesset.

170 2690 413 2731 XXVIIII.
452 2690 638 2744 Utraque
663 2706 706 2732 re
727 2692 824 2732 satis
845 2698 1024 2746 experta,
1051 2698 1137 2732 tum
1157 2692 1322 2733 demum
1343 2707 1438 2733 con-

1467 1473 1484 1499 Γ)

1468 1965 1483 1992 *l
