1780 3204
478 210 631 244 LlssER
656 210 707 254 x,
734 209 858 243 26:21
886 211 935 252 [a.
953 207 1085 251 0:295]
1383 196 1466 237 523

114 314 264 357 Gallici
295 313 492 355 tumultus
523 313 767 368 praecipuus
801 319 929 353 terror
958 311 1164 353 civitatem
1196 310 1336 351 tenuit.
1390 309 1466 350 ita·
1496 322 1531 350 14

113 392 193 430 que
218 384 503 431 praeterquam
529 376 640 429 quod
670 374 791 416 ambo
817 375 1007 416 eonsules
1038 373 1212 428 profecti
1237 373 1290 414 ad
1313 372 1466 414 bellum

115 447 229 480 erant
254 454 346 479 cum
373 445 564 491 quattuor
587 437 818 493 legionibus
839 443 878 478 et
902 451 1052 491 magno
1078 436 1261 488 equitatu
1279 435 1466 475 Romano

116 500 422 555 Campanisque
448 500 558 540 mille
584 499 789 553 equitibus
815 499 982 539 delectis
1009 498 1060 538 ad
1085 498 1127 538 id
1151 497 1304 538 bellum
1329 496 1466 537 missis

115 569 154 603 et
181 562 383 603 sociorum
410 561 668 614 nominisque
694 561 834 601 Latini
860 560 1012 601 maiore
1037 559 1217 600 exercitu
1242 574 1364 612 quam
1384 558 1467 598 Ro-

115 639 247 673 mano,
275 624 343 664 alii
367 623 448 664 duo
474 624 674 664 exercitus
700 623 811 663 haud
835 622 976 677 procul
1001 621 1101 663 urbe
1126 621 1316 662 Etruriae
1341 635 1468 675 oppo-
1498 633 1533 660 1.)

118 687 196 735 siti,
224 701 330 726 unus
356 686 397 726 in
422 685 598 734 Falisco,
627 685 727 725 alter
750 684 792 724 in
812 684 1013 725 Vaticano
1039 698 1150 738 agro.
1201 683 1277 724 Cn.
1293 683 1466 723 Fulvius

117 755 155 788 et
186 749 239 789 L.
266 747 507 788 Postumius
532 747 740 802 Megellus
776 753 1060 801 propraetores
1092 745 1212 786 ambo
1244 745 1391 786 stativa
1425 744 1467 784 in

116 811 173 851 eis
199 810 299 851 locis
325 810 475 851 habere
501 810 615 850 iussi.

201 871 398 912 XXVII.
444 870 648 912 Consules
680 870 732 911 ad
762 870 901 912 hostes
933 876 1191 924 transgresso
1216 867 1468 923 Appennino
1497 879 1510 907 1

115 934 157 974 in
188 948 331 989 agrum
366 932 621 974 Sentinatem
657 938 941 987 pervenerunt.
996 931 1054 972 ibi
1084 937 1276 985 quattuor
1312 930 1468 970 milium

115 997 243 1036 ferme
278 995 490 1036 intervallo
520 1001 654 1035 eastra
688 994 833 1049 posita.
886 994 991 1034 inter
1020 993 1158 1034 hostes
1190 992 1337 1032 deinde
1374 1006 1470 1032 eon-
1496 1004 1513 1032 2

116 1058 354 1098 sultationes
390 1056 571 1105 habitae,
609 1063 731 1109 atque
767 1056 824 1097 ita
859 1055 1066 1103 convenit,
1109 1068 1160 1094 ne
1196 1054 1287 1094 unis
1325 1054 1467 1094 eastris

115 1120 383 1160 miscerentur
425 1134 565 1159 omnes
603 1133 706 1159 neve
747 1118 788 1158 in
824 1118 953 1157 aciem
996 1116 1291 1157 descenderent
1334 1114 1467 1155 simul.

118 1180 373 1222 Samnitibus
407 1179 534 1229 Galli,
569 1180 759 1221 Etruscis
787 1179 937 1220 Umbri
973 1177 1132 1218 adiecti.
1193 1177 1280 1217 dies
1319 1177 1467 1216 indicta
1496 1190 1513 1217 :J

114 1257 296 1297 pugnae:
337 1241 513 1283 Samniti
540 1240 754 1294 Gallisque
786 1240 975 1295 delegata
1006 1255 1163 1294 pugna,
1196 1239 1300 1279 inter
1334 1238 1469 1292 ipsum

115 1311 321 1344 certamen
350 1303 518 1343 Etrusci
549 1302 780 1355 Umbrique
817 1302 919 1342 iussi
952 1307 1085 1342 castra
1115 1300 1304 1341 Romana
1341 1315 1470 1354 oppu-

113 1379 253 1420 gnare.
314 1364 416 1404 haee
453 1364 623 1405 consilia
660 1363 874 1404 turbarunt
910 1362 1149 1417 transfugae
1189 1362 1350 1403 Clusini
1387 1369 1468 1402 tres
1496 1375 1513 1402 4

115 1427 220 1468 clam
251 1432 370 1467 nocte
401 1426 454 1466 ad
484 1426 660 1467 Fabium
698 1426 908 1467 consulem
946 1425 1211 1480 transgressi,
1249 1425 1318 1478 qui
1349 1425 1468 1466 editis

114 1489 293 1530 hostium
320 1488 500 1530 consiliis
527 1488 685 1529 dimissi
712 1503 806 1529 cum
831 1489 962 1537 donis,
988 1495 1033 1528 ut
1059 1487 1250 1535 subinde,
1279 1494 1322 1527 ut
1346 1501 1471 1540 quae-

114 1566 194 1604 que
225 1566 290 1591 res
322 1566 430 1591 nova
461 1551 623 1591 decreta
649 1557 776 1599 esset,
810 1550 1062 1604 exploratam
1087 1550 1325 1604 perferrent.
1376 1563 1471 1589 con-
1496 1561 1514 1589 ῡ

116 1613 225 1653 sules
244 1612 393 1653 Fulvio
418 1618 463 1652 ut
482 1627 531 1652 ex
551 1612 728 1661 Falisco,
749 1612 964 1652 Postumio
990 1618 1033 1652 ut
1058 1626 1108 1652 ex
1128 1610 1330 1651 Vaticano
1356 1625 1472 1651 exer-

115 1675 241 1715 eitum
267 1674 318 1714 ad
345 1673 535 1714 Clusium
561 1674 806 1714 admoveant
832 1687 1074 1726 summaque
1099 1672 1139 1712 vi
1164 1673 1266 1712 fines
1291 1672 1470 1713 hostium

116 1735 425 1790 depopulentur,
455 1735 648 1776 scribunt.
691 1735 814 1776 huius
840 1735 1115 1790 populationis
1142 1734 1252 1774 fama
1265 1734 1465 1774 Etruscos
1497 1748 1514 1775 (5

116 1813 166 1838 ex
198 1812 296 1852 agro
331 1795 543 1837 Sentinate
575 1797 626 1837 ad
664 1812 760 1837 suos
798 1797 890 1837 finis
923 1797 1095 1837 tuendos
1128 1796 1266 1836 movit.
1317 1796 1467 1836 instare

115 1859 209 1899 inde
237 1858 439 1907 consules,
469 1865 510 1898 ut
536 1858 776 1899 absentibus
802 1858 865 1898 his
891 1865 1153 1912 pugnaretur.
1203 1872 1275 1911 per
1299 1857 1469 1898 biduum

116 1921 332 1962 lacessiere
357 1920 511 1974 proelio
532 1920 710 1960 hostem:
736 1920 860 1961 biduo
880 1920 979 1960 nihil
999 1920 1169 1975 dignum
1189 1920 1300 1959 dictu
1319 1925 1468 1960 actum.

116 1983 237 2037 pauci
261 1982 464 2035 utrimque
491 1982 685 2031 cecidere,
707 1983 922 2037 magisque
948 1982 1099 2022 inritati
1125 1988 1219 2022 sunt
1239 1982 1291 2022 ad
1315 1981 1467 2022 iustum

118 2052 323 2085 certamen
342 2044 467 2085 animi
486 2059 610 2098 quam
631 2045 683 2085 ad
702 2044 923 2085 discrimen
943 2059 1104 2085 summa
1122 2059 1258 2084 rerum
1279 2043 1467 2084 adducta.

118 2107 235 2147 tertio
261 2106 325 2146 die
352 2106 596 2147 descensum
622 2106 663 2146 in
689 2120 879 2160 campum
905 2105 1095 2146 omnibus
1116 2105 1337 2159 copiis-est.
1376 2120 1469 2145 cum
1496 2119 1515 2147 3

117 2168 339 2209 instructae
365 2168 473 2208 aeies
501 2174 671 2216 starent,
705 2182 825 2208 cerva
854 2168 1017 2222 fugiens
1048 2167 1189 2222 lupum
1216 2182 1237 2207 e
1262 2165 1470 2207 montibus

119 2236 262 2270 exacta
291 2244 365 2284 per
392 2244 559 2284 campos
591 2229 695 2269 inter
719 2230 821 2270 duas
847 2230 955 2270 acies
982 2229 1176 2278 decurrit3
1213 2229 1307 2269 inde
1338 2228 1471 2269 diver-

120 2306 188 2331 sae
220 2291 349 2341 ferae,
388 2306 508 2332 cerva
538 2291 590 2332 ad
622 2290 783 2341 Gallos,
824 2292 945 2346 lupus
976 2292 1028 2332 ad
1058 2292 1268 2332 Romanos
1305 2305 1471 2331 cursum

120 2352 296 2393 deflexit.
345 2353 442 2407 lupo
474 2353 569 2394 data
600 2353 706 2394 inter
736 2354 897 2394 ordines
929 2353 1013 2403 via,
1046 2368 1207 2394 cervam
1235 2351 1345 2393 Galli
1376 2367 1471 2393 con-

119 2415 257 2454 fixere.
306 2420 393 2454 tum
419 2429 468 2455 ex
494 2415 774 2470 antesignanis
800 2415 1012 2456 Romanus
1038 2415 1173 2455 miles:
1213 2414 1322 2455 ‘illac
1353 2413 1470 2469 fuga’
1497 2428 1514 2456 9

119 2476 250 2529 inquit
282 2480 339 2516 ‘et
364 2476 510 2517 caedes
542 2477 679 2525 vertit,
711 2476 783 2517 ubi
809 2491 966 2517 sacram
991 2475 1152 2516 Dianae
1178 2476 1306 2516 feram
1337 2475 1472 2516 iacen-

120 2545 201 2577 tem
226 2538 392 2578 videtis:
419 2538 513 2578 hinc
532 2539 661 2579 vietor
672 2538 849 2579 Martius
875 2539 1009 2593 lupus,
1036 2538 1193 2593 integer
1218 2545 1256 2578 et
1281 2538 1469 2587 intactus,

119 2600 253 2654 gentis
280 2616 354 2641 nos
380 2600 557 2641 Martiae
583 2607 622 2641 et
647 2601 866 2642 conditoris
892 2601 1019 2641 nostri
1050 2600 1286 2641 admonuit?
1328 2600 1471 2641 dextro
1500 2613 1538 2641 10

119 2675 244 2702 cornu
261 2661 382 2711 Galli,
405 2662 569 2703 sinistro
586 2661 792 2704 Samnites
820 2663 1099 2704 constiterunt.
1137 2662 1334 2703 adversus
1352 2660 1471 2703 Sam-

1499 1995 1514 2022 '⁵³1
