1835 3226
374 220 456 260 446
708 224 860 258 LIBER
885 223 1015 267 VIIII,
1041 224 1071 257 5.
1086 224 1117 256 6.
1146 225 1193 266 [a.
1208 234 1243 256 u.
1259 234 1288 257 e.
1302 223 1385 266 433]

331 345 349 374 3
374 329 538 370 foedere
564 343 645 382 pax
667 326 868 376 Caudina,
897 326 970 367 sed
994 340 1067 380 per
1092 325 1356 379 sponsionem
1381 324 1490 365 faeta
1515 331 1588 365 est.
1631 326 1730 379 quid

375 391 482 430 enim
509 397 579 430 aut
604 387 873 442 sponsoribus
899 388 941 428 in
965 387 1130 428 foedere
1156 401 1260 441 opus
1287 393 1395 427 esset
1414 393 1483 427 aut
1503 385 1728 435 obsidibus,

374 452 442 492 ubi
468 450 702 505 precatione
727 465 792 491 res
819 450 1070 505 transigitur,
1090 464 1163 504 per
1181 461 1304 503 quem
1328 449 1527 504 populum
1546 449 1628 498 fiat,
1649 464 1730 503 quo

374 514 509 554 minus
546 512 710 568 legibus
743 513 861 554 dietis
900 519 1046 561 stetur,
1086 518 1129 552 ut
1161 527 1255 552 eum
1292 511 1348 552 ita
1378 511 1564 566 Iuppiter
1597 511 1729 560 feriat,

329 592 349 620 4
374 576 723 630 quemadmodum
759 591 783 617 a
818 575 1027 617 fetialibus
1070 589 1220 629 porcus
1257 574 1438 615 feriatur.
1500 574 1731 628 spoponde-

373 645 468 679 runt
493 638 697 688 eonsules,
724 638 861 693 legati,
882 644 1135 691 quaestores,
1157 636 1308 678 tribuni
1333 637 1521 685 militum,
1547 636 1731 677 nomina-

376 716 455 755 que
481 700 664 742 omnium
691 701 762 754 qui
789 700 1096 755 spoponderunt
1123 705 1281 748 extant,
1308 698 1398 747 ubi,
1432 698 1466 739 si
1492 713 1542 739 ex
1567 698 1731 739 foedere

374 770 464 804 acta
494 778 559 804 res
592 770 719 812 esset,
752 769 1041 817 praeterquam
1072 762 1246 802 duorum
1278 761 1476 802 fetialium
1508 776 1590 801 non
1621 767 1733 801 exta-

333 841 352 869 5
378 832 480 867 rent.
531 832 571 866 et
601 832 768 880 propter
797 824 1074 865 necessariam
1099 823 1278 865 foederis
1305 823 1541 864 dilationem
1568 821 1732 863 obsides

376 889 498 929 etiam
525 888 703 929 sescenti
722 888 880 941 equites
902 887 1102 942 imperati,
1124 887 1194 940 qui
1214 887 1346 941 capite
1366 886 1537 934 luerent,
1562 885 1596 925 si
1614 891 1733 939 paeto

332 966 349 994 6
375 965 457 991 non
489 956 674 991 staretur.
729 956 892 1004 tempus
924 950 1020 990 inde
1051 955 1249 991 statutum
1281 948 1487 989 tradendis
1520 946 1733 988 obsidibus

377 1013 639 1066 exercituque
664 1012 811 1053 inermi
836 1012 1047 1053 mittendo.
1097 1011 1391 1066 redintegravit
1421 1010 1577 1051 luctum
1601 1010 1643 1049 in
1669 1023 1735 1050 ca-

378 1075 471 1116 stris
498 1075 714 1116 consulum
740 1075 953 1124 adventus,
982 1081 1025 1115 ut
1052 1074 1121 1115 vix
1147 1073 1198 1115 ab
1223 1074 1272 1115 iis
1299 1073 1549 1114 abstinerent
1574 1086 1732 1120 manus,

334 1147 350 1175 7
378 1151 552 1190 quorum
577 1137 804 1177 temeritate
830 1137 872 1178 in
898 1152 991 1178 euni
1016 1137 1153 1177 locum
1180 1136 1345 1177 deducti
1371 1141 1527 1184 essent,
1560 1148 1734 1187 quorum

377 1199 542 1254 ignavia
567 1197 728 1239 foedius
755 1199 849 1239 inde
875 1214 999 1252 quam
1024 1198 1233 1239 venissent
1257 1197 1423 1239 abituri:
1449 1197 1528 1237 illis
1554 1211 1638 1237 non
1662 1195 1736 1236 du-

379 1276 468 1302 cem
501 1261 702 1308 locorum,
735 1276 816 1301 non
848 1260 1148 1314 exploratorem
1179 1260 1328 1308 fuisse,
1361 1258 1575 1300 beluarum
1611 1257 1735 1298 modo

334 1331 353 1361 8
380 1337 525 1364 caecos
556 1322 598 1362 in
629 1322 795 1362 foveam
825 1321 977 1376 lapsos.
1033 1321 1101 1362 alii
1132 1321 1233 1362 alios
1270 1321 1436 1370 intueri,
1469 1319 1735 1373 contemplari

378 1400 493 1426 arma
518 1399 613 1425 mox
634 1384 831 1424 tradenda
851 1390 889 1424 et
909 1383 1084 1423 inermes
1110 1383 1269 1423 futuras
1291 1383 1454 1423 dextras
1475 1381 1734 1434 obnoxiaque

379 1461 551 1500 corpora
581 1445 702 1486 hosti.
751 1459 978 1500 proponere
1011 1444 1174 1485 sibimet
1204 1444 1283 1498 ipsi
1308 1451 1400 1484 ante
1427 1443 1565 1484 oculos
1592 1443 1733 1497 iugum

382 1508 531 1549 hostile
563 1514 602 1548 et
632 1506 809 1548 ludibria
839 1507 1004 1547 victoris
1037 1513 1076 1546 et
1100 1506 1238 1547 vultus
1271 1505 1470 1560 superbos
1503 1511 1541 1545 et
1571 1519 1644 1559 per
1674 1520 1736 1545 ar-

335 1585 352 1614 9
378 1576 512 1610 matos
537 1569 756 1609 inermium
776 1568 863 1617 iter,
884 1568 978 1608 inde
1000 1568 1110 1608 foedi
1135 1568 1311 1622 agminis
1331 1566 1606 1608 miserabilem
1626 1566 1735 1606 viam

378 1648 451 1687 per
477 1631 681 1673 sociorum
706 1630 841 1680 urbes,
873 1630 1049 1670 reditum
1075 1630 1116 1670 in
1141 1631 1316 1684 patriam
1341 1630 1394 1670 ad
1424 1636 1627 1684 parentes,
1655 1643 1736 1682 quo

314 1710 354 1739 10
380 1709 502 1748 saepe
533 1693 613 1748 ipsi
644 1693 903 1746 maioresque
929 1707 1071 1733 eorum
1096 1691 1395 1746 triumphantes
1421 1691 1642 1732 venissent.
1693 1706 1736 1731 se

381 1757 491 1799 solos
525 1756 611 1796 sine
644 1755 831 1803 vulnere,
867 1754 953 1795 sine
985 1753 1113 1803 ferro,
1146 1753 1234 1794 sine
1260 1753 1346 1794 acie
1371 1753 1521 1802 victos,
1555 1752 1632 1794 sibi
1656 1767 1738 1793 non

381 1819 580 1873 stringere
605 1817 772 1858 licuisse
798 1816 973 1872 gladios,
994 1831 1078 1857 non
1097 1830 1264 1856 manum
1285 1830 1379 1856 cum
1404 1814 1521 1856 hoste
1541 1814 1736 1863 conferre,

316 1897 351 1925 11
382 1881 460 1923 sibi
485 1879 737 1934 nequiquam
762 1879 921 1920 animos
949 1879 1080 1920 datos.
1129 1878 1231 1918 haee
1256 1877 1527 1918 frementibus
1553 1876 1654 1917 hora
1679 1877 1739 1917 sa-

379 1944 471 1985 talis
491 1942 741 1998 ignominiae
761 1941 938 1990 advenit,
955 1940 1092 1982 omnia
1111 1940 1290 1981 tristiora
1310 1939 1562 1994 experiundo
1582 1939 1740 1980 factura

316 2022 354 2050 12
381 2021 505 2060 quam
530 2018 635 2058 quae
660 2010 951 2058 praeceperant
978 2003 1137 2043 animis.
1176 2002 1257 2042 iam
1276 2002 1454 2056 primum
1481 2016 1572 2041 eum
1600 2001 1740 2056 singu-

382 2068 432 2109 lis
459 2066 717 2108 vestimentis
748 2066 925 2106 inermes
952 2071 1067 2106 extra
1091 2064 1244 2105 vallum
1277 2064 1387 2104 exire
1417 2063 1521 2104 iussi
1552 2069 1590 2103 et
1620 2063 1741 2117 primi

318 2139 357 2169 13
385 2129 523 2171 traditi
549 2128 715 2170 obsides
742 2135 864 2181 atque
889 2128 929 2168 in
956 2127 1186 2168 custodiam
1211 2126 1389 2175 abducti,
1416 2132 1503 2166 tum
1523 2141 1545 2166 a
1565 2125 1742 2166 consuli-

380 2192 457 2234 bus
484 2191 595 2232 abire
620 2190 782 2231 lictores
813 2190 916 2231 iussi
946 2189 1319 2244 paludamentaque
1344 2188 1544 2229 detracta:
1584 2193 1740 2227 tantam

383 2257 462 2314 [id]
490 2257 595 2298 inter
617 2256 744 2311 ipsos,
771 2255 842 2309 qui
866 2254 1005 2309 paullo
1031 2261 1125 2294 ante
1157 2268 1227 2294 eos
1259 2258 1498 2294 execrantes
1530 2250 1740 2292 dedendos

318 2334 357 2362 14
382 2319 705 2372 lacerandosque
726 2323 982 2366 censuerant,
998 2316 1302 2357 miserationem
1321 2315 1431 2364 fecit,
1447 2320 1492 2354 ut
1513 2328 1611 2355 suae
1630 2312 1742 2366 quis-

381 2398 461 2437 que
488 2381 741 2424 condicionis
768 2380 919 2421 oblitus
946 2379 997 2420 ab
1029 2379 1098 2419 illa
1124 2378 1419 2419 deformatione
1451 2383 1587 2417 tantae
1618 2375 1742 2416 maie-

383 2445 498 2487 statis
524 2444 637 2486 velut
661 2443 712 2484 ab
738 2442 916 2483 nefando
944 2441 1179 2496 spectaculo
1209 2446 1412 2482 averteret
1437 2438 1592 2480 oeulos.

343 2520 354 2547 ι
468 2506 546 2548 VI.
582 2505 715 2547 Primi
740 2504 931 2546 eonsules
956 2518 1084 2558 prope
1111 2503 1315 2545 seminudi
1342 2501 1417 2543 sub
1443 2502 1587 2556 iugum
1611 2498 1738 2546 missi,

383 2578 468 2610 tum
493 2575 538 2610 ut
564 2569 739 2622 quisque
765 2567 896 2622 gradu
921 2581 1147 2621 proxumus
1174 2572 1278 2614 erat,
1310 2565 1366 2605 ita
1397 2562 1644 2618 ignominiae
1670 2559 1741 2600 ob-

339 2643 356 2671 2
383 2631 527 2680 iectus,
554 2637 641 2671 tum
667 2629 860 2683 deinceps
888 2628 1075 2683 singulae
1099 2627 1296 2682 legiones.
1335 2623 1654 2667 circumstabant
1679 2635 1741 2661 ar-

384 2693 482 2732 mati
513 2693 653 2733 hostes
687 2690 982 2745 exprobrantes
1009 2689 1322 2742 eludentesque3
1359 2686 1486 2742 gladii
1511 2685 1631 2726 etiam
1656 2681 1742 2736 ple-
