1780 3204
372 253 525 289 LIBER
550 253 677 298 mn,
704 253 830 290 1516.
858 257 908 299 [a.
926 253 964 290 e.
977 255 1053 290 320.
1067 255 1148 299 319]
1354 245 1436 287 457

87 364 267 399 ceterum
299 358 493 412 quoniam
518 357 569 399 ab
595 357 781 400 hostibus
807 359 849 399 in
875 373 918 400 se
944 373 1075 413 aequa
1101 359 1224 400 statui
1249 373 1372 413 quam
1396 359 1439 400 in
1463 373 1482 402 5

88 436 130 462 se
156 422 235 476 ipsi
266 421 371 462 ferre
402 420 637 470 maluerint,
674 421 861 462 nuntiare
885 421 1108 462 Luceriam
1138 421 1274 470 iussit,
1312 437 1436 471 arma,

86 485 285 534 sarcinas,
326 484 525 533 iumenta,
569 484 871 525 multitudinem
908 499 1070 525 omnem
1105 484 1298 526 inbellem
1333 485 1439 525 intra

85 547 247 587 moenia
276 546 568 600 relinquerent3
600 546 770 587 militem
796 561 839 587 se
865 561 959 587 cum
985 546 1157 601 singulis
1183 547 1436 588 vestimentis
1463 560 1481 590 6

86 608 163 649 sub
199 609 342 663 iugum
378 608 618 657 missurum,
656 607 922 649 ulciscentem
951 608 1138 658 inlatam,
1174 623 1257 650 non
1286 624 1437 650 novam

84 670 327 711 inferentem
362 670 641 725 ignominiam.
696 669 796 710 nihil
831 676 1078 712 recusatum.
1135 677 1291 725 septem
1327 671 1438 711 milia
1466 685 1481 713 7

84 732 257 772 militum
279 731 355 773 sub
375 732 518 787 iugum
538 732 665 773 missa
682 732 916 786 praedaque
936 732 1082 787 ingens
1096 732 1299 773 Luceriae
1320 740 1439 787 capta

83 793 258 848 receptis
278 793 468 834 omnibus
489 793 617 848 signis
638 794 855 847 armisque,
877 808 981 847 quae
997 794 1048 835 ad
1064 793 1270 835 Caudium
1286 795 1439 836 amissa

85 862 200 895 erant
225 861 281 905 et,
308 855 419 908 quod
441 855 577 896 omnia
598 855 817 909 superabat
841 856 1011 911 gaudia,
1039 856 1243 910 equitibus
1269 871 1439 911 recupe-

83 917 201 966 ratis,
229 931 330 970 quos
349 917 523 971 pignora
541 917 653 971 pacis
675 917 964 958 custodiendos
984 918 1207 958 Luceriam
1230 917 1436 959 Samnites

84 979 291 1019 dederant.
334 978 446 1019 haud
464 978 592 1019 ferme
618 979 696 1019 alia
721 979 944 1020 mutatione
972 979 1107 1020 subita
1131 995 1267 1020 rerum
1293 980 1438 1021 clarior
1462 994 1481 1024 S

83 1041 253 1082 victoria
272 1041 412 1095 populi
425 1040 603 1081 Romani
622 1048 702 1090 est,
731 1041 764 1081 si
785 1041 951 1094 quidem
971 1041 1111 1090 etiam,
1139 1042 1246 1094 quod
1268 1042 1438 1095 quibus-

83 1102 178 1143 dam
203 1103 246 1143 in
270 1101 484 1143 annalibus
510 1102 692 1151 invenio,
724 1101 899 1143 Pontius
925 1102 1112 1143 Herenni
1138 1103 1246 1144 filius
1275 1102 1439 1144 Samni-

82 1166 185 1205 tium
219 1165 455 1219 imperator,
494 1171 537 1204 ut
568 1164 751 1218 expiaret
782 1164 998 1204 consulum
1035 1164 1321 1219 ignominiam,
1361 1164 1437 1205 sub

82 1226 227 1281 iugum
257 1240 350 1266 cum
381 1225 525 1266 ceteris
557 1232 619 1266 est
649 1225 816 1266 missus.
867 1232 1046 1266 ceterum
1072 1226 1114 1266 id
1139 1226 1273 1267 minus
1300 1227 1436 1275 miror,
1464 1240 1481 1269 9

83 1287 304 1329 obscurum
336 1302 427 1328 esse
453 1287 504 1328 de
528 1287 708 1328 hostium
733 1287 837 1328 duce
863 1288 1001 1328 dedito
1026 1288 1255 1341 missoque3
1286 1289 1328 1329 id
1352 1305 1439 1330 ma-

78 1350 143 1404 gis
169 1349 353 1390 mirabile
379 1356 457 1398 est,
485 1349 657 1404 ambigi,
683 1350 897 1391 Luciusne
914 1349 1131 1392 Cornelius
1151 1351 1325 1393 dictator
1344 1367 1438 1392 cum

78 1412 132 1451 L.
147 1410 314 1465 Papirio
337 1409 516 1452 Cursore
542 1411 740 1465 magistro
766 1412 950 1465 equitum
977 1427 1046 1454 cas
1072 1427 1136 1454 res
1158 1413 1209 1453 ad
1230 1412 1437 1454 Caudium

80 1479 201 1527 atque
231 1473 326 1513 inde
356 1473 580 1514 Luceriam
616 1474 792 1529 gesserit
827 1474 1015 1528 ultorque
1047 1475 1193 1516 unicus
1224 1475 1437 1517 Romanae
1466 1490 1506 1519 io

78 1535 344 1591 ignominiae,
382 1535 493 1576 haud
525 1536 652 1576 sciam
684 1551 736 1576 an
766 1536 993 1578 iustissimo
1024 1537 1231 1592 triumpho
1263 1538 1315 1578 ad
1347 1553 1437 1578 eam

80 1604 255 1638 aetatem
298 1598 524 1638 secundum
559 1598 732 1639 Furium
771 1598 994 1639 Camillum
1037 1599 1349 1653 triumphaverit
1386 1615 1439 1640 an

80 1659 295 1701 consulum
325 1659 562 1714 Papiriique
592 1661 860 1715 praecipuum
896 1661 938 1701 id
974 1661 1100 1702 decus
1138 1662 1202 1702 sit.
1253 1662 1438 1715 sequitur
1465 1677 1502 1706 11
1528 1697 1531 1699 .

79 1722 189 1763 hune
215 1736 391 1762 errorem
419 1722 521 1763 alius
549 1737 670 1772 error,
700 1722 909 1764 Cursorne
928 1722 1120 1778 Papirius
1146 1725 1344 1778 proximis
1371 1739 1439 1766 eo-

79 1784 204 1824 mitiis
226 1798 319 1824 cum
340 1783 391 1835 Q.
407 1782 534 1824 Aulio
550 1783 773 1825 Cerretano
793 1784 940 1825 iterum
960 1784 1011 1825 ob
1036 1800 1123 1825 rem
1148 1785 1252 1826 bene
1277 1793 1438 1841 gestam

80 1845 284 1887 Luceriae
316 1845 550 1886 continuato
575 1845 819 1899 magistratu
844 1846 986 1887 consul
1011 1847 1174 1887 tertium
1200 1858 1359 1888 creatus
1387 1849 1438 1889 sit

81 1923 132 1948 an
157 1907 210 1948 L.
236 1906 427 1960 Papirius
453 1906 695 1962 Mugilanus
722 1913 761 1947 et
784 1907 827 1947 in
852 1909 1096 1963 cognomine
1123 1916 1299 1950 erratum
1327 1911 1390 1951 sit.

164 1969 289 2010 XVI.
341 1969 563 2019 Convenit,
595 1970 677 2010 iam
701 1970 795 2011 inde
825 1985 899 2025 pcr
929 1972 1119 2013 consules
1152 1973 1310 2027 reliqua
1340 1974 1436 2015 belli
1465 1989 1479 2017 1

80 2031 276 2086 perfecta.
332 2031 483 2072 Aulius
514 2046 606 2072 cum
632 2031 849 2074 Frentanis
875 2047 956 2074 uno
983 2035 1163 2076 secundo
1188 2036 1342 2090 proelio
1368 2036 1438 2077 de-

80 2093 247 2134 bellavit
276 2092 504 2148 urbemque
534 2094 685 2149 ipsam,
723 2110 803 2148 quo
842 2110 885 2136 se
922 2095 1017 2137 fusa
1053 2097 1279 2138 contulerat
1315 2098 1436 2148 acies,

81 2155 296 2197 obsidibus
333 2157 542 2211 imperatis
578 2157 620 2197 in
657 2157 906 2199 deditionem
937 2160 1106 2214 accepit.
1155 2161 1244 2215 pari
1275 2160 1438 2202 fortuna
1463 2175 1481 2204 2

83 2217 226 2258 consul
252 2218 354 2259 alter
379 2233 471 2259 cum
499 2217 742 2269 Satricanis,
775 2220 845 2274 qui
870 2220 980 2262 cives
1006 2222 1184 2263 Romani
1207 2230 1302 2278 post
1328 2222 1440 2264 Cau-

83 2279 222 2320 dinam
253 2279 411 2320 cladem
443 2281 494 2321 ad
521 2279 728 2323 Samnites
754 2282 989 2324 defecerant
1012 2284 1344 2339 praesidiUmque
1370 2301 1439 2327 eo-

82 2357 173 2382 rum
209 2341 252 2381 in
287 2341 430 2382 urbem
473 2350 732 2397 acceperant,
780 2359 867 2386 rem
909 2346 1051 2400 gessit.
1111 2362 1207 2388 nam
1249 2362 1343 2389 eum
1385 2349 1437 2389 ad
1462 2362 1481 2391 3

81 2402 245 2443 moenia
272 2401 421 2444 Satrici
451 2404 640 2445 admotus
672 2412 781 2447 esset
812 2407 1014 2448 exercitus
1044 2407 1273 2463 legatisque
1298 2410 1436 2451 missis

82 2465 134 2505 ad
168 2479 313 2519 pacem
350 2480 444 2506 cum
479 2466 670 2520 precibus
707 2468 926 2521 petendam
963 2469 1078 2510 triste
1108 2485 1353 2525 responsum
1385 2471 1436 2513 ab

83 2526 251 2567 consule
287 2527 492 2567 redditum
524 2535 648 2577 esset,
686 2529 766 2570 nisi
797 2531 1000 2584 praesidio
1035 2530 1283 2573 Samnitium
1314 2533 1437 2575 inter-

82 2589 191 2629 fecto
222 2595 291 2629 aut
322 2589 469 2630 tradito
494 2605 545 2631 ne
571 2591 623 2631 ad
648 2606 692 2632 se
716 2599 962 2642 remearent,
994 2594 1087 2648 plus
1114 2609 1162 2635 ea
1186 2610 1286 2636 voce
1311 2610 1435 2649 quam

82 2650 204 2691 armis
242 2650 376 2692 inlatis
414 2651 576 2693 terroris
619 2652 774 2695 colonis
816 2654 1023 2696 iniectum.
1082 2656 1219 2710 itaque
1262 2657 1434 2700 subinde
1462 2672 1481 2700 4

82 2720 306 2755 execuntur
335 2715 569 2768 quaerendo
601 2732 623 2757 a
655 2717 822 2758 consule
854 2718 997 2773 legati,
1031 2734 1208 2773 quonam
1240 2736 1283 2763 se
1314 2728 1434 2776 pacto
