<?xml version="1.0" encoding="UTF-8"?>
<!DOCTYPE html PUBLIC "-//W3C//DTD XHTML 1.0 Transitional//EN"
    "http://www.w3.org/TR/xhtml1/DTD/xhtml1-transitional.dtd">
<html xmlns="http://www.w3.org/1999/xhtml" xml:lang="en" lang="en">
 <head>
  <title>
</title>
<meta http-equiv="Content-Type" content="text/html;charset=utf-8" />
  <meta name='ocr-system' content='tesseract 3.04.00' />
  <meta name='ocr-capabilities' content='ocr_page ocr_carea ocr_par ocr_line ocrx_word'/>
</head>
<body>
  <div class='ocr_page' id='page_1' title='image "./aburbeconditalib01livyuoft_0366.png"; bbox 0 0 1835 3226; ppageno 0'>
   <div class='ocr_carea' id='block_1_1' title="bbox 307 1237 322 1265">
    <p class='ocr_par' dir='ltr' id='par_1_1' title="bbox 307 1237 322 1265">
     <span class='ocr_line' id='line_1_1' title="bbox 307 1237 322 1265; textangle 90"><span class='ocrx_word' id='word_1_1' title='bbox 307 1237 322 1265; x_wconf 49' lang='lat' dir='ltr'>*l</span> 
     </span>
    </p>
   </div>
   <div class='ocr_carea' id='block_1_2' title="bbox 358 250 1376 301">
    <p class='ocr_par' dir='ltr' id='par_1_2' title="bbox 358 250 1376 301">
     <span class='ocr_line' id='line_1_2' title="bbox 358 250 1376 301; baseline 0 -10"><span class='ocrx_word' id='word_1_2' title='bbox 358 250 440 291; x_wconf 78' lang='lat'>208</span> <span class='ocrx_word' id='word_1_3' title='bbox 652 269 655 270; x_wconf 28' lang='grc' dir='ltr'><em>ν</em></span> <span class='ocrx_word' id='word_1_4' title='bbox 685 254 838 289; x_wconf 78' lang='lat' dir='ltr'>LIBER</span> <span class='ocrx_word' id='word_1_5' title='bbox 862 254 955 299; x_wconf 86' lang='lat'>1111,</span> <span class='ocrx_word' id='word_1_6' title='bbox 984 254 1109 288; x_wconf 75' lang='lat'>14.15.</span> <span class='ocrx_word' id='word_1_7' title='bbox 1139 257 1376 301; x_wconf 82' lang='lat' dir='ltr'>[a.u.c.315]</span> 
     </span>
    </p>
   </div>
   <div class='ocr_carea' id='block_1_3' title="bbox 347 357 1708 1830">
    <p class='ocr_par' dir='ltr' id='par_1_3' title="bbox 349 357 1708 1338">
     <span class='ocr_line' id='line_1_3' title="bbox 356 357 1706 415; baseline 0.002 -14"><span class='ocrx_word' id='word_1_8' title='bbox 356 361 551 415; x_wconf 80' lang='lat' dir='ltr'>magister</span> <span class='ocrx_word' id='word_1_9' title='bbox 575 359 757 412; x_wconf 86' lang='lat' dir='ltr'>equitum</span> <span class='ocrx_word' id='word_1_10' title='bbox 782 358 835 398; x_wconf 91' lang='lat' dir='ltr'>ad</span> <span class='ocrx_word' id='word_1_11' title='bbox 859 357 1059 398; x_wconf 83' lang='lat' dir='ltr'>Maelium</span> <span class='ocrx_word' id='word_1_12' title='bbox 1086 362 1224 399; x_wconf 85' lang='lat' dir='ltr'>‘vocat</span> <span class='ocrx_word' id='word_1_13' title='bbox 1248 359 1304 400; x_wconf 89' lang='lat' dir='ltr'>te&#39;</span> <span class='ocrx_word' id='word_1_14' title='bbox 1333 360 1466 413; x_wconf 86' lang='lat' dir='ltr'>inquit</span> <span class='ocrx_word' id='word_1_15' title='bbox 1492 362 1706 404; x_wconf 82' lang='lat' dir='ltr'>‘dictator.&#39;</span> 
     </span>
     <span class='ocr_line' id='line_1_4' title="bbox 355 419 1707 476; baseline 0.002 -14"><span class='ocrx_word' id='word_1_16' title='bbox 355 436 449 463; x_wconf 87' lang='lat' dir='ltr'>cum</span> <span class='ocrx_word' id='word_1_17' title='bbox 477 421 652 475; x_wconf 73' lang='lat' dir='ltr'>pavidus</span> <span class='ocrx_word' id='word_1_18' title='bbox 681 419 749 460; x_wconf 92' lang='lat' dir='ltr'>ille</span> <span class='ocrx_word' id='word_1_19' title='bbox 780 420 880 473; x_wconf 89' lang='lat' dir='ltr'>quid</span> <span class='ocrx_word' id='word_1_20' title='bbox 908 419 1032 461; x_wconf 86' lang='lat' dir='ltr'>vellet</span> <span class='ocrx_word' id='word_1_21' title='bbox 1061 427 1274 473; x_wconf 86' lang='lat' dir='ltr'>quaereret</span> <span class='ocrx_word' id='word_1_22' title='bbox 1301 419 1582 476; x_wconf 85' lang='lat' dir='ltr'>Serviliusque</span> <span class='ocrx_word' id='word_1_23' title='bbox 1611 438 1707 465; x_wconf 90' lang='lat' dir='ltr'>cau-</span> 
     </span>
     <span class='ocr_line' id='line_1_5' title="bbox 358 482 1707 535; baseline 0.001 -12"><span class='ocrx_word' id='word_1_24' title='bbox 358 498 446 524; x_wconf 91' lang='lat' dir='ltr'>sam</span> <span class='ocrx_word' id='word_1_25' title='bbox 473 482 687 523; x_wconf 77' lang='lat' dir='ltr'>dicendam</span> <span class='ocrx_word' id='word_1_26' title='bbox 718 496 809 522; x_wconf 91' lang='lat' dir='ltr'>esse</span> <span class='ocrx_word' id='word_1_27' title='bbox 838 488 1083 535; x_wconf 81' lang='lat' dir='ltr'>proponeret</span> <span class='ocrx_word' id='word_1_28' title='bbox 1113 483 1347 535; x_wconf 83' lang='lat' dir='ltr'>crimenque</span> <span class='ocrx_word' id='word_1_29' title='bbox 1379 498 1403 524; x_wconf 89' lang='lat' dir='ltr'>a</span> <span class='ocrx_word' id='word_1_30' title='bbox 1426 482 1612 525; x_wconf 86' lang='lat' dir='ltr'>Minucio</span> <span class='ocrx_word' id='word_1_31' title='bbox 1637 485 1707 525; x_wconf 87' lang='lat' dir='ltr'>dc-</span> 
     </span>
     <span class='ocr_line' id='line_1_6' title="bbox 357 543 1706 599; baseline 0 -13"><span class='ocrx_word' id='word_1_32' title='bbox 357 545 486 586; x_wconf 89' lang='lat' dir='ltr'>latum</span> <span class='ocrx_word' id='word_1_33' title='bbox 514 544 567 585; x_wconf 89' lang='lat' dir='ltr'>ad</span> <span class='ocrx_word' id='word_1_34' title='bbox 597 549 785 585; x_wconf 87' lang='lat' dir='ltr'>senatum</span> <span class='ocrx_word' id='word_1_35' title='bbox 814 543 1072 593; x_wconf 82' lang='lat' dir='ltr'>diluendum,</span> <span class='ocrx_word' id='word_1_36' title='bbox 1111 550 1208 585; x_wconf 93' lang='lat' dir='ltr'>tunc</span> <span class='ocrx_word' id='word_1_37' title='bbox 1237 543 1417 586; x_wconf 89' lang='lat' dir='ltr'>Maelius</span> <span class='ocrx_word' id='word_1_38' title='bbox 1453 545 1632 599; x_wconf 86' lang='lat' dir='ltr'>recipere</span> <span class='ocrx_word' id='word_1_39' title='bbox 1663 561 1706 586; x_wconf 90' lang='lat' dir='ltr'>se</span> 
     </span>
     <span class='ocr_line' id='line_1_7' title="bbox 351 605 1707 660; baseline 0 -13"><span class='ocrx_word' id='word_1_40' title='bbox 351 606 394 647; x_wconf 91' lang='lat' dir='ltr'>in</span> <span class='ocrx_word' id='word_1_41' title='bbox 424 612 630 647; x_wconf 73' lang='lat' dir='ltr'>catervam</span> <span class='ocrx_word' id='word_1_42' title='bbox 662 620 829 646; x_wconf 89' lang='lat' dir='ltr'>suorum</span> <span class='ocrx_word' id='word_1_43' title='bbox 860 611 900 645; x_wconf 89' lang='lat' dir='ltr'>et</span> <span class='ocrx_word' id='word_1_44' title='bbox 927 605 1105 659; x_wconf 88' lang='lat' dir='ltr'>primum</span> <span class='ocrx_word' id='word_1_45' title='bbox 1137 605 1485 660; x_wconf 73' lang='lat' dir='ltr'>clrcumspectans</span> <span class='ocrx_word' id='word_1_46' title='bbox 1511 606 1707 660; x_wconf 75' lang='lat' dir='ltr'>tergiver-</span> 
     </span>
     <span class='ocr_line' id='line_1_8' title="bbox 353 667 1707 723; baseline 0 -14"><span class='ocrx_word' id='word_1_47' title='bbox 353 668 450 717; x_wconf 91' lang='lat' dir='ltr'>sari,</span> <span class='ocrx_word' id='word_1_48' title='bbox 476 676 697 723; x_wconf 85' lang='lat' dir='ltr'>postremo,</span> <span class='ocrx_word' id='word_1_49' title='bbox 725 682 818 708; x_wconf 90' lang='lat' dir='ltr'>cum</span> <span class='ocrx_word' id='word_1_50' title='bbox 843 667 1050 721; x_wconf 75' lang='lat' dir='ltr'>apparitor</span> <span class='ocrx_word' id='word_1_51' title='bbox 1072 667 1188 708; x_wconf 91' lang='lat' dir='ltr'>iussu</span> <span class='ocrx_word' id='word_1_52' title='bbox 1213 668 1399 723; x_wconf 81' lang='lat' dir='ltr'>magistri</span> <span class='ocrx_word' id='word_1_53' title='bbox 1425 668 1608 721; x_wconf 87' lang='lat' dir='ltr'>equitum</span> <span class='ocrx_word' id='word_1_54' title='bbox 1633 669 1707 709; x_wconf 88' lang='lat' dir='ltr'>du-</span> 
     </span>
     <span class='ocr_line' id='line_1_9' title="bbox 352 728 1705 784; baseline -0.001 -13"><span class='ocrx_word' id='word_1_55' title='bbox 352 736 478 780; x_wconf 87' lang='lat' dir='ltr'>ceret,</span> <span class='ocrx_word' id='word_1_56' title='bbox 515 735 679 783; x_wconf 89' lang='lat' dir='ltr'>ereptus</span> <span class='ocrx_word' id='word_1_57' title='bbox 710 744 734 769; x_wconf 89' lang='lat' dir='ltr'>a</span> <span class='ocrx_word' id='word_1_58' title='bbox 764 728 1124 770; x_wconf 79' lang='lat' dir='ltr'>circumstantibus</span> <span class='ocrx_word' id='word_1_59' title='bbox 1149 729 1396 784; x_wconf 82' lang='lat' dir='ltr'>fugiensque</span> <span class='ocrx_word' id='word_1_60' title='bbox 1426 729 1549 770; x_wconf 89' lang='lat' dir='ltr'>fidem</span> <span class='ocrx_word' id='word_1_61' title='bbox 1573 729 1705 784; x_wconf 90' lang='lat' dir='ltr'>plebis</span> 
     </span>
     <span class='ocr_line' id='line_1_10' title="bbox 350 790 1704 845; baseline -0.001 -12"><span class='ocrx_word' id='word_1_62' title='bbox 350 791 563 833; x_wconf 82' lang='lat' dir='ltr'>Romanae</span> <span class='ocrx_word' id='word_1_63' title='bbox 586 790 790 845; x_wconf 86' lang='lat' dir='ltr'>inplorare</span> <span class='ocrx_word' id='word_1_64' title='bbox 816 796 856 831; x_wconf 84' lang='lat' dir='ltr'>et</span> <span class='ocrx_word' id='word_1_65' title='bbox 880 790 1054 845; x_wconf 88' lang='lat' dir='ltr'>opprimi</span> <span class='ocrx_word' id='word_1_66' title='bbox 1079 804 1123 831; x_wconf 91' lang='lat' dir='ltr'>se</span> <span class='ocrx_word' id='word_1_67' title='bbox 1149 805 1352 831; x_wconf 88' lang='lat' dir='ltr'>consensu</span> <span class='ocrx_word' id='word_1_68' title='bbox 1376 797 1537 845; x_wconf 89' lang='lat' dir='ltr'>patrum</span> <span class='ocrx_word' id='word_1_69' title='bbox 1557 791 1704 840; x_wconf 84' lang='lat' dir='ltr'>dicere,</span> 
     </span>
     <span class='ocr_line' id='line_1_11' title="bbox 351 851 1705 907; baseline -0.001 -13"><span class='ocrx_word' id='word_1_70' title='bbox 351 853 462 907; x_wconf 88' lang='lat' dir='ltr'>quod</span> <span class='ocrx_word' id='word_1_71' title='bbox 485 853 596 907; x_wconf 90' lang='lat' dir='ltr'>plebi</span> <span class='ocrx_word' id='word_1_72' title='bbox 619 852 796 907; x_wconf 86' lang='lat' dir='ltr'>benigne</span> <span class='ocrx_word' id='word_1_73' title='bbox 822 851 1002 901; x_wconf 84' lang='lat' dir='ltr'>fecisset,</span> <span class='ocrx_word' id='word_1_74' title='bbox 1030 866 1157 902; x_wconf 86' lang='lat' dir='ltr'>orare,</span> <span class='ocrx_word' id='word_1_75' title='bbox 1185 858 1230 892; x_wconf 89' lang='lat' dir='ltr'>ut</span> <span class='ocrx_word' id='word_1_76' title='bbox 1253 867 1374 906; x_wconf 90' lang='lat' dir='ltr'>opem</span> <span class='ocrx_word' id='word_1_77' title='bbox 1400 852 1478 894; x_wconf 86' lang='lat' dir='ltr'>sibi</span> <span class='ocrx_word' id='word_1_78' title='bbox 1503 852 1645 894; x_wconf 85' lang='lat' dir='ltr'>ultimo</span> <span class='ocrx_word' id='word_1_79' title='bbox 1664 853 1705 893; x_wconf 90' lang='lat' dir='ltr'>in</span> 
     </span>
     <span class='ocr_line' id='line_1_12' title="bbox 351 913 1704 956; baseline 0 0"><span class='ocrx_word' id='word_1_80' title='bbox 351 915 584 956; x_wconf 83' lang='lat' dir='ltr'>discrimine</span> <span class='ocrx_word' id='word_1_81' title='bbox 608 914 762 955; x_wconf 85' lang='lat' dir='ltr'>ferrent</span> <span class='ocrx_word' id='word_1_82' title='bbox 785 928 889 955; x_wconf 77' lang='lat' dir='ltr'>neve</span> <span class='ocrx_word' id='word_1_83' title='bbox 909 920 1001 954; x_wconf 88' lang='lat' dir='ltr'>ante</span> <span class='ocrx_word' id='word_1_84' title='bbox 1021 913 1162 955; x_wconf 94' lang='grc'>0011105</span> <span class='ocrx_word' id='word_1_85' title='bbox 1184 929 1281 955; x_wconf 88' lang='grc'>51105</span> <span class='ocrx_word' id='word_1_86' title='bbox 1302 914 1494 955; x_wconf 88' lang='lat' dir='ltr'>trucidari</span> <span class='ocrx_word' id='word_1_87' title='bbox 1513 914 1704 956; x_wconf 89' lang='lat' dir='ltr'>sinerent.</span> 
     </span>
     <span class='ocr_line' id='line_1_13' title="bbox 351 975 1706 1018; baseline 0 0"><span class='ocrx_word' id='word_1_88' title='bbox 351 977 453 1018; x_wconf 89' lang='lat' dir='ltr'>haec</span> <span class='ocrx_word' id='word_1_89' title='bbox 490 991 584 1017; x_wconf 90' lang='lat' dir='ltr'>eum</span> <span class='ocrx_word' id='word_1_90' title='bbox 620 975 916 1017; x_wconf 72' lang='lat' dir='ltr'>vociferantem</span> <span class='ocrx_word' id='word_1_91' title='bbox 959 976 1179 1017; x_wconf 90' lang='lat' dir='ltr'>adsecutus</span> <span class='ocrx_word' id='word_1_92' title='bbox 1215 975 1355 1017; x_wconf 86' lang='lat' dir='ltr'>Ahala</span> <span class='ocrx_word' id='word_1_93' title='bbox 1392 975 1592 1018; x_wconf 81' lang='lat' dir='ltr'>Servilius</span> <span class='ocrx_word' id='word_1_94' title='bbox 1634 976 1706 1018; x_wconf 92' lang='lat' dir='ltr'>ob-</span> 
     </span>
     <span class='ocr_line' id='line_1_14' title="bbox 349 1037 1708 1093; baseline 0 -14"><span class='ocrx_word' id='word_1_95' title='bbox 349 1045 509 1080; x_wconf 86' lang='lat' dir='ltr'>truncat</span> <span class='ocrx_word' id='word_1_96' title='bbox 532 1052 834 1092; x_wconf 85' lang='lat' dir='ltr'>respersusque</span> <span class='ocrx_word' id='word_1_97' title='bbox 865 1051 1008 1078; x_wconf 91' lang='lat' dir='ltr'>cruore</span> <span class='ocrx_word' id='word_1_98' title='bbox 1045 1037 1292 1088; x_wconf 89' lang='lat' dir='ltr'>obtruncati,</span> <span class='ocrx_word' id='word_1_99' title='bbox 1332 1038 1506 1093; x_wconf 87' lang='lat' dir='ltr'>stipatus</span> <span class='ocrx_word' id='word_1_100' title='bbox 1543 1045 1708 1079; x_wconf 85' lang='lat' dir='ltr'>caterva.</span> 
     </span>
     <span class='ocr_line' id='line_1_15' title="bbox 349 1099 1706 1154; baseline -0.001 -14"><span class='ocrx_word' id='word_1_101' title='bbox 349 1101 612 1154; x_wconf 90' lang='lat' dir='ltr'>patriciorum</span> <span class='ocrx_word' id='word_1_102' title='bbox 635 1100 844 1148; x_wconf 75' lang='lat' dir='ltr'>iuvenum,</span> <span class='ocrx_word' id='word_1_103' title='bbox 871 1099 1059 1140; x_wconf 86' lang='lat' dir='ltr'>dictatori</span> <span class='ocrx_word' id='word_1_104' title='bbox 1082 1099 1298 1149; x_wconf 88' lang='lat' dir='ltr'>renuntiat,</span> <span class='ocrx_word' id='word_1_105' title='bbox 1324 1106 1515 1141; x_wconf 71' lang='lat' dir='ltr'>vocatum</span> <span class='ocrx_word' id='word_1_106' title='bbox 1535 1100 1587 1140; x_wconf 89' lang='lat' dir='ltr'>ad</span> <span class='ocrx_word' id='word_1_107' title='bbox 1611 1114 1706 1140; x_wconf 88' lang='lat' dir='ltr'>eum</span> 
     </span>
     <span class='ocr_line' id='line_1_16' title="bbox 350 1161 1704 1215; baseline -0.001 -13"><span class='ocrx_word' id='word_1_108' title='bbox 350 1161 552 1202; x_wconf 90' lang='lat' dir='ltr'>Maelium</span> <span class='ocrx_word' id='word_1_109' title='bbox 598 1161 764 1215; x_wconf 89' lang='lat' dir='ltr'>repulso</span> <span class='ocrx_word' id='word_1_110' title='bbox 811 1161 1040 1215; x_wconf 81' lang='lat' dir='ltr'>apparitore</span> <span class='ocrx_word' id='word_1_111' title='bbox 1088 1161 1361 1202; x_wconf 83' lang='lat' dir='ltr'>concitantem</span> <span class='ocrx_word' id='word_1_112' title='bbox 1402 1161 1704 1201; x_wconf 76' lang='lat' dir='ltr'>multitudinem</span> 
     </span>
     <span class='ocr_line' id='line_1_17' title="bbox 351 1221 1705 1278; baseline 0 -15"><span class='ocrx_word' id='word_1_113' title='bbox 351 1237 525 1278; x_wconf 91' lang='lat' dir='ltr'>poenam</span> <span class='ocrx_word' id='word_1_114' title='bbox 549 1223 737 1263; x_wconf 90' lang='lat' dir='ltr'>meritam</span> <span class='ocrx_word' id='word_1_115' title='bbox 761 1221 924 1262; x_wconf 86' lang='lat' dir='ltr'>habere.</span> <span class='ocrx_word' id='word_1_116' title='bbox 957 1228 1045 1262; x_wconf 90' lang='lat' dir='ltr'>tum</span> <span class='ocrx_word' id='word_1_117' title='bbox 1069 1222 1242 1263; x_wconf 83' lang='lat' dir='ltr'>dictator</span> <span class='ocrx_word' id='word_1_118' title='bbox 1267 1226 1418 1263; x_wconf 86' lang='lat' dir='ltr'>‘macte</span> <span class='ocrx_word' id='word_1_119' title='bbox 1443 1221 1619 1272; x_wconf 75' lang='lat' dir='ltr'>virtute,’</span> <span class='ocrx_word' id='word_1_120' title='bbox 1642 1223 1705 1262; x_wconf 89' lang='lat' dir='ltr'>in-</span> 
     </span>
     <span class='ocr_line' id='line_1_18' title="bbox 349 1283 1325 1338; baseline 0 -13"><span class='ocrx_word' id='word_1_121' title='bbox 349 1285 436 1338; x_wconf 86' lang='lat' dir='ltr'>quit</span> <span class='ocrx_word' id='word_1_122' title='bbox 462 1284 529 1326; x_wconf 82' lang='lat' dir='ltr'>‘C.</span> <span class='ocrx_word' id='word_1_123' title='bbox 558 1283 719 1332; x_wconf 73' lang='lat' dir='ltr'>Servili,</span> <span class='ocrx_word' id='word_1_124' title='bbox 747 1290 834 1325; x_wconf 88' lang='lat' dir='ltr'>esto</span> <span class='ocrx_word' id='word_1_125' title='bbox 858 1283 1031 1325; x_wconf 84' lang='lat' dir='ltr'>liberata</span> <span class='ocrx_word' id='word_1_126' title='bbox 1054 1298 1098 1324; x_wconf 92' lang='lat' dir='ltr'>re</span> <span class='ocrx_word' id='word_1_127' title='bbox 1122 1284 1325 1338; x_wconf 77' lang='lat' dir='ltr'>publical&#39;</span> 
     </span>
    </p>

    <p class='ocr_par' dir='ltr' id='par_1_4' title="bbox 347 1345 1705 1830">
     <span class='ocr_line' id='line_1_19' title="bbox 433 1345 1705 1387; baseline -0.001 0"><span class='ocrx_word' id='word_1_128' title='bbox 433 1346 534 1387; x_wconf 87' lang='lat' dir='ltr'>XV.</span> <span class='ocrx_word' id='word_1_129' title='bbox 579 1345 917 1386; x_wconf 85' lang='lat' dir='ltr'>Tumultuantcm</span> <span class='ocrx_word' id='word_1_130' title='bbox 943 1345 1090 1386; x_wconf 86' lang='lat' dir='ltr'>deinde</span> <span class='ocrx_word' id='word_1_131' title='bbox 1115 1345 1419 1386; x_wconf 87' lang='lat' dir='ltr'>multitudinem</span> <span class='ocrx_word' id='word_1_132' title='bbox 1443 1346 1596 1386; x_wconf 88' lang='lat' dir='ltr'>incerta</span> <span class='ocrx_word' id='word_1_133' title='bbox 1621 1345 1705 1386; x_wconf 82' lang='lat' dir='ltr'>exi-</span> 
     </span>
     <span class='ocr_line' id='line_1_20' title="bbox 350 1406 1702 1450; baseline -0.001 -1"><span class='ocrx_word' id='word_1_134' title='bbox 350 1408 579 1450; x_wconf 82' lang='lat' dir='ltr'>stimatione</span> <span class='ocrx_word' id='word_1_135' title='bbox 609 1407 708 1448; x_wconf 86' lang='lat' dir='ltr'>facti</span> <span class='ocrx_word' id='word_1_136' title='bbox 744 1407 796 1447; x_wconf 88' lang='lat' dir='ltr'>ad</span> <span class='ocrx_word' id='word_1_137' title='bbox 833 1407 1064 1448; x_wconf 89' lang='lat' dir='ltr'>contionem</span> <span class='ocrx_word' id='word_1_138' title='bbox 1100 1422 1247 1448; x_wconf 72' lang='lat' dir='ltr'>vocare</span> <span class='ocrx_word' id='word_1_139' title='bbox 1283 1408 1403 1448; x_wconf 88' lang='lat' dir='ltr'>iussit</span> <span class='ocrx_word' id='word_1_140' title='bbox 1433 1413 1472 1448; x_wconf 90' lang='lat' dir='ltr'>ct</span> <span class='ocrx_word' id='word_1_141' title='bbox 1501 1406 1702 1448; x_wconf 87' lang='lat' dir='ltr'>Maelium</span> 
     </span>
     <span class='ocr_line' id='line_1_21' title="bbox 349 1468 1702 1524; baseline -0.001 -14"><span class='ocrx_word' id='word_1_142' title='bbox 349 1470 435 1510; x_wconf 89' lang='lat' dir='ltr'>iure</span> <span class='ocrx_word' id='word_1_143' title='bbox 466 1484 632 1510; x_wconf 88' lang='lat' dir='ltr'>caesum</span> <span class='ocrx_word' id='word_1_144' title='bbox 662 1468 958 1523; x_wconf 82' lang='lat' dir='ltr'>pronuntiavit,</span> <span class='ocrx_word' id='word_1_145' title='bbox 995 1469 1118 1510; x_wconf 84' lang='lat' dir='ltr'>etiam</span> <span class='ocrx_word' id='word_1_146' title='bbox 1151 1469 1185 1509; x_wconf 88' lang='lat' dir='ltr'>si</span> <span class='ocrx_word' id='word_1_147' title='bbox 1214 1469 1331 1524; x_wconf 83' lang='lat' dir='ltr'>regni</span> <span class='ocrx_word' id='word_1_148' title='bbox 1363 1469 1530 1510; x_wconf 91' lang='lat' dir='ltr'>crimine</span> <span class='ocrx_word' id='word_1_149' title='bbox 1560 1469 1702 1510; x_wconf 88' lang='lat' dir='ltr'>insons</span> 
     </span>
     <span class='ocr_line' id='line_1_22' title="bbox 350 1530 1703 1585; baseline -0.001 -14"><span class='ocrx_word' id='word_1_150' title='bbox 350 1531 482 1579; x_wconf 86' lang='lat' dir='ltr'>fucrit,</span> <span class='ocrx_word' id='word_1_151' title='bbox 510 1531 581 1584; x_wconf 86' lang='lat' dir='ltr'>qui</span> <span class='ocrx_word' id='word_1_152' title='bbox 605 1536 773 1571; x_wconf 78' lang='lat' dir='ltr'>vocatus</span> <span class='ocrx_word' id='word_1_153' title='bbox 801 1546 824 1570; x_wconf 88' lang='lat' dir='ltr'>a</span> <span class='ocrx_word' id='word_1_154' title='bbox 848 1530 1045 1585; x_wconf 81' lang='lat' dir='ltr'>magistro</span> <span class='ocrx_word' id='word_1_155' title='bbox 1071 1530 1254 1583; x_wconf 88' lang='lat' dir='ltr'>equitum</span> <span class='ocrx_word' id='word_1_156' title='bbox 1278 1531 1331 1570; x_wconf 90' lang='lat' dir='ltr'>ad</span> <span class='ocrx_word' id='word_1_157' title='bbox 1356 1530 1595 1571; x_wconf 87' lang='lat' dir='ltr'>dictatorem</span> <span class='ocrx_word' id='word_1_158' title='bbox 1620 1545 1703 1571; x_wconf 88' lang='grc'>11011</span> 
     </span>
     <span class='ocr_line' id='line_1_23' title="bbox 352 1592 1702 1646; baseline -0.001 -13"><span class='ocrx_word' id='word_1_159' title='bbox 352 1593 543 1633; x_wconf 73' lang='lat' dir='ltr'>venisset.</span> <span class='ocrx_word' id='word_1_160' title='bbox 601 1606 644 1632; x_wconf 86' lang='grc'>50</span> <span class='ocrx_word' id='word_1_161' title='bbox 676 1592 728 1632; x_wconf 88' lang='lat' dir='ltr'>ad</span> <span class='ocrx_word' id='word_1_162' title='bbox 758 1606 924 1632; x_wconf 89' lang='lat' dir='ltr'>causam</span> <span class='ocrx_word' id='word_1_163' title='bbox 962 1592 1291 1646; x_wconf 84' lang='lat' dir='ltr'>cognoscendam</span> <span class='ocrx_word' id='word_1_164' title='bbox 1328 1592 1583 1641; x_wconf 85' lang='lat' dir='ltr'>consedisse,</span> <span class='ocrx_word' id='word_1_165' title='bbox 1621 1606 1702 1644; x_wconf 84' lang='lat' dir='ltr'>qua</span> 
     </span>
     <span class='ocr_line' id='line_1_24' title="bbox 348 1652 1702 1709; baseline -0.001 -15"><span class='ocrx_word' id='word_1_166' title='bbox 348 1654 512 1709; x_wconf 84' lang='lat' dir='ltr'>cognita</span> <span class='ocrx_word' id='word_1_167' title='bbox 540 1653 775 1694; x_wconf 88' lang='lat' dir='ltr'>habiturum</span> <span class='ocrx_word' id='word_1_168' title='bbox 805 1652 936 1693; x_wconf 90' lang='lat' dir='ltr'>fuisse</span> <span class='ocrx_word' id='word_1_169' title='bbox 960 1653 1161 1693; x_wconf 86' lang='lat' dir='ltr'>Maelium</span> <span class='ocrx_word' id='word_1_170' title='bbox 1194 1653 1368 1693; x_wconf 86' lang='lat' dir='ltr'>similem</span> <span class='ocrx_word' id='word_1_171' title='bbox 1400 1668 1548 1694; x_wconf 86' lang='lat' dir='ltr'>causae</span> <span class='ocrx_word' id='word_1_172' title='bbox 1573 1653 1702 1694; x_wconf 83' lang='lat' dir='ltr'>fortu-</span> 
     </span>
     <span class='ocr_line' id='line_1_25' title="bbox 348 1714 1702 1769; baseline 0 -13"><span class='ocrx_word' id='word_1_173' title='bbox 348 1731 441 1756; x_wconf 90' lang='lat' dir='ltr'>nam</span> <span class='ocrx_word' id='word_1_174' title='bbox 451 1731 462 1765; x_wconf 90' lang='lat'>;</span> <span class='ocrx_word' id='word_1_175' title='bbox 498 1715 582 1755; x_wconf 73' lang='lat' dir='ltr'>vim</span> <span class='ocrx_word' id='word_1_176' title='bbox 606 1720 837 1769; x_wconf 89' lang='lat' dir='ltr'>parantem,</span> <span class='ocrx_word' id='word_1_177' title='bbox 875 1729 927 1755; x_wconf 90' lang='lat' dir='ltr'>ne</span> <span class='ocrx_word' id='word_1_178' title='bbox 952 1714 1104 1754; x_wconf 85' lang='lat' dir='ltr'>iudicio</span> <span class='ocrx_word' id='word_1_179' title='bbox 1130 1728 1173 1755; x_wconf 90' lang='grc'>50</span> <span class='ocrx_word' id='word_1_180' title='bbox 1199 1715 1486 1764; x_wconf 88' lang='lat' dir='ltr'>committeret,</span> <span class='ocrx_word' id='word_1_181' title='bbox 1524 1715 1565 1754; x_wconf 64' lang='lat' dir='ltr'>vi</span> <span class='ocrx_word' id='word_1_182' title='bbox 1590 1729 1702 1756; x_wconf 90' lang='lat' dir='ltr'>coer-</span> 
     </span>
     <span class='ocr_line' id='line_1_26' title="bbox 347 1776 1702 1830; baseline -0.001 -12"><span class='ocrx_word' id='word_1_183' title='bbox 347 1778 471 1818; x_wconf 86' lang='lat' dir='ltr'>citum</span> <span class='ocrx_word' id='word_1_184' title='bbox 508 1791 611 1817; x_wconf 85' lang='lat' dir='ltr'>csse.</span> <span class='ocrx_word' id='word_1_185' title='bbox 666 1790 742 1816; x_wconf 91' lang='lat' dir='ltr'>nec</span> <span class='ocrx_word' id='word_1_186' title='bbox 779 1790 872 1817; x_wconf 91' lang='lat' dir='ltr'>cum</span> <span class='ocrx_word' id='word_1_187' title='bbox 909 1791 956 1817; x_wconf 89' lang='lat' dir='ltr'>eo</span> <span class='ocrx_word' id='word_1_188' title='bbox 992 1784 1203 1829; x_wconf 88' lang='lat' dir='ltr'>tamquam</span> <span class='ocrx_word' id='word_1_189' title='bbox 1240 1790 1334 1816; x_wconf 90' lang='lat' dir='ltr'>cum</span> <span class='ocrx_word' id='word_1_190' title='bbox 1371 1776 1459 1816; x_wconf 78' lang='lat' dir='ltr'>cive</span> <span class='ocrx_word' id='word_1_191' title='bbox 1496 1776 1702 1830; x_wconf 84' lang='lat' dir='ltr'>agendum</span> 
     </span>
    </p>
   </div>
   <div class='ocr_carea' id='block_1_4' title="bbox 303 1837 1702 1892">
    <p class='ocr_par' dir='ltr' id='par_1_5' title="bbox 303 1837 1702 1892">
     <span class='ocr_line' id='line_1_27' title="bbox 303 1837 1702 1892; baseline -0.001 -12"><span class='ocrx_word' id='word_1_192' title='bbox 303 1855 319 1881; x_wconf 69' lang='lat'>:3</span> <span class='ocrx_word' id='word_1_193' title='bbox 346 1839 493 1888; x_wconf 85' lang='lat' dir='ltr'>fuisse,</span> <span class='ocrx_word' id='word_1_194' title='bbox 525 1838 596 1892; x_wconf 85' lang='lat' dir='ltr'>qui</span> <span class='ocrx_word' id='word_1_195' title='bbox 620 1844 740 1878; x_wconf 91' lang='lat' dir='ltr'>natus</span> <span class='ocrx_word' id='word_1_196' title='bbox 765 1837 808 1877; x_wconf 91' lang='lat' dir='ltr'>in</span> <span class='ocrx_word' id='word_1_197' title='bbox 831 1837 959 1878; x_wconf 85' lang='lat' dir='ltr'>libero</span> <span class='ocrx_word' id='word_1_198' title='bbox 983 1837 1137 1892; x_wconf 89' lang='lat' dir='ltr'>populo</span> <span class='ocrx_word' id='word_1_199' title='bbox 1161 1837 1267 1878; x_wconf 87' lang='lat' dir='ltr'>inter</span> <span class='ocrx_word' id='word_1_200' title='bbox 1290 1837 1379 1877; x_wconf 90' lang='lat' dir='ltr'>iura</span> <span class='ocrx_word' id='word_1_201' title='bbox 1403 1837 1618 1892; x_wconf 85' lang='lat' dir='ltr'>legesque,</span> <span class='ocrx_word' id='word_1_202' title='bbox 1651 1851 1702 1878; x_wconf 88' lang='lat' dir='ltr'>ex</span> 
     </span>
    </p>
   </div>
   <div class='ocr_carea' id='block_1_5' title="bbox 343 1899 1701 2696">
    <p class='ocr_par' dir='ltr' id='par_1_6' title="bbox 343 1899 1701 2696">
     <span class='ocr_line' id='line_1_28' title="bbox 346 1899 1700 1955; baseline -0.002 -13"><span class='ocrx_word' id='word_1_203' title='bbox 346 1916 426 1955; x_wconf 84' lang='lat' dir='ltr'>qua</span> <span class='ocrx_word' id='word_1_204' title='bbox 450 1900 551 1942; x_wconf 89' lang='lat' dir='ltr'>urbe</span> <span class='ocrx_word' id='word_1_205' title='bbox 575 1915 695 1955; x_wconf 83' lang='lat' dir='ltr'>reges</span> <span class='ocrx_word' id='word_1_206' title='bbox 723 1908 890 1941; x_wconf 78' lang='lat' dir='ltr'>exactos</span> <span class='ocrx_word' id='word_1_207' title='bbox 911 1899 1032 1940; x_wconf 89' lang='lat' dir='ltr'>sciret</span> <span class='ocrx_word' id='word_1_208' title='bbox 1052 1900 1277 1952; x_wconf 90' lang='lat' dir='ltr'>eodemque</span> <span class='ocrx_word' id='word_1_209' title='bbox 1298 1914 1405 1940; x_wconf 91' lang='lat' dir='ltr'>anno</span> <span class='ocrx_word' id='word_1_210' title='bbox 1425 1899 1575 1940; x_wconf 88' lang='lat' dir='ltr'>sororis</span> <span class='ocrx_word' id='word_1_211' title='bbox 1594 1899 1700 1940; x_wconf 89' lang='lat' dir='ltr'>filios</span> 
     </span>
     <span class='ocr_line' id='line_1_29' title="bbox 346 1961 1701 2018; baseline -0.001 -15"><span class='ocrx_word' id='word_1_212' title='bbox 346 1964 453 2018; x_wconf 86' lang='lat' dir='ltr'>regis</span> <span class='ocrx_word' id='word_1_213' title='bbox 474 1969 514 2003; x_wconf 87' lang='lat' dir='ltr'>et</span> <span class='ocrx_word' id='word_1_214' title='bbox 531 1962 681 2004; x_wconf 91' lang='lat' dir='ltr'>liberos</span> <span class='ocrx_word' id='word_1_215' title='bbox 701 1962 894 2011; x_wconf 88' lang='lat' dir='ltr'>consulis,</span> <span class='ocrx_word' id='word_1_216' title='bbox 920 1961 1148 2003; x_wconf 87' lang='lat' dir='ltr'>liberatoris</span> <span class='ocrx_word' id='word_1_217' title='bbox 1167 1961 1335 2016; x_wconf 87' lang='lat' dir='ltr'>patriae,</span> <span class='ocrx_word' id='word_1_218' title='bbox 1361 1967 1528 2016; x_wconf 83' lang='lat' dir='ltr'>propter</span> <span class='ocrx_word' id='word_1_219' title='bbox 1545 1961 1701 2016; x_wconf 90' lang='lat' dir='ltr'>pactio-</span> 
     </span>
     <span class='ocr_line' id='line_1_30' title="bbox 346 2023 1699 2079; baseline -0.001 -15"><span class='ocrx_word' id='word_1_220' title='bbox 346 2039 438 2066; x_wconf 88' lang='lat' dir='ltr'>nem</span> <span class='ocrx_word' id='word_1_221' title='bbox 468 2025 690 2065; x_wconf 88' lang='lat' dir='ltr'>indicatam</span> <span class='ocrx_word' id='word_1_222' title='bbox 725 2024 1053 2078; x_wconf 91' lang='lat' dir='ltr'>recipiendorum</span> <span class='ocrx_word' id='word_1_223' title='bbox 1088 2023 1132 2063; x_wconf 89' lang='lat' dir='ltr'>in</span> <span class='ocrx_word' id='word_1_224' title='bbox 1168 2023 1312 2064; x_wconf 90' lang='lat' dir='ltr'>urbem</span> <span class='ocrx_word' id='word_1_225' title='bbox 1346 2038 1491 2079; x_wconf 86' lang='lat' dir='ltr'>regum</span> <span class='ocrx_word' id='word_1_226' title='bbox 1527 2038 1551 2064; x_wconf 91' lang='lat' dir='ltr'>a</span> <span class='ocrx_word' id='word_1_227' title='bbox 1585 2029 1699 2077; x_wconf 90' lang='lat' dir='ltr'>patre</span> 
     </span>
     <span class='ocr_line' id='line_1_31' title="bbox 345 2084 1700 2141; baseline -0.002 -13"><span class='ocrx_word' id='word_1_228' title='bbox 345 2087 478 2128; x_wconf 89' lang='lat' dir='ltr'>securi</span> <span class='ocrx_word' id='word_1_229' title='bbox 514 2101 605 2128; x_wconf 89' lang='lat' dir='ltr'>esse</span> <span class='ocrx_word' id='word_1_230' title='bbox 640 2101 878 2141; x_wconf 87' lang='lat' dir='ltr'>percussos,</span> <span class='ocrx_word' id='word_1_231' title='bbox 921 2101 973 2126; x_wconf 81' lang='lat' dir='ltr'>ex</span> <span class='ocrx_word' id='word_1_232' title='bbox 1008 2100 1090 2139; x_wconf 86' lang='lat' dir='ltr'>qua</span> <span class='ocrx_word' id='word_1_233' title='bbox 1127 2084 1392 2126; x_wconf 89' lang='lat' dir='ltr'>Conlatinum</span> <span class='ocrx_word' id='word_1_234' title='bbox 1428 2085 1700 2139; x_wconf 87' lang='lat' dir='ltr'>Tarquinium</span> 
     </span>
     <span class='ocr_line' id='line_1_32' title="bbox 345 2147 1699 2203; baseline -0.001 -14"><span class='ocrx_word' id='word_1_235' title='bbox 345 2148 556 2189; x_wconf 90' lang='lat' dir='ltr'>consulem</span> <span class='ocrx_word' id='word_1_236' title='bbox 581 2148 757 2189; x_wconf 89' lang='lat' dir='ltr'>nominis</span> <span class='ocrx_word' id='word_1_237' title='bbox 784 2148 877 2189; x_wconf 91' lang='lat' dir='ltr'>odio</span> <span class='ocrx_word' id='word_1_238' title='bbox 905 2147 1096 2189; x_wconf 86' lang='lat' dir='ltr'>abdicare</span> <span class='ocrx_word' id='word_1_239' title='bbox 1122 2161 1165 2188; x_wconf 92' lang='lat' dir='ltr'>se</span> <span class='ocrx_word' id='word_1_240' title='bbox 1191 2147 1433 2203; x_wconf 84' lang='lat' dir='ltr'>magistratu</span> <span class='ocrx_word' id='word_1_241' title='bbox 1458 2153 1580 2200; x_wconf 90' lang='lat' dir='ltr'>atque</span> <span class='ocrx_word' id='word_1_242' title='bbox 1600 2162 1699 2187; x_wconf 80' lang='lat' dir='ltr'>exu-</span> 
     </span>
     <span class='ocr_line' id='line_1_33' title="bbox 344 2208 1698 2265; baseline -0.001 -14"><span class='ocrx_word' id='word_1_243' title='bbox 344 2211 428 2252; x_wconf 87' lang='lat' dir='ltr'>lare</span> <span class='ocrx_word' id='word_1_244' title='bbox 451 2211 632 2260; x_wconf 89' lang='lat' dir='ltr'>iussum,</span> <span class='ocrx_word' id='word_1_245' title='bbox 670 2211 711 2251; x_wconf 88' lang='lat' dir='ltr'>in</span> <span class='ocrx_word' id='word_1_246' title='bbox 736 2225 818 2264; x_wconf 86' lang='lat' dir='ltr'>qua</span> <span class='ocrx_word' id='word_1_247' title='bbox 843 2211 893 2251; x_wconf 86' lang='lat' dir='ltr'>dc</span> <span class='ocrx_word' id='word_1_248' title='bbox 921 2209 1072 2265; x_wconf 85' lang='lat' dir='ltr'>Spurio</span> <span class='ocrx_word' id='word_1_249' title='bbox 1101 2208 1249 2251; x_wconf 88' lang='lat' dir='ltr'>Cassio</span> <span class='ocrx_word' id='word_1_250' title='bbox 1274 2216 1365 2264; x_wconf 90' lang='lat' dir='ltr'>post</span> <span class='ocrx_word' id='word_1_251' title='bbox 1391 2209 1545 2263; x_wconf 87' lang='lat' dir='ltr'>aliquot</span> <span class='ocrx_word' id='word_1_252' title='bbox 1569 2225 1698 2251; x_wconf 89' lang='lat' dir='ltr'>annos</span> 
     </span>
     <span class='ocr_line' id='line_1_34' title="bbox 345 2271 1698 2328; baseline -0.001 -16"><span class='ocrx_word' id='word_1_253' title='bbox 345 2280 509 2327; x_wconf 85' lang='lat' dir='ltr'>propter</span> <span class='ocrx_word' id='word_1_254' title='bbox 539 2273 709 2314; x_wconf 89' lang='lat' dir='ltr'>consilia</span> <span class='ocrx_word' id='word_1_255' title='bbox 739 2273 839 2313; x_wconf 82' lang='lat' dir='ltr'>inita</span> <span class='ocrx_word' id='word_1_256' title='bbox 869 2273 919 2313; x_wconf 90' lang='lat' dir='ltr'>dc</span> <span class='ocrx_word' id='word_1_257' title='bbox 948 2287 1076 2328; x_wconf 83' lang='lat' dir='ltr'>regno</span> <span class='ocrx_word' id='word_1_258' title='bbox 1109 2273 1355 2327; x_wconf 90' lang='lat' dir='ltr'>supplicium</span> <span class='ocrx_word' id='word_1_259' title='bbox 1392 2277 1619 2326; x_wconf 85' lang='lat' dir='ltr'>sumptum,</span> <span class='ocrx_word' id='word_1_260' title='bbox 1656 2271 1698 2311; x_wconf 91' lang='lat' dir='ltr'>in</span> 
     </span>
     <span class='ocr_line' id='line_1_35' title="bbox 344 2332 1697 2389; baseline 0 -16"><span class='ocrx_word' id='word_1_261' title='bbox 344 2349 425 2387; x_wconf 87' lang='lat' dir='ltr'>qua</span> <span class='ocrx_word' id='word_1_262' title='bbox 455 2349 586 2389; x_wconf 88' lang='lat' dir='ltr'>nuper</span> <span class='ocrx_word' id='word_1_263' title='bbox 615 2335 870 2375; x_wconf 74' lang='lat' dir='ltr'>decemviros</span> <span class='ocrx_word' id='word_1_264' title='bbox 901 2334 1040 2384; x_wconf 88' lang='lat' dir='ltr'>bonis,</span> <span class='ocrx_word' id='word_1_265' title='bbox 1079 2334 1219 2383; x_wconf 82' lang='lat' dir='ltr'>exilio,</span> <span class='ocrx_word' id='word_1_266' title='bbox 1257 2333 1389 2388; x_wconf 86' lang='lat' dir='ltr'>capite</span> <span class='ocrx_word' id='word_1_267' title='bbox 1418 2333 1613 2374; x_wconf 87' lang='lat' dir='ltr'>multatos</span> <span class='ocrx_word' id='word_1_268' title='bbox 1645 2332 1697 2373; x_wconf 90' lang='lat' dir='ltr'>ob</span> 
     </span>
     <span class='ocr_line' id='line_1_36' title="bbox 345 2394 1698 2451; baseline -0.001 -15"><span class='ocrx_word' id='word_1_269' title='bbox 345 2395 577 2450; x_wconf 89' lang='lat' dir='ltr'>superbiam</span> <span class='ocrx_word' id='word_1_270' title='bbox 602 2396 759 2451; x_wconf 81' lang='lat' dir='ltr'>regiam</span> <span class='ocrx_word' id='word_1_271' title='bbox 778 2422 832 2425; x_wconf 97' lang='lat'><strong>—</strong></span> <span class='ocrx_word' id='word_1_272' title='bbox 851 2396 893 2436; x_wconf 92' lang='lat' dir='ltr'>in</span> <span class='ocrx_word' id='word_1_273' title='bbox 917 2411 966 2436; x_wconf 89' lang='lat' dir='ltr'>ea</span> <span class='ocrx_word' id='word_1_274' title='bbox 988 2394 1061 2450; x_wconf 84' lang='lat' dir='ltr'>Sp.</span> <span class='ocrx_word' id='word_1_275' title='bbox 1075 2395 1255 2437; x_wconf 82' lang='lat' dir='ltr'>Maelius</span> <span class='ocrx_word' id='word_1_276' title='bbox 1282 2410 1398 2450; x_wconf 89' lang='lat' dir='ltr'>spem</span> <span class='ocrx_word' id='word_1_277' title='bbox 1416 2394 1533 2450; x_wconf 81' lang='lat' dir='ltr'>regni</span> <span class='ocrx_word' id='word_1_278' title='bbox 1553 2408 1698 2435; x_wconf 89' lang='lat' dir='ltr'>conce-</span> 
     </span>
     <span class='ocr_line' id='line_1_37' title="bbox 344 2455 1696 2511; baseline -0.001 -14"><span class='ocrx_word' id='word_1_279' title='bbox 344 2458 459 2511; x_wconf 88' lang='lat' dir='ltr'>perit.</span> <span class='ocrx_word' id='word_1_280' title='bbox 498 2458 642 2511; x_wconf 87' lang='lat' dir='ltr'>etquis</span> <span class='ocrx_word' id='word_1_281' title='bbox 657 2458 805 2499; x_wconf 82' lang='lat' dir='ltr'>homo?</span> <span class='ocrx_word' id='word_1_282' title='bbox 829 2472 1079 2511; x_wconf 86' lang='lat' dir='ltr'>quamquam</span> <span class='ocrx_word' id='word_1_283' title='bbox 1098 2458 1252 2498; x_wconf 88' lang='lat' dir='ltr'>nullam</span> <span class='ocrx_word' id='word_1_284' title='bbox 1271 2457 1537 2506; x_wconf 88' lang='lat' dir='ltr'>nobilitatem,</span> <span class='ocrx_word' id='word_1_285' title='bbox 1562 2455 1696 2496; x_wconf 85' lang='lat' dir='ltr'>nullos</span> 
     </span>
     <span class='ocr_line' id='line_1_38' title="bbox 343 2518 1695 2573; baseline -0.002 -14"><span class='ocrx_word' id='word_1_286' title='bbox 343 2519 537 2569; x_wconf 89' lang='lat' dir='ltr'>honores,</span> <span class='ocrx_word' id='word_1_287' title='bbox 567 2520 681 2560; x_wconf 87' lang='lat' dir='ltr'>nulla</span> <span class='ocrx_word' id='word_1_288' title='bbox 705 2520 850 2560; x_wconf 88' lang='lat' dir='ltr'>merita</span> <span class='ocrx_word' id='word_1_289' title='bbox 874 2519 1066 2573; x_wconf 88' lang='lat' dir='ltr'>cuiquam</span> <span class='ocrx_word' id='word_1_290' title='bbox 1092 2520 1144 2560; x_wconf 88' lang='lat' dir='ltr'>ad</span> <span class='ocrx_word' id='word_1_291' title='bbox 1174 2519 1493 2560; x_wconf 89' lang='lat' dir='ltr'>dominationem</span> <span class='ocrx_word' id='word_1_292' title='bbox 1516 2518 1695 2573; x_wconf 87' lang='lat' dir='ltr'>pandere</span> 
     </span>
     <span class='ocr_line' id='line_1_39' title="bbox 344 2580 1695 2631; baseline -0.001 -12"><span class='ocrx_word' id='word_1_293' title='bbox 344 2580 470 2629; x_wconf 80' lang='lat' dir='ltr'>viam3</span> <span class='ocrx_word' id='word_1_294' title='bbox 503 2581 575 2622; x_wconf 88' lang='lat' dir='ltr'>sed</span> <span class='ocrx_word' id='word_1_295' title='bbox 599 2588 738 2622; x_wconf 89' lang='lat' dir='ltr'>tamen</span> <span class='ocrx_word' id='word_1_296' title='bbox 764 2580 980 2631; x_wconf 88' lang='lat' dir='ltr'>Claudios,</span> <span class='ocrx_word' id='word_1_297' title='bbox 1015 2580 1184 2623; x_wconf 87' lang='lat' dir='ltr'>Cassios</span> <span class='ocrx_word' id='word_1_298' title='bbox 1210 2580 1509 2629; x_wconf 88' lang='lat' dir='ltr'>consulatibus,</span> <span class='ocrx_word' id='word_1_299' title='bbox 1535 2581 1695 2620; x_wconf 89' lang='lat' dir='ltr'>dcccm-</span> 
     </span>
     <span class='ocr_line' id='line_1_40' title="bbox 345 2638 1694 2696; baseline -0.002 -16"><span class='ocrx_word' id='word_1_300' title='bbox 345 2641 541 2683; x_wconf 78' lang='lat' dir='ltr'>viratibus</span> <span class='ocrx_word' id='word_1_301' title='bbox 573 2643 659 2683; x_wconf 85' lang='lat' dir='ltr'>suis</span> <span class='ocrx_word' id='word_1_302' title='bbox 685 2643 968 2696; x_wconf 89' lang='lat' dir='ltr'>maiorumque</span> <span class='ocrx_word' id='word_1_303' title='bbox 998 2642 1243 2692; x_wconf 90' lang='lat' dir='ltr'>honoribus,</span> <span class='ocrx_word' id='word_1_304' title='bbox 1281 2641 1496 2696; x_wconf 89' lang='lat' dir='ltr'>splendore</span> <span class='ocrx_word' id='word_1_305' title='bbox 1521 2638 1694 2680; x_wconf 86' lang='lat' dir='ltr'>familia—</span> 
     </span>
    </p>
   </div>
   <div class='ocr_carea' id='block_1_6' title="bbox 302 2700 1692 2758">
    <p class='ocr_par' dir='ltr' id='par_1_7' title="bbox 302 2700 1692 2758">
     <span class='ocr_line' id='line_1_41' title="bbox 302 2700 1692 2758; baseline -0.002 -15"><span class='ocrx_word' id='word_1_306' title='bbox 302 2716 318 2743; x_wconf 69' lang='lat'>0·</span> <span class='ocrx_word' id='word_1_307' title='bbox 346 2717 433 2742; x_wconf 85' lang='lat' dir='ltr'>rum</span> <span class='ocrx_word' id='word_1_308' title='bbox 449 2705 662 2746; x_wconf 86' lang='lat' dir='ltr'>sustulisse</span> <span class='ocrx_word' id='word_1_309' title='bbox 676 2706 846 2755; x_wconf 87' lang='lat' dir='ltr'>animos,</span> <span class='ocrx_word' id='word_1_310' title='bbox 874 2720 955 2758; x_wconf 86' lang='lat' dir='ltr'>quo</span> <span class='ocrx_word' id='word_1_311' title='bbox 968 2705 1086 2746; x_wconf 88' lang='lat' dir='ltr'>nefas</span> <span class='ocrx_word' id='word_1_312' title='bbox 1099 2705 1240 2746; x_wconf 87' lang='lat' dir='ltr'>fuerit:</span> <span class='ocrx_word' id='word_1_313' title='bbox 1269 2702 1463 2758; x_wconf 89' lang='lat' dir='ltr'>Spurium</span> <span class='ocrx_word' id='word_1_314' title='bbox 1479 2700 1692 2750; x_wconf 88' lang='lat' dir='ltr'>Maelium,</span> 
     </span>
    </p>
   </div>
  </div>
 </body>
</html>
