1780 3204
412 253 565 287 LIBER
588 253 643 298 Π,
670 252 813 286 (io—62.
843 255 890 296 [a.
907 250 1133 295 cunam]
1373 244 1450 283 121

186 356 312 398 Varia
336 356 500 398 fortuna
524 356 632 406 belli,
659 356 785 397 atroci
810 355 1014 397 discordia
1039 355 1149 396 domi
1174 354 1355 408 forisque
1383 370 1454 396 an-
1481 370 1497 397 4

100 435 199 459 num
224 424 413 460 exactum
437 419 641 473 insignem
671 418 848 459 maxime
880 418 1044 458 comitia
1074 417 1225 458 tributa
1255 417 1452 466 efficiunt,

98 496 163 521 res
184 480 313 520 maior
330 480 499 520 victoria
519 480 697 534 suseepti
718 479 949 520 certaminis
970 494 1092 532 quam
1107 494 1185 519 usu
1193 495 1204 529 3
1229 479 1322 533 plus
1343 479 1450 519 enim
1478 495 1496 522 a

99 542 308 596 dignitatis
335 541 508 582 comitiis
533 542 633 596 ipsis
660 542 887 582 detractum
913 547 975 581 est
999 540 1183 594 patribus
1204 555 1254 581 ex
1280 541 1452 582 concilio

101 603 393 644 submovendis
436 618 560 656 quam
602 603 750 643 virium
793 609 863 644 aut
903 601 1014 657 plebi
1056 602 1240 643 additum
1283 609 1346 644 est
1381 609 1451 643 aut

99 665 310 719 demptum
333 665 531 719 patribus.

181 726 307 767 LXI.
357 726 650 767 Turbulentior
684 727 778 768 inde
815 741 946 767 annus
990 727 1150 781 excepit
1184 727 1237 767 L.
1269 726 1449 776 Valerio,
1483 742 1492 769 1

98 788 147 829 T.
174 787 355 829 Aemilio
386 789 642 838 consulibus,
681 803 775 829 cum
804 795 970 843 propter
1005 789 1225 829 certamina
1263 789 1451 829 ordinum

97 851 147 890 de
177 850 269 905 lege
300 851 460 905 agraria
490 857 576 891 tum
606 858 772 905 propter
800 851 997 891 iudicium
1021 850 1137 905 Appi
1163 850 1344 900 Claudii,
1383 851 1448 891 cui

96 913 294 953 acerrimo
319 913 552 953 adversario
577 912 680 967 legis
707 927 955 965 causamque
979 927 1268 966 possessorum
1297 912 1452 967 publici

96 973 185 1028 agri
208 980 418 1026 tamquam
443 974 560 1014 tertio
586 974 744 1015 consuli
770 974 988 1015 sustinenti
1011 974 1072 1014 M.
1093 974 1285 1015 Duellius
1312 981 1351 1014 et
1371 973 1449 1014 Cn.

98 1034 258 1075 Siccius
290 1035 397 1075 diem
429 1035 580 1075 dixere.
634 1050 861 1088 numquam
897 1044 990 1076 ante
1026 1042 1110 1076 tam
1145 1036 1304 1076 invisus
1340 1035 1451 1089 plebi
1477 1050 1494 1075 :·.

94 1111 187 1137 reus
214 1097 266 1137 ad
287 1096 486 1136 iudicium
509 1103 680 1137 vocatus
704 1097 847 1150 populi
872 1103 951 1145 est,
977 1097 1124 1150 plenus
1151 1110 1336 1145 suarum,
1363 1096 1450 1150 plc-

94 1173 171 1198 nus
202 1165 463 1212 paternarum
493 1158 656 1198 irarum.
711 1164 848 1211 patres
880 1172 1045 1210 quoque
1080 1172 1164 1198 non
1193 1163 1345 1197 temere
1374 1172 1448 1211 pro
1475 1172 1492 1199 4

96 1219 176 1260 ullo
208 1233 336 1272 aeque
367 1219 500 1260 adnisi
532 1225 643 1259 sunt:
678 1226 1025 1273 propugnatorem
1060 1225 1226 1259 senatus
1257 1218 1450 1259 maiesta-

94 1281 227 1333 tisque
258 1280 462 1320 vindicem
494 1295 610 1328 suae,
648 1281 700 1320 ad
731 1295 874 1320 omnes
906 1280 1146 1321 tribunicios
1181 1279 1449 1334 plebeiosque

92 1341 325 1396 oppositum
350 1342 562 1391 tumultus,
589 1342 758 1383 modum
778 1342 992 1383 dumtaxat
1009 1342 1052 1382 in
1071 1342 1291 1383 certamine
1312 1357 1451 1396 egres-

92 1418 201 1453 sum,
238 1403 364 1444 iratae
389 1404 495 1445 obici
518 1403 642 1459 plebi.
693 1419 798 1445 unus
830 1419 851 1445 e
881 1404 1067 1459 patribus
1097 1404 1186 1459 ipse
1210 1404 1295 1459 Ap.
1324 1404 1449 1445 Clau-
1475 1419 1493 1445 Γ)

90 1465 181 1506 dius
215 1473 252 1506 et
282 1466 466 1507 tribunos
499 1474 538 1507 et
567 1466 731 1520 plebem
762 1473 801 1507 et
833 1482 953 1508 suum
982 1466 1181 1507 iudicium
1216 1482 1290 1521 pro
1321 1467 1449 1507 nihilo

90 1527 279 1569 habebat.
315 1528 432 1569 illum
456 1544 537 1570 non
562 1529 696 1569 minae
721 1529 866 1583 plebis,
893 1544 975 1570 non
1002 1541 1169 1570 senatus
1194 1544 1338 1584 preces
1357 1544 1449 1584 per-

89 1591 240 1645 pellere
264 1606 463 1645 umquam
486 1598 669 1646 potuere,
695 1606 779 1632 non
803 1592 926 1633 modo
944 1598 989 1633 ut
1007 1599 1164 1633 vestem
1185 1598 1358 1632 mutaret
1379 1598 1450 1632 aut

92 1653 266 1707 supplex
288 1661 500 1707 prensaret
524 1653 726 1702 homines,
754 1654 828 1695 sed
851 1668 903 1695 ne
928 1660 972 1694 ut
997 1668 1048 1694 ex
1067 1662 1264 1695 consueta
1282 1653 1449 1706 quidem

91 1714 308 1767 asperitate
334 1715 544 1764 orationis,
571 1730 665 1756 cum
691 1716 743 1756 ad
766 1716 965 1770 populum
991 1716 1153 1771 agenda
1177 1730 1301 1756 causa
1327 1722 1447 1762 esset,

91 1775 245 1828 aliquid
267 1775 411 1816 leniret
435 1783 556 1829 atque
588 1778 856 1818 submitteret.
905 1778 1016 1818 idem
1045 1777 1210 1818 habitus
1243 1777 1342 1825 oris,
1381 1791 1448 1816 ea·
1474 1791 1491 1819 ό

91 1836 186 1876 dem
210 1837 466 1877 contumacia
489 1838 533 1878 in
562 1839 696 1887 vultu,
733 1839 845 1879 idem
874 1839 917 1878 in
942 1839 1123 1879 oratione
1156 1838 1321 1892 spiritus
1348 1843 1445 1886 erat,

91 1897 193 1938 adeo
218 1904 263 1938 ut
292 1913 442 1953 magna
473 1913 568 1952 pars
599 1899 731 1953 plebis
756 1899 944 1954 Appium
973 1915 1056 1940 non
1085 1899 1220 1940 minus
1251 1914 1368 1939 reum
1398 1899 1448 1938 ti-

92 1965 220 1999 meret
245 1973 368 2012 quam
394 1960 604 2000 consulem
629 1961 830 2001 timuerat.
869 1961 996 2001 semel
1021 1975 1188 2001 causam
1213 1961 1333 2009 dixit,
1366 1974 1446 2013 quo
1474 1973 1489 2001 ῖ

93 2034 255 2074 semper
279 2035 401 2075 agere
422 2021 558 2062 omnia
577 2022 721 2063 solitus
743 2028 839 2071 erat,
867 2023 1120 2063 accusatorio
1141 2023 1297 2077 spiritu,
1325 2023 1447 2063 adeo-

90 2095 169 2134 que
195 2083 424 2123 constantia
449 2098 524 2124 sua
548 2090 588 2124 et
612 2083 797 2124 tribunos
824 2083 1099 2138 obstupefecit
1124 2091 1164 2125 et
1188 2084 1369 2138 plebem,
1403 2092 1447 2124 ut
1498 2094 1501 2097 “

90 2143 199 2183 diem
223 2144 303 2198 ipsi
329 2159 404 2185 sua
427 2145 636 2186 voluntate
660 2146 936 2200 prodicerent,
975 2146 1079 2186 trahi
1104 2146 1251 2187 deinde
1281 2161 1368 2187 rem
1394 2147 1447 2188 si-

89 2212 245 2246 nerent.
277 2205 387 2246 haud
411 2206 468 2247 ita
486 2207 660 2247 multum
679 2207 842 2248 interim
861 2207 1056 2262 temporis
1075 2207 1172 2256 fuit3
1198 2214 1291 2249 ante
1312 2214 1447 2250 tamen
1472 2225 1491 2254 8

89 2281 213 2319 quam
231 2268 416 2320 prodicta
429 2268 516 2309 dies
530 2269 698 2318 veniret,
725 2268 868 2310 morbo
889 2269 1071 2309 moritur.
1110 2269 1225 2310 cuius
1246 2284 1339 2310 cum
1357 2270 1445 2312 lau-
1470 2289 1487 2317 υ

89 2327 297 2368 dationem
321 2328 473 2369 tribuni
497 2330 629 2384 plebis
662 2330 861 2385 impedire
892 2337 1154 2380 conarentur,
1192 2331 1309 2385 plebs
1334 2332 1446 2374 frau-

89 2389 177 2429 dari
209 2389 397 2430 sollemni
426 2391 580 2432 honore
613 2407 851 2447 supremum
881 2392 990 2433 diem
1020 2392 1122 2432 tanti
1148 2392 1223 2433 viri
1252 2393 1382 2434 noluit
1406 2402 1446 2436 et

87 2450 364 2492 laudationem
389 2458 472 2493 tam
498 2454 638 2506 aequis
665 2454 831 2495 auribus
857 2454 1006 2495 mortui
1033 2454 1188 2495 audivit
1213 2469 1337 2507 quam
1361 2457 1444 2497 vivi

88 2513 391 2554 accusationem
416 2515 600 2556 audierat
625 2522 665 2556 et
689 2516 885 2569 exequias
911 2516 1105 2569 frequens
1131 2516 1364 2558 celebravit.

171 2574 321 2615 LXII.
369 2575 532 2617 Eodem
557 2592 664 2618 anno
690 2576 881 2618 Valerius
908 2578 1051 2618 consul
1076 2592 1170 2618 cum
1196 2579 1377 2620 exercitu
1399 2579 1442 2621 in
1469 2595 1484 2625 1

85 2634 258 2689 Aequos
292 2637 502 2691 profectus
540 2653 634 2679 cum
669 2638 830 2680 hostem
866 2639 920 2680 ad
947 2639 1148 2693 proelium
1179 2640 1324 2681 elicere
1358 2656 1442 2683 non

86 2704 244 2752 posset,
288 2705 422 2740 castra
458 2714 697 2755 oppugnare
734 2707 796 2743 est
832 2701 1010 2743 adortus.
1070 2701 1278 2758 prohibuit
1318 2702 1442 2745 foeda

1478 865 1495 892 10
