1835 3226
336 361 353 390 2

334 731 352 760 ΕΟ

315 2035 354 2063 10

314 2222 350 2250 11

338 2472 351 2499 I

335 2656 352 2683 2

379 235 462 276 426
656 241 810 275 LIBER
833 239 944 283 VIII,
970 240 1026 273 27.
1048 240 1102 273 28.
1131 241 1179 282 [a.
1192 251 1227 273 u.
1242 251 1270 274 e.
1284 240 1360 275 428.
1379 242 1462 286 429]

383 345 553 388 Graecis
581 350 780 386 exortum.
835 356 1013 395 namque
1039 341 1252 382 Tarentini
1277 357 1370 383 eum
1394 358 1481 384 rem
1505 345 1736 402 Palaepoli-

379 416 517 448 tanam
553 421 660 446 vana
696 419 768 460 spe
806 404 948 445 auxilii
985 404 1238 458 aliquamdiu
1275 405 1587 456 sustinuissent,
1623 419 1736 462 post-

377 484 501 522 quam
530 468 742 509 Romanos
773 466 874 508 urbe
905 466 1056 521 potitos
1088 481 1302 521 accepere,
1336 467 1448 508 velut
1475 468 1659 510 destituti
1689 485 1738 512 ae

377 545 460 571 non
489 529 560 583 qui
594 529 675 584 ipsi
705 528 1006 578 destituissent,
1043 528 1254 583 increpare
1285 528 1639 584 Palaepolitanos,
1677 531 1738 573 ira

379 599 500 645 atque
525 591 678 632 invidia
702 591 745 632 in
769 590 980 632 Romanos
1006 590 1154 640 furere,
1181 605 1229 632 eo
1255 591 1378 632 etiam
1403 592 1516 645 quod
1539 593 1736 635 Lucanos

378 661 417 694 et
442 653 606 708 Apulos
632 679 686 683 —
711 668 807 693 nam
832 659 1004 706 utraque
1031 667 1079 694 eo
1105 668 1213 694 anno
1239 653 1412 695 societas
1434 661 1579 709 coepta
1597 662 1659 696 est
1683 681 1737 685 --

378 717 419 757 in
449 715 574 756 fidem
597 715 740 771 populi
760 715 939 756 Romani
964 715 1127 756 venisse
1154 715 1336 756 adlatum
1363 723 1443 757 est:
1469 717 1621 772 quippe
1645 733 1739 772 pro-

378 779 602 834 pemodum
632 784 876 833 perventum
907 777 960 818 ad
992 792 1035 818 se
1062 792 1153 818 esse
1183 778 1347 832 iamque
1379 778 1421 819 in
1446 793 1494 820 eo
1519 794 1604 820 rem
1635 783 1736 830 fore,

378 847 423 881 ut
444 840 623 882 Romani
648 847 718 881 aut
742 840 882 881 hostes
908 845 978 880 aut
1003 840 1158 881 domini
1182 839 1362 881 habendi
1388 840 1480 882 sint.
1518 841 1739 883 discrimen

376 903 562 958 profecto
598 918 735 944 rerum
777 917 944 944 suarum
984 902 1028 943 in
1070 902 1178 944 bello
1217 901 1467 944 Samnitium
1505 912 1736 958 eventuque

377 966 464 1007 eius
503 965 618 1006 verti.
680 980 770 1006 eam
802 965 932 1005 solam
969 971 1135 1020 gentem
1165 972 1338 1014 restare,
1376 980 1451 1006 nec
1483 981 1574 1007 eam
1604 966 1737 1021 ipsam

379 1028 476 1069 satis
508 1027 705 1077 validam,
738 1027 902 1081 quando
928 1027 1128 1068 Lucanus
1161 1026 1374 1076 defecerit,
1407 1042 1530 1081 quem
1554 1028 1737 1069 revocari

378 1090 511 1131 adhuc
530 1090 751 1144 inpellique
767 1090 819 1130 ad
839 1089 1083 1130 abolendam
1103 1089 1340 1130 societatem
1353 1089 1585 1131 Romanam
1599 1105 1735 1145 posse,

380 1153 415 1194 si
445 1168 526 1206 qua
556 1168 621 1193 ars
654 1152 837 1193 serendis
870 1152 1086 1192 discordiis
1119 1151 1374 1193 adhibeatur.
1434 1152 1535 1193 haec
1568 1152 1737 1194 consilia

381 1230 475 1256 cum
500 1215 611 1269 apud
641 1214 813 1268 cupidos
845 1229 981 1254 rerum
1007 1214 1291 1255 novandarum
1318 1214 1562 1264 valuissent,
1596 1229 1647 1255 ex
1677 1215 1738 1255 iu—

378 1284 545 1318 ventute
582 1277 750 1330 quidam
786 1276 1056 1317 Lucanorum
1091 1277 1222 1330 pretio
1259 1276 1423 1325 adsciti,
1468 1277 1564 1317 clari
1601 1276 1733 1331 magis

380 1340 485 1380 inter
507 1339 728 1394 populares
755 1353 878 1392 quam
904 1338 1083 1388 honesti,
1115 1339 1220 1379 inter
1245 1353 1288 1379 se
1314 1338 1480 1378 mulcati
1506 1339 1584 1393 ipsi
1610 1339 1736 1393 virgis

379 1416 472 1442 cum
498 1416 667 1455 corpora
692 1401 803 1441 nuda
827 1400 1059 1441 intulissent
1085 1400 1127 1440 in
1147 1400 1297 1440 civium
1324 1407 1498 1449 coetum,
1525 1400 1737 1441 vociferati

381 1471 492 1512 sunt,
521 1478 582 1512 se,
610 1463 720 1516 quod
746 1469 879 1504 castra
902 1462 1091 1503 Romana
1116 1463 1276 1518 ingredi
1301 1463 1390 1503 ausi
1416 1468 1565 1512 essent,
1592 1478 1615 1503 a
1641 1477 1737 1503 con-

381 1525 538 1566 sulibus
582 1526 709 1580 virgis
752 1540 894 1566 caesos
932 1539 979 1566 ac
1021 1539 1147 1579 prope
1192 1525 1324 1566 securi
1366 1539 1584 1579 percussos
1629 1539 1733 1565 esse.

378 1587 575 1628 deformis
613 1593 757 1641 suapte
788 1594 934 1627 natura
964 1601 1029 1627 res
1062 1601 1156 1627 cum
1189 1587 1368 1641 speciem
1399 1587 1569 1627 iniuriae
1600 1587 1734 1641 magis

379 1664 502 1703 quam
534 1648 617 1689 doli
646 1663 744 1703 prae
775 1663 819 1689 se
850 1648 992 1697 ferret,
1025 1649 1216 1689 concitati
1246 1648 1432 1690 homines
1471 1657 1622 1704 cogunt
1655 1649 1736 1689 cla-

379 1725 490 1751 more
518 1725 593 1752 suo
619 1711 885 1766 magistratus
913 1717 1099 1751 senatum
1125 1725 1285 1760 vocare,
1313 1717 1352 1751 et
1376 1711 1444 1751 alii
1470 1711 1736 1752 circumstan-

378 1782 439 1815 tes
472 1773 690 1814 coneilium
722 1773 877 1814 bellum
907 1773 950 1813 in
979 1772 1190 1814 Romanos
1227 1780 1421 1827 poscunt,
1460 1773 1528 1814 alii
1558 1774 1611 1814 ad
1641 1788 1736 1814 con-

379 1836 584 1877 citandam
626 1836 669 1876 in
711 1851 825 1876 arma
871 1835 1174 1876 multitudinem
1222 1835 1445 1890 agrestium
1490 1835 1734 1884 discurrunt,

378 1898 637 1952 tumultuque
669 1898 790 1939 etiam
824 1912 945 1939 sanos
978 1903 1265 1938 consternante
1303 1897 1461 1938 animos
1493 1897 1734 1946 decernitur,

378 1968 423 2001 ut
449 1961 622 2002 societas
649 1976 744 2002 cum
765 1959 1021 2002 Samnitibus
1040 1967 1316 2009 renovaretur,
1343 1960 1548 2015 legatique
1569 1961 1621 2001 ad
1646 1975 1736 2001 eam

378 2038 466 2064 rem
496 2024 725 2065 mittuntur.
786 2023 1000 2077 repentina
1029 2037 1094 2064 res
1121 2022 1217 2076 quia
1242 2037 1364 2076 quam
1391 2037 1557 2064 causam
1582 2022 1735 2063 nullam

379 2093 463 2127 tam
500 2101 551 2127 ne
588 2086 713 2126 fidem
749 2085 916 2139 quidem
952 2084 1149 2135 habebat,
1188 2085 1319 2126 coacti
1349 2101 1373 2126 a
1405 2083 1661 2126 Samnitibus
1697 2091 1736 2126 et

379 2148 546 2190 obsides
574 2148 671 2189 dare
698 2154 736 2189 et
767 2147 973 2202 praesidia
1004 2147 1045 2188 in
1075 2147 1166 2189 loca
1197 2147 1354 2188 munita
1384 2147 1586 2201 accipere:
1625 2146 1735 2187 caeci

380 2211 525 2251 fraude
551 2218 589 2252 et
614 2211 674 2251 ira
698 2210 799 2251 nihil
824 2216 1077 2251 recusarunt.
1127 2210 1305 2251 dilucere
1324 2210 1470 2250 deinde
1492 2209 1604 2253 brevi
1623 2209 1734 2249 fraus

379 2273 530 2327 coepit,
569 2279 789 2327 postquam
820 2272 1036 2313 criminum
1067 2272 1266 2313 falsorum
1297 2278 1484 2313 auctores
1511 2271 1734 2313 Tarentum

380 2335 722 2390 commigravere,
751 2335 824 2376 sed
844 2335 997 2375 amissa
1017 2335 1128 2376 omni
1147 2335 1197 2376 de
1218 2350 1261 2376 se
1279 2341 1481 2389 potestate
1506 2333 1606 2374 nihil
1630 2332 1734 2374 ultra

379 2413 503 2450 quam
528 2405 573 2438 ut
598 2397 825 2452 paeniteret
850 2397 1002 2438 frustra
1026 2397 1218 2439 restabat.

462 2459 686 2501 XXVIII.
735 2459 801 2501 Eo
834 2475 941 2501 anno
972 2459 1108 2514 plebei
1132 2459 1347 2501 Romanae
1378 2458 1490 2499 velut
1521 2457 1631 2499 aliud
1659 2455 1733 2497 ini-

380 2521 479 2562 tium
505 2522 706 2563 libertatis
732 2522 889 2563 factum
915 2528 993 2571 est,
1020 2522 1132 2576 quod
1151 2522 1258 2563 necti
1279 2521 1506 2562 desierunt:
1532 2525 1731 2561 mutatum

379 2590 515 2624 autem
553 2584 616 2625 ius
654 2584 705 2626 ob
742 2585 864 2625 unius
902 2584 1168 2625 faeneratoris
1207 2583 1329 2625 simul
1363 2583 1576 2623 libidinem
1613 2579 1732 2622 simul

380 2645 661 2686 crudelitatem
692 2647 910 2702 insignem.
960 2646 1013 2686 L.
1045 2646 1237 2701 Papirius
1269 2646 1304 2686 is
1337 2645 1431 2694 fuit,
1469 2644 1535 2685 cui
1565 2658 1658 2685 cum
1689 2655 1732 2683 se

381 2705 428 2745 C.
462 2706 665 2749 Publilius
703 2708 754 2750 ob
794 2723 864 2750 aes
897 2708 1075 2749 alienum
1106 2715 1322 2763 paternum
1353 2722 1506 2748 nexum
1538 2705 1730 2753 dedisset,
