1835 3226
297 461 334 489 ll

295 709 333 736 113

311 1078 329 1106 [Φ

311 1263 329 1291 02

309 2008 325 2036 G

309 2132 324 2160 ἱ1

308 2564 325 2593 9

363 156 445 196 542
715 161 868 195 LissER
893 162 945 204 x,
973 161 1027 194 43.
1047 161 1104 194 44.
1135 163 1374 207 [a.u.c.401]

361 265 502 304 incerti
527 277 650 316 quam
676 262 718 302 in
741 268 901 316 partem
925 263 1183 304 intenderent
1207 264 1295 314 iter,
1321 273 1487 320 repente
1506 268 1548 308 in
1572 268 1714 324 fugam

361 330 673 365 consternantur
697 324 907 379 conspecti
932 324 985 365 ab
1012 325 1237 378 equitibus,
1274 327 1345 380 qui
1376 342 1566 382 egressos
1598 339 1716 372 noete

360 385 411 426 ab
437 385 586 440 oppido
615 383 822 426 Samnites
848 386 1055 440 persecuti
1086 386 1271 428 viderant
1301 388 1603 431 multitudinem
1634 407 1715 433 non

360 447 483 495 vallo,
521 461 602 487 non
633 446 877 488 stationibus
908 447 1125 488 firmatam.
1187 456 1406 504 conspecta
1437 457 1476 492 et
1508 466 1558 492 ex
1589 455 1715 495 muris

359 508 606 562 Aquiloniae
632 523 680 550 ea
705 508 923 550 multitudo
949 516 1033 550 erat
1052 510 1216 564 iamque
1236 511 1358 552 etiam
1377 512 1624 567 legionariae
1650 530 1717 556 co-

358 570 494 610 hortes
526 569 814 624 sequebantur.
864 577 1046 612 ceterum
1078 586 1153 613 nec
1183 573 1309 627 pedes
1333 573 1547 629 «fugientes
1578 591 1716 630 perse-

359 632 429 685 qui
459 633 592 686 potuit
624 638 663 673 et
694 632 746 674 ab
778 633 916 686 equite
945 634 1161 675 novissimi
1191 635 1367 690 agminis
1399 636 1564 678 ducenti
1588 638 1716 680 ferme

358 700 398 734 et
422 694 630 750 octoginta
653 695 870 736 interfecti.
920 711 1033 737 arma
1063 696 1192 737 multa
1221 698 1360 751 pavidi
1390 713 1437 739 ac.
1469 699 1588 755 signa
1612 701 1717 741 mili-

356 756 458 797 taria
482 756 766 812 duodeviginti
789 757 1004 811 reliquere.
1054 758 1134 799 alio
1159 759 1323 814 agmine
1349 759 1562 811 incolumi,
1595 768 1640 803 ut
1665 777 1715 803 ex

357 823 467 858 tanta
493 819 774 873 trepidatione,
800 819 1035 861 Bovianum
1060 828 1304 875 perventum
1330 828 1402 863 est.

441 880 742 922 XXXXHII.
792 882 1018 923 Laetitiam
1053 883 1265 936 utriusque
1301 884 1504 925 exereitus
1536 883 1714 926 Romani

356 942 469 982 auxit
494 949 533 983 et
558 942 610 984 ab
636 943 761 985 altera
787 955 902 998 parte
927 944 1101 986 feliciter
1125 952 1243 1000 gesta
1268 960 1345 987 res.
1384 953 1556 1000 uterque
1582 962 1634 988 ex
1659 947 1717 988 al-

355 1004 480 1046 terius
508 1006 708 1047 sententia
733 1007 877 1048 consul
897 1014 1061 1063 captum
1085 1008 1282 1063 oppidum
1303 1009 1577 1064 diripiendum
1599 1011 1716 1051 militi

355 1065 478 1115 dedit,
505 1067 716 1109 exhaustis
743 1069 890 1110 deinde
916 1070 1032 1111 tectis
1058 1068 1198 1124 ignem
1223 1070 1372 1120 iniecit,
1400 1072 1625 1126 codemque
1651 1073 1716 1114 die

355 1126 583 1181 Aquilonia
619 1136 659 1170 et
691 1129 926 1171 Cominium
964 1131 1256 1186 deflagravere.
1319 1139 1358 1174 ct
1395 1133 1585 1175 consules
1622 1149 1714 1175 cum

355 1189 626 1244 gratulatione
662 1197 805 1232 mutua
840 1192 1050 1247 legionum
1088 1208 1244 1246 suaque
1282 1202 1416 1236 castra
1453 1195 1711 1238 coniunxere.

355 1251 397 1291 in
432 1259 656 1306 conspectu
691 1252 864 1293 duorum
902 1254 1157 1295 exercituum
1194 1262 1232 1295 et
1265 1255 1471 1297 Carvilius
1505 1272 1600 1298 suos
1637 1273 1713 1312 pro

355 1313 553 1366 cuiusque
590 1313 734 1354 merito
771 1313 953 1355 laudavit
990 1315 1238 1369 donavitque
1275 1323 1314 1356 ct
1349 1316 1561 1371 Papirius,
1599 1319 1710 1372 apud

355 1389 478 1427 quem
504 1375 718 1429 multiplex
742 1375 784 1416 in
810 1376 914 1425 acic,
953 1377 1059 1418 circa
1085 1385 1235 1426 castra,
1275 1378 1382 1418 circa
1411 1378 1554 1419 urbem
1580 1379 1712 1421 fuerat

355 1443 573 1486 certamen,
603 1435 675 1490 Sp.
689 1437 899 1486 Nautium,
928 1437 1000 1492 Sp.
1017 1438 1228 1493 Papirium
1245 1439 1379 1481 fratris
1399 1440 1527 1481 filium
1543 1448 1581 1482 et
1595 1449 1712 1495 quat-

355 1504 447 1538 tuor
460 1498 717 1539 centuriones
738 1499 1074 1553 manipulumque
1095 1501 1350 1542 hastatorum
1370 1502 1539 1543 armillis
1559 1504 1712 1545 aureis-

355 1573 434 1612 que
459 1560 621 1600 coronis
648 1560 834 1601 donavit:
871 1561 1068 1601 Nautium
1098 1569 1265 1616 propter
1295 1564 1612 1617 expeditionem,
1629 1580 1711 1618 qua

355 1621 496 1676 magni
521 1621 697 1676 agminis
724 1621 846 1662 modo
872 1628 1068 1663 terruerat
1093 1623 1253 1672 hostes3
1285 1623 1475 1664 iuvenem
1499 1624 1710 1679 Papirium

354 1690 520 1738 propter
554 1689 747 1724 navatam
779 1698 872 1724 cum
903 1685 1086 1738 equitatu
1124 1691 1163 1725 et
1200 1686 1242 1725 in
1277 1685 1432 1740 proelio
1468 1701 1634 1740 operam
1673 1695 1711 1728 ct

354 1751 485 1794 nocte,
513 1745 609 1798 quia
627 1744 771 1800 fugam
792 1745 985 1787 infestam
1008 1745 1265 1787 Samnitibus
1286 1747 1337 1787 ab
1358 1746 1583 1801 Aquilonia
1608 1749 1711 1789 clam

356 1807 534 1861 egressis
560 1806 676 1856 fecit3
715 1808 973 1849 centuriones
999 1808 1250 1862 militesque,
1288 1809 1384 1862 quia
1408 1809 1528 1864 primi
1553 1817 1712 1864 portam

352 1884 596 1923 murumque
621 1869 870 1923 Aquiloniae
902 1877 1106 1925 ceperant.
1170 1871 1326 1924 equites
1358 1887 1500 1912 omncs
1532 1872 1584 1914 ob
1617 1873 1714 1913 insi-

352 1947 476 1986 gnem
503 1932 641 1973 multis
667 1932 768 1973 locis
795 1947 961 1987 operam
988 1933 1204 1974 corniculis
1231 1934 1482 1988 armillisque
1509 1935 1712 1990 argenteis

353 1995 489 2035 donat.
545 1994 762 2035 eonsilium
793 1995 886 2036 inde
917 1995 1122 2045 habitum,
1161 2011 1254 2036 cum
1286 1996 1366 2036 iam
1405 2003 1567 2051 tempus
1604 2003 1712 2038 esset

352 2056 582 2097 deducendi
607 2055 658 2097 ab
680 2055 851 2097 Samnio
877 2057 1080 2098 exercitus
1107 2065 1175 2097 aut
1197 2058 1409 2111 utriusque
1430 2065 1499 2098 aut
1525 2065 1634 2099 certe
1654 2059 1712 2099 al-

353 2117 490 2159 terius.
529 2117 730 2172 optimum
755 2118 905 2168 visum,
932 2133 1013 2172 quo
1038 2119 1171 2174 magis
1197 2119 1350 2160 fractae
1375 2134 1440 2160 res
1463 2119 1711 2161 Samnitium
1744 2159 1752 2163 c

352 2185 508 2229 essent,
547 2195 595 2221 eo
620 2180 870 2234 pertinacius
903 2188 943 2221 et
974 2181 1164 2222 infestius
1197 2196 1319 2236 agere
1346 2188 1480 2222 cetera
1511 2188 1550 2222 et
1574 2197 1712 2236 persc-

351 2242 439 2295 qui,
478 2247 522 2282 ut
558 2238 834 2296 perdomitum
868 2241 1085 2284 Samnium
1122 2243 1434 2297 insequentibus
1472 2244 1709 2286 consulibus

352 2303 456 2344 tradi
482 2311 632 2358 posset.
683 2305 849 2358 quando
875 2305 956 2345 iam
981 2305 1118 2345 nullus
1145 2313 1254 2346 esset
1285 2306 1464 2346 hostium
1491 2307 1707 2355 exercitus,

350 2366 420 2419 qui
446 2366 574 2421 signis
601 2366 772 2408 conlatis
799 2367 1067 2407 dimicaturus
1092 2367 1312 2417 videretur,
1340 2383 1467 2409 unum
1493 2383 1708 2424 superesse

352 2428 447 2469 belli
471 2443 621 2483 genus,
659 2428 822 2470 urbium
854 2429 1203 2484 oppugnationes,
1242 2445 1416 2484 quarum
1446 2445 1520 2485 per
1550 2430 1708 2471 excidia

351 2491 520 2531 militem
555 2490 805 2545 locupletare
839 2491 992 2546 praeda
1029 2498 1068 2532 et
1098 2491 1259 2532 hostem
1294 2507 1367 2546 pro
1405 2493 1485 2533 aris
1522 2507 1570 2533 ac
1605 2491 1707 2533 focis

352 2552 613 2594 dimicantem
644 2553 844 2595 conficere
881 2561 1064 2608 possent.
1125 2554 1262 2608 itaque
1300 2555 1444 2595 litteris
1481 2555 1618 2596 missis
1655 2553 1705 2594 ad

353 2622 540 2656 senatum
577 2616 859 2669 populumque
891 2616 1125 2658 Romanum
1164 2617 1213 2658 de
1250 2616 1372 2658 rebus
1410 2617 1461 2659 ab
1500 2631 1544 2658 se
1578 2615 1704 2671 gestis
