1835 3226
350 262 433 303 290
703 266 856 300 LIBER
880 266 927 310 v,
952 266 1007 299 39.
1025 265 1079 299 40.
1108 268 1205 309 [a.u.
1221 276 1252 301 ο.
1268 267 1349 311 364]

350 386 493 426 pavor,
521 376 740 424 postquam
765 368 906 409 hostes
932 368 1077 409 adesse
1103 368 1335 409 nuntiatum
1361 375 1434 410 est.
1495 386 1592 412 mox
1615 372 1706 413 ulu-

349 434 454 474 latus
481 438 707 484 cantusque
733 430 923 471 dissonos
949 430 1196 485 vagantibus
1229 431 1337 471 cirea
1367 432 1530 473 moenia
1555 439 1706 474 turma—

350 496 421 534 tim
446 493 630 534 barbaris
657 491 890 533 audiebant.
947 507 1067 533 omne
1092 492 1186 533 inde
1212 499 1374 547 tempus
1401 508 1626 548 suspensos
1651 495 1708 535 ita

348 555 476 596 tenuit
501 554 660 595 animos
687 568 819 607 usque
845 554 898 594 ad
922 553 1056 594 lucem
1082 554 1269 603 alteram,
1307 560 1352 595 ut
1376 555 1601 596 identidem
1625 556 1707 597 iam

348 618 389 658 in
414 616 557 657 urbem
582 615 745 656 futurus
771 615 978 656 videretur
1002 616 1198 670 impetus:
1231 616 1362 670 primo
1387 617 1585 667 adventu,
1612 618 1709 672 quia

348 684 607 720 accesserant
637 677 690 718 ad
720 676 883 726 urbem,
923 692 1139 718 mansuros
1171 678 1280 718 enim
1310 678 1362 718 ad
1391 677 1532 720 Aliam
1563 680 1706 728 fuisse,

306 757 320 783 ῖ
348 741 427 782 nisi
456 741 534 781 hoc
571 739 730 781 consilii
766 740 890 790 foret3
927 739 1074 780 deinde
1112 739 1189 780 sub
1226 754 1419 781 oceasum
1456 741 1574 790 solis,
1612 741 1710 794 quia

290 1372 326 1399 10

290 1496 322 1523 11

308 2486 325 2512 [ό

348 803 459 843 haud
482 802 656 842 multum
682 801 763 842 diei
789 808 1016 855 supererat,
1054 807 1147 842 ante
1173 808 1334 842 noctem
1364 802 1442 842 rati
1474 816 1517 842 se
1542 802 1709 843 invasu-

348 880 434 914 ros3
466 871 554 905 tum
579 865 620 904 in
645 871 809 905 noctem
834 864 1006 905 dilatum
1031 863 1247 904 eonsilium
1274 878 1384 912 esse,
1411 878 1493 917 quo
1517 863 1612 919 plus
1636 879 1709 918 pa-

349 927 458 968 voris
488 926 703 976 inferrent3
739 932 948 981 postremo
978 925 1051 966 lux
1088 925 1423 980 adpropinquans
1459 926 1707 967 exanimare.

349 989 563 1042 timorique
583 994 780 1043 perpetuo
800 988 935 1042 ipsum
955 987 1110 1028 malum
1129 988 1341 1028 continens
1360 987 1451 1037 fuit,
1478 1002 1570 1028 eum
1592 988 1711 1044 signa

349 1050 499 1091 infesta
523 1050 652 1104 portis
679 1056 774 1091 sunt
797 1049 936 1090 inlata.
975 1064 1235 1103 nequaquam
1260 1055 1398 1090 tamen
1425 1064 1473 1090 ea
1496 1056 1615 1090 noete
1639 1064 1711 1090 ne-

350 1126 428 1165 que
453 1112 685 1165 insequenti
710 1112 774 1152 die
801 1112 945 1152 similis
971 1111 1047 1161 illi,
1081 1126 1185 1164 quae
1211 1111 1263 1151 ad
1290 1110 1428 1151 Aliam
1454 1117 1536 1152 tam
1561 1111 1709 1165 pavide

350 1174 530 1228 fugerat,
558 1173 702 1214 civitas
728 1173 818 1213 fuit.
878 1188 974 1213 nam
1000 1188 1093 1213 eum
1119 1172 1284 1213 defendi
1309 1172 1455 1214 urbem
1479 1187 1601 1227 posse
1627 1179 1709 1214 tam

350 1250 476 1289 parva
500 1234 641 1275 relicta
665 1249 790 1274 manu
817 1249 911 1288 spes
938 1234 1050 1275 nulla
1075 1240 1202 1283 esset,
1228 1234 1382 1289 placuit
1407 1249 1501 1275 cum
1527 1234 1711 1290 coniugi-

351 1296 428 1337 bus
454 1311 501 1336 ac
523 1295 669 1336 ‘liberis
701 1296 958 1336 iuventutem
990 1296 1207 1337 militarem
1240 1305 1488 1349 senatusque
1520 1296 1644 1337 robur
1668 1296 1710 1336 in

352 1372 487 1398 arcem
526 1356 860 1412 Capitoliumque
903 1357 1128 1398 concedere
1171 1358 1377 1410 armisque
1421 1364 1461 1398 et
1502 1357 1708 1397 frumento

352 1419 511 1461 conlato
542 1434 592 1460 ex
622 1419 711 1460 loeo
742 1419 836 1460 inde
867 1419 1024 1460 munito
1055 1419 1154 1460 deos
1186 1419 1454 1472 hominesque
1486 1426 1526 1460 et
1556 1419 1710 1459 Roma-

351 1497 450 1522 num
476 1497 625 1522 nomen
656 1481 894 1530 defendere,
932 1481 1140 1522 flaminem
1173 1481 1488 1534 sacerdotesque
1515 1480 1706 1522 Vestales

353 1558 468 1584 saera
499 1543 663 1598 publica
693 1559 717 1584 a
753 1543 895 1592 caede,
933 1543 984 1584 ab
1020 1543 1219 1583 incendiis
1256 1543 1399 1597 procul
1435 1543 1595 1584 auferre
1631 1557 1707 1583 nec

352 1617 444 1645 ante
469 1605 603 1646 deseri
628 1605 781 1645 cultum
808 1620 949 1645 eorum
979 1619 1101 1658 quam
1134 1620 1216 1645 non
1248 1612 1509 1659 superessent
1541 1605 1611 1658 qui
1642 1619 1708 1645 co-

350 1666 491 1707 lerent.
548 1667 582 1707 si
607 1682 679 1707 arx
707 1666 1060 1720 Capitoliumque,
1094 1667 1213 1707 sedes
1239 1667 1428 1716 deorum,
1460 1667 1495 1707 si
1526 1674 1707 1716 senatus,

352 1735 474 1783 eaput
498 1728 651 1783 publici
677 1728 854 1777 consilii,
888 1728 923 1768 si
948 1728 1133 1769 militaris
1159 1728 1350 1768 iuventus
1378 1728 1625 1782 superfuerit
1648 1728 1709 1768 in-

352 1791 520 1831 minenti
545 1791 686 1831 ruinae
712 1790 843 1839 urbis,
870 1789 1033 1830 facilem
1057 1790 1255 1830 iacturam
1281 1804 1371 1830 esse
1398 1790 1622 1839 seniorum,
1648 1804 1710 1830 re-

308 1866 325 1893 3
351 1852 469 1892 lictae
495 1853 536 1892 in
564 1852 662 1893 urbe
688 1852 828 1906 utique
853 1851 1058 1906 periturae
1084 1851 1240 1892 turbae.
1289 1858 1329 1892 et
1353 1866 1434 1905 quo
1454 1852 1496 1892 id
1518 1852 1709 1905 aequiore

352 1914 488 1954 animo
513 1914 563 1954 de
588 1914 708 1969 plebe
734 1913 954 1954 multitudo
984 1914 1126 1962 ferret,
1165 1928 1284 1954 senes
1317 1913 1583 1968 triumphales
1615 1927 1711 1954 eon-

353 1977 590 2030 sularesque
623 1976 744 2017 simul
777 1991 820 2017 se
846 1990 939 2016 cum
971 1976 1050 2017 illis
1084 1975 1222 2030 palam
1253 1975 1388 2016 dicere
1420 1975 1603 2016 obituros
1634 1989 1709 2016 nec

351 2039 414 2078 his
440 2038 699 2093 corporibus,
727 2038 877 2091 quibus
904 2053 985 2078 non
1011 2053 1124 2078 arma
1148 2037 1274 2085 ferre,
1300 2052 1382 2078 non
1408 2037 1510 2078 tueri
1533 2036 1708 2092 patriam

351 2108 532 2155 possent,
559 2107 797 2141 oneraturos
823 2100 1005 2154 inopiam
1031 2109 1292 2140 armatorum.

435 2161 644 2211 XXXX.
687 2161 806 2202 Haec
832 2162 937 2202 inter
962 2161 1143 2202 seniores
1168 2161 1288 2201 morti
1312 2160 1536 2201 destinatos
1561 2159 1711 2200 iactata

353 2224 517 2266 solacia.
554 2239 699 2265 versae
713 2224 807 2264 inde
822 2223 1128 2264 adhortationes
1143 2223 1195 2264 ad
1209 2237 1358 2278 agmen
1377 2222 1584 2271 iuvenum,
1605 2235 1709 2274 quos

352 2287 394 2327 in
409 2286 660 2341 Capitolium
675 2293 797 2339 atque
811 2286 852 2326 in
872 2301 1006 2327 arcem
1026 2285 1393 2341 prosequebantur,
1421 2283 1710 2325 commendan-

353 2362 413 2390 tes
427 2348 566 2389 virtuti
580 2364 720 2389 eorum
739 2349 1010 2401 iuventaeque
1032 2347 1157 2396 urbis,
1183 2362 1257 2402 per
1276 2356 1478 2387 trecentos
1494 2345 1708 2400 sexaginta

353 2425 482 2452 annos
508 2410 698 2452 omnibus
724 2410 842 2451 bellis
867 2409 1059 2459 victricis,
1086 2422 1371 2462 quaecumque
1390 2408 1548 2461 reliqua
1571 2412 1708 2447 essent

352 2472 527 2513 fortuna.
572 2471 911 2527 digredientibus,
938 2472 1009 2524 qui
1034 2485 1149 2525 spem
1173 2484 1336 2511 omnem
1357 2476 1478 2522 atque
1499 2483 1618 2523 opem
1645 2482 1708 2508 se-

353 2548 446 2574 cum
460 2533 658 2584 ferebant,
686 2533 827 2583 abhis,
855 2533 924 2587 qui
939 2539 1082 2588 captae
1096 2532 1208 2573 urbis
1223 2546 1306 2572 non
1326 2545 1542 2585 superesse
1557 2536 1708 2571 statue-

352 2603 442 2636 rant
467 2597 604 2646 exitio,
632 2611 725 2638 culn
750 2596 843 2651 ipsa
867 2610 932 2637 res
960 2595 1201 2649 speciesque
1227 2592 1471 2634 miserabilis
1497 2598 1595 2640 erat,
1621 2597 1706 2630 tum

354 2657 562 2699 muliebris
576 2658 695 2699 fietus
711 2665 750 2699 et
764 2657 1021 2699 concursatio
1036 2656 1189 2697 ineerta
1202 2670 1310 2696 nunc
1329 2654 1405 2695 hos
1419 2668 1526 2694 nune
1538 2652 1629 2693 illos
1644 2665 1706 2691 sc-

355 2720 566 2770 quentium
581 2720 929 2776 rogitantiumque
944 2719 1052 2759 viros
1067 2728 1280 2770 natosque,
1307 2717 1370 2757 eui
1391 2730 1434 2756 se
1453 2714 1537 2754 fato
1550 2713 1704 2761 darent,
