1780 3204
549 226 583 251 T.
608 225 699 251 leu
722 223 902 251 PATAVINI
924 223 1122 251 PROLUSIO.

110 308 195 332 nam
221 297 310 331 satis
335 297 521 332 incuriose
555 297 693 332 factam
724 309 819 341 esse,

109 343 173 376 lib.
194 343 365 376 XXXIII
402 343 535 377 iterum
555 343 671 377 edidit
689 343 819 377 Misen.
832 378 834 381 ,

109 387 196 421 1837
209 388 512 438 reliquorumque
533 388 696 421 ciusdem
711 388 819 422 deca-

109 432 166 465 dis
193 432 388 483 libwrum,
416 443 509 478 quos
534 433 631 466 idem
651 432 713 466 ille
735 433 819 466 cod.

109 477 294 520 continet,
321 478 522 511 collatione
537 477 665 511 addita
684 477 821 511 ibidem

108 522 208 555 1839.
238 521 385 556 interim
404 533 492 556 vero
506 522 710 556 Immanuel
723 522 818 556 Bek—

107 565 239 610 ker,us
266 567 404 601 maiore
420 578 530 617 quam
543 567 687 611 priores
702 567 817 600 edito-

107 622 166 644 res
183 612 393 646 constantia
408 612 629 662 optimorum
642 611 819 645 librorum

108 654 269 706 Medicei
294 657 460 701 inprimis
486 660 523 690 et
546 656 730 690 Puteanei
755 667 821 700 per

107 700 262 744 primam
295 712 434 752 perque
459 701 610 735 tertiam
643 701 819 735 decadem

107 746 313 779 lectiones'
304 757 341 779 m
355 745 610 789 recognitione
621 745 818 779 suaBerol.

107 802 141 824 a.
160 791 247 824 1829
268 794 305 825 et
323 791 412 824 1830
431 790 549 823 tribus
569 790 642 822 vol.
663 789 819 823 editam

108 839 256 868 secutus
276 835 405 879 peritis
425 835 553 868 harum
573 845 692 867 rerum
706 834 818 868 tacite

106 879 357 922 patefecer‚at
385 883 477 923 quot
495 884 532 911 et
552 883 691 922 quanta
704 889 818 911 reme-

107 923 169 957 dia
183 905 420 967 diligentiore
434 923 565 956 horum
581 923 688 955 codd.
704 923 817 956 eolla-

105 968 218 1010 tione,
234 969 281 1001 ad
295 979 444 1002 severas
458 966 706 1001 recentiorum
721 967 819 1000 criti-

108 1023 234 1046 corum
254 1013 358 1057 leges
379 1012 550 1046 instituta
569 1011 674 1045 libris
693 1011 816 1046 Livia—

105 1058 163 1091 nis
177 1040 314 1091 afferri
312 1060 523 1102 possent329
537 1067 656 1100 eaque
671 1061 817 1090 senten-

104 1102 157 1136 tia
176 1103 337 1146 probata
358 1101 466 1136 estC.
480 1102 522 1135 F.
538 1101 573 1136 S.
587 1100 817 1135 Alschefskii

104 1147 321 1191 prolusione
337 1147 563 1180 scholastica
573 1149 736 1190 supra330
747 1157 816 1179 me-

104 1195 258 1234 moi-‚ata
275 1202 370 1236 quae
385 1192 516 1225 eodem
532 1202 605 1235 quo
621 1191 739 1224 maior
753 1191 816 1224 lib.

102 1218 275 1270 XXXIII
295 1236 351 1270 ed.
377 1236 649 1280 Kreyssigiana
667 1248 699 1270 a.
722 1235 816 1269 scili-

105 1284 163 1314 cet
179 1280 266 1314 1839
280 1281 354 1315 Ber
358 1281 446 1314 ol1n1
462 1281 611 1325 prodiit,
621 1285 740 1332 atque
756 1291 815 1315 eo-

104 1327 187 1359 dem
225 1337 322 1360 anno
366 1326 592 1380 ibidemque
618 1326 718 1360 idem
753 1325 816 1359 Al—

103 1369 315 1404 schefskius
330 1370 464 1404 librum
482 1371 593 1405 XXX
613 1371 661 1405 ad
681 1371 816 1405 Putea-

103 1426 213 1448 neum
233 1416 280 1449 ab
300 1416 342 1449 E.
362 1415 507 1450 Millero
527 1416 564 1450 in
584 1428 690 1450 usum
711 1427 815 1449 suum

104 1460 281 1494 collatum
303 1464 339 1495 et
353 1461 400 1495 ad
415 1461 569 1495 alteram
590 1461 671 1495 cod.
684 1460 814 1494 Bamb.

101 1509 245 1549 partem
271 1506 504 1540 emendatum
530 1506 666 1547 emisit,
694 1517 814 1550 neque

101 1550 218 1583 multo
239 1554 327 1594 post
345 1551 393 1584 ad
414 1551 574 1595 optimos
594 1552 710 1585 libros
730 1562 814 1584 mss.

101 1595 280 1629 Livianos
319 1595 568 1630 conferendos
612 1596 814 1639 Lutetiam,

100 1640 618 1683 Florentiam,Vindobona1n
632 1641 815 1685 migravit.

102 1695 258 1729 quorum
280 1686 485 1719 studiorum
497 1686 606 1720 Livio
627 1687 814 1720 dedicato-

99 1741 180 1763 rum
216 1730 360 1764 fructus
396 1730 501 1765 fuere
538 1733 609 1765 tria
650 1731 813 1773 maioris,

103 1778 279 1818 quattuor
293 1775 445 1810 minoris
466 1776 640 1810 editionis
659 1775 812 1810 volumi-

101 1830 162 1852 na.
189 1830 344 1863 quarum
359 1821 441 1854 edd.
451 1821 569 1854 altera
583 1821 646 1855 lib.
661 1821 763 1854 1-—X
778 1824 815 1854 et

101 1863 391 1897 XXI—XXIII
421 1865 617 1899 continens
646 1865 815 1899 Berolini

101 1919 168 1952 per
183 1919 300 1942 annos
315 1909 678 1952 1841-1846‚haec
695 1920 814 1959 usque

103 1953 151 1986 ad
166 1953 301 1987 librum
314 1953 540 1987 tricesimum
558 1958 746 2004 porrecta
745 1953 813 1987 ibi—

103 1998 186 2031 dem
198 2008 266 2048 per
279 2009 397 2032 annos
413 1998 500 2032 1843
515 2003 552 2032 et
570 1999 659 2032 1844
679 1998 814 2033 emissa

102 2046 170 2076 est.
208 2042 317 2076 sicuti
342 2043 603 2078 dissertatione
624 2044 690 2078 illa
709 2043 813 2077 scho-

101 2087 236 2121 lastica
247 2088 373 2122 recte'
362 2100 400 2121 m
413 2087 502 2121 univ
505 2099 544 2122 er
547 2100 627 2122 sum
648 2088 814 2122 subsidia

102 2131 232 2166 critica
251 2133 512 2167 aestimaverat
531 2137 568 2167 et
588 2143 660 2178 quo
681 2133 812 2167 itinere

101 2177 414 2228 progrediendum
430 2182 530 2212 esset
542 2178 738 2222 indicarat,
761 2178 813 2211 sic

101 2222 219 2256 textui
233 2233 255 2256 a
269 2233 308 2256 se
323 2223 526 2257 constituto
536 2205 757 2267 optimorut’n
772 2222 812 2255 li-

101 2266 252 2300 brorum
264 2278 332 2318 per
344 2268 498 2311 primam
513 2268 690 2302 decadem
698 2267 812 2301 Nledl

824 2302 827 2319 l

1350 220 1553 250 XXXXIII

844 297 1059 331 umbilicum
1082 296 1264 341 perducta
1290 299 1359 338 est,
1387 296 1553 341 quamvis

845 353 943 376 anno
971 342 1116 376 demum
1140 342 1247 385 1852,
1273 341 1311 375 ni
1335 341 1466 384 fallor,
1492 341 1554 375 Al-

847 387 1054 421 schefskins
1085 397 1130 420 ex
1158 386 1235 420 vita
1264 386 1441 430 excessit,
1478 390 1556 419 tum

845 433 946 476 quod
960 431 1018 465 viv
1021 431 1157 465 acitate
1167 431 1349 475 quadam
1340 442 1482 475 1nrrenn
1472 431 1554 464 ab

845 481 970 520 reptus
984 477 1130 510 illorum
1144 476 1216 510 libr
1220 487 1261 509 01
1263 488 1323 509 um
1342 458 1554 510 admiratio-

845 532 891 555 ne
910 521 963 555 ita
988 526 1119 565 captus
1145 526 1202 555 est
1227 521 1364 564 editor
1391 526 1432 554 ut
1448 521 1556 554 nimis

846 566 1103 610 superstitiose
1134 576 1260 600 eolum
1290 548 1449 610 ves’tigia
1473 576 1555 610 pr-e

846 615 961 645 meret
986 611 1241 661 lectionesque
1266 611 1352 645 inde
1383 614 1556 661 receptas

846 660 988 689 tutatus
1009 666 1091 689 esse
1112 655 1183 689 sibi
1204 655 1408 698 videretur,
1435 655 1466 688 si
1481 666 1555 689 ser-

846 711 953 734 mone
968 701 1167 734 vernaculo
1182 700 1308 744 aliquo
1329 700 1461 751 saltem
1480 711 1555 734 mo-

846 745 893 778 do
909 756 972 779 eas
988 746 1175 778 donasset.
1201 756 1258 778 me
1273 749 1395 779 tamen
1410 757 1445 778 ιιι
1455 756 1555 789 gym

845 790 950 823 nasio
966 790 1217 833 Leucophaeo
1232 789 1480 833 Berolinensi,
1496 801 1555 823 cu

845 834 900 866 ius
916 845 1008 868 sana
1021 834 1256 878 humanaque
1272 834 1471 878 disciplina
1483 833 1556 867 frui

845 878 931 911 mihi
952 879 1074 917 licuit,
1101 883 1186 912 ante
1207 880 1276 912 hos
1295 879 1426 923 viginti
1452 879 1555 923 quin-

845 933 915 966 que
931 934 1049 955 annos
1058 923 1297 963 Alschefskii,
1312 923 1349 957 in
1365 924 1484 957 classe
1501 934 1554 957 se-

846 967 968 1000 cunda
982 971 1059 1000 tum
1073 968 1193 1011 ipsum
1202 968 1347 1001 Livium
1360 968 1555 1002 nobiscum

843 1011 1052 1054 tractantis,
1063 1012 1285 1055 discipulum
1298 1012 1416 1056 magis
1431 1013 1467 1046 in
1482 1024 1553 1046 me-

843 1056 921 1089 ritis
936 1058 1014 1090 eius
1031 1067 1138 1101 quam
1152 1057 1189 1090 in
1203 1056 1301 1089 vitiis
1321 1057 1554 1090 illustrandis

844 1102 1062 1135 commorari
1094 1102 1218 1142 decet,
1257 1105 1369 1145 atque
1401 1106 1555 1135 eatenus·

844 1151 943 1180 certe
961 1147 988 1179 I.
999 1147 1039 1179 F.
1051 1146 1229 1180 Gronovii
1244 1145 1402 1190 vestigia
1416 1146 1554 1189 pressit

843 1190 1119 1233 Alschefskius,
1134 1195 1175 1224 ut
1191 1190 1329 1235 optima
1342 1190 1556 1224 testimonia

844 1237 973 1270 sedulo
990 1247 1034 1270 ac
1050 1236 1215 1269 studiose
1237 1236 1476 1287 conquireret
1494 1236 1554 1269 iis-

843 1292 913 1326 que
931 1281 1019 1315 solis
1024 1281 1433 1332 nonlnterpolatoium
1443 1280 1553 1315 libro

842 1338 922 1360 rum
940 1327 1069 1370 vulgo,
1097 1326 1265 1360 criticum
1289 1325 1396 1359 inniti
1416 1326 1555 1360 debere

842 1371 1081 1416 perspiceret
1107 1376 1183 1404 tum
1196 1371 1234 1404 id
1249 1371 1349 1405 laudi
1360 1370 1552 1404 Alschefs-

842 1417 902 1450 kio
929 1417 1147 1450 vertendum
1173 1420 1247 1458 est,
1275 1415 1381 1466 quod
1413 1415 1550 1450 criticis

842 1461 915 1494 illis
939 1461 1124 1495 thesauris
1149 1460 1304 1495 reclusis
1334 1471 1431 1494 novo
1465 1471 1555 1505 quo-

843 1507 926 1540 dam
946 1507 1079 1540 ardore
1099 1505 1244 1540 incitati
1264 1505 1332 1538 viri
1352 1505 1454 1539 docti
1480 1510 1553 1539 stu-

842 1551 902 1586 dia
916 1563 982 1585 5ιιιι
991 1551 1097 1585 L1V1o
1113 1551 1384 1595 impenderunt.
1403 1551 1475 1584 iam
1490 1562 1553 1584 an-

841 1601 902 1631 tea
939 1608 960 1641 q
966 1596 1088 1630 uidem
1124 1596 1306 1646 Ernestus
1346 1595 1553 1630 Guilelmus

841 1642 954 1676 Fabri
968 1642 1160 1675 luculenta
1175 1640 1347 1686 egregiae
1364 1651 1500 1685 operae
1515 1640 1553 1674 in

839 1686 948 1720 Livio
985 1686 1132 1730 positae
1171 1686 1395 1719 documenta
1437 1685 1553 1719 libros

840 1732 944 1765 XXI.
959 1731 1071 1765 XXlI
1086 1736 1123 1765 et
1136 1731 1278 1764 XXIII.
1297 1730 1450 1764 XXIIII
1471 1741 1492 1763 ιιι
1513 1740 1552 1764 se

840 1777 1047 1810 illustratos
1069 1775 1339 1819 Norimbergae
1359 1786 1391 1808 a.
1408 1775 1494 1807 1837
1503 1778 1551 1801 331

841 1821 1010 1855 ediderat.
1056 1831 1127 1853 ncc
1173 1819 1293 1852 minus
1344 1819 1552 1853 Guilelmus

841 1864 1188 1906 U'eissenbornius,
1215 1864 1271 1896 vir
1290 1867 1327 1898 et
1347 1863 1551 1897 eruditissi-

840 1921 920 1943 mus
935 1914 973 1943 et
988 1908 1283 1952 candidissimus,
1294 1919 1332 1942 se
1347 1908 1404 1941 his
1419 1909 1551 1942 studiis

840 1955 988 1998 penitus
1002 1954 1182 1987 imbutum
1197 1964 1279 1987 esse
1293 1953 1376 1997 plus
1387 1953 1500 1987 semel
1515 1958 1552 1988 et

840 1999 944 2032 libris
959 1998 1208 2043 grammaticis
1223 2002 1260 2031 et
1278 1998 1415 2032 libellis
1429 1998 1551 2033 Livia-

840 2044 896 2077 nis
919 2044 1145 2077 ostenderat.
1182 2047 1220 2076 at
1237 2047 1325 2086 post
1349 2043 1551 2077 editionem

840 2088 1182 2139 Alschefskianam,
1216 2099 1336 2138 quam
1359 2086 1549 2131 Crusiana‚

841 2134 991 2184 scholae
1005 2133 1227 2167 inservitura
1240 2132 1376 2177 magis,
1403 2133 1548 2183 opinor,

840 2190 950 2223 quam
981 2177 1206 2221 inserviens,
1215 2180 1264 2204 332
1296 2182 1334 2212 et
1358 2177 1417 2211 W
1408 2189 1550 2212 lmmer-

840 2224 859 2256 l
865 2224 1051 2265 ranziana,
1055 2225 1103 2249 333
1114 2234 1223 2273 quam
1232 2233 1306 2256 non
1315 2222 1400 2256 novi
1405 2234 1549 2266 ,presse

840 2272 990 2302 secutae
1006 2271 1129 2310 erant,
1149 2267 1247 2301 idem
1266 2267 1330 2302 ille
1349 2267 1404 2300 vir
1418 2268 1550 2302 doctus

103 2321 159 2345 cei
173 2311 465 2362 etPa11s1n1,per
479 2313 624 2347 tertiam
635 2313 813 2346 decadem
839 2318 875 2347 et
899 2313 980 2364 ipse
1004 2313 1052 2347 ad
1078 2312 1225 2345 Livium
1257 2313 1442 2347 edendum
1468 2323 1549 2347 sese

101 2356 284 2390 Puteanei
297 2368 452 2400 pinnum
467 2368 541 2392 ase
555 2358 812 2391 accur—atecol
839 2357 1001 2392 accinxit
1025 2357 1179 2401 eiusque
1204 2361 1346 2391 textum
1377 2357 1549 2392 omnibus

101 2400 261 2434 latorum
275 2401 457 2435 lectiones
477 2401 582 2436 firma
602 2413 647 2436 ac
662 2401 813 2436 stabilia
839 2403 1033 2445 subsidiis,
1060 2413 1155 2447 quae
1170 2402 1274 2436 libris
1289 2414 1392 2445 mss„

1420 2403 1548 2437 editio-

101 2444 344 2480 fundamenta
358 2456 440 2480 esse
455 2447 582 2481 voluit.
609 2447 809 2480 dolendum
837 2448 964 2491 nibus,
997 2429 1079 2481 al’iis
1105 2458 1162 2480 vv,
1188 2447 1248 2481 dd.
1275 2448 1372 2480 curis
1396 2452 1547 2491 piaesto

100 2500 165 2523 ver
169 2501 188 2524 0
204 2495 262 2525 est
275 2501 357 2525 cum
371 2492 472 2535 quod
485 2496 617 2526 neutra
636 2492 748 2525 editio
765 2492 812 2526 ad
838 2497 931 2533 sunt,
948 2493 984 2526 in
998 2504 1103 2526 usum
1118 2504 1139 2524 v
1144 2491 1260 2526 ocatis
1273 2496 1417 2527 maturo
1433 2504 1477 2527 ac
1491 2504 1549 2527 sa-

133 2561 183 2584 328
208 2567 282 2584 novo
313 2562 423 2585 tantum
453 2560 536 2585 titulo
567 2561 678 2585 adiecto
709 2561 824 2591 iterum¹

100 2594 203 2617 emissa
223 2601 248 2618 a.
264 2595 340 2619 1838.

870 2595 917 2619 331
939 2595 982 2619 ed.
997 2595 1046 2619 alt.
1062 2596 1172 2620 curavit
1183 2595 1406 2626 Heerwagenius
1419 2595 1546 2621 Norimb.

133 2627 182 2651 329
203 2626 235 2652 C.
250 2628 281 2652 F.
296 2628 463 2659 lngerslevii
483 2635 585 2652 comm.
600 2628 634 2652 de
655 2628 810 2652 editoribus
822 2631 823 2637 ¹
835 2630 910 2653 1332.

99 2660 174 2685 Livii
190 2661 312 2686 nondum
328 2663 395 2686 satis
409 2662 490 2686 codd.
505 2662 588 2685 fidem
603 2663 718 2690 secutis,
739 2669 809 2693 quae

101 2694 230 2719 Havniae
244 2702 269 2719 a.
285 2697 351 2720 1830
365 2696 478 2726 prodiit,
492 2702 549 2721 non
563 2696 642 2721 novi.

134 2729 184 2753 330
202 2735 230 2753 v.
244 2735 309 2754 ann.
325 2730 384 2754 262.

868 2663 916 2687 332
936 2663 1068 2687 Hannov.
1082 2665 1149 2688 1846
1162 2671 1222 2695 sqq.
1238 2663 1330 2690 Crusii
1343 2670 1456 2695 opernm
1469 2667 1546 2695 post-

834 2702 866 2720 ea
881 2698 994 2727 excepit
1006 2697 1235 2722 Muehlmannus.

868 2730 917 2754 333
936 2730 993 2755 vol.
1006 2731 1026 2755 Ι.
1044 2731 1138 2762 L'psal.
1154 2733 1229 2756 1848.
