1780 3204
493 258 647 292 Lmen
671 257 780 301 vm,
805 256 859 290 24.
887 256 1079 300 [a.o.327.
1098 256 1180 300 326]
1432 246 1514 288 4⁴23

170 362 435 404 Consentiam
473 361 542 414 (ex
572 360 775 415 Lucanis)
809 359 1108 414 Sipontumque
1140 358 1430 413 (Bruttiorum)
1467 375 1515 400 ao

169 425 380 473 Terinam,
407 423 506 464 alias
532 423 625 464 inde
645 422 951 476 Messapiorum
977 436 1024 462 ac
1048 422 1313 462 Lucanorum
1339 421 1515 476 cepisset

168 486 289 527 urbes
313 493 355 527 ct
380 491 580 526 trecentas
606 484 782 525 familias
807 484 998 525 inlustres
1024 484 1065 524 in
1089 483 1282 538 Epirum,
1315 498 1417 536 quas
1443 484 1515 525 ob-

170 549 305 590 sidum
334 563 504 588 numero
535 547 721 596 haberet,
758 547 954 594 misisset,
993 546 1104 587 haud
1132 546 1275 600 procul
1305 546 1513 586 Pandosia

168 610 268 651 urbe
300 610 519 650 inminente
549 609 733 650 Lucanis
766 623 812 649 ae
843 609 1015 649 Bruttiis
1046 608 1196 649 finibus
1228 608 1299 649 tris
1336 608 1514 649 tumulos

169 672 422 726 aliquantum
446 671 549 711 inter
575 686 617 712 se
643 671 841 711 distantes
867 670 1034 719 insedit,
1068 684 1119 710 ex
1143 669 1293 723 quibus
1318 669 1516 710 incursio—

169 748 241 774 nes
273 734 315 773 in
345 748 507 773 onmem
537 740 695 787 partem
727 732 812 787 agri
844 732 1002 773 hostilis
1033 731 1198 772 faceret.
1248 738 1287 772 et
1317 732 1514 772 ducentos

169 795 297 835 ferme
327 794 593 835 Lucanorum
631 794 770 835 exules
803 794 910 834 circa
941 809 983 834 se
1013 809 1086 848 pro
1117 794 1208 834 fidis
1241 793 1435 843 habebat,
1472 800 1517 833 ut

169 857 362 911 pleraque
394 856 480 897 eius
511 857 672 911 generis
703 856 868 911 ingenia
893 863 1004 905 sunt,
1037 871 1130 896 cum
1155 855 1319 897 fortuna
1342 855 1517 896 mutabi-

168 919 249 959 lem
274 925 461 972 gerentes
487 918 623 959 fidem.
677 918 827 959 imbres
855 918 1034 959 continui
1060 918 1214 972 campis
1241 918 1430 959 omnibus
1456 918 1517 958 in-

169 981 371 1022 undantes
398 995 490 1021 cum
515 980 839 1021 interclusissent
863 980 1060 1021 trifariam
1086 981 1308 1021 exereitum
1332 996 1356 1020 a
1375 986 1516 1020 mutuo

170 1042 274 1082 inter
299 1057 342 1083 se
367 1043 536 1091 auxilio,
569 1043 649 1084 duo
674 1043 895 1097 praesidia,
929 1057 1034 1095 quae
1061 1042 1147 1082 sine
1170 1056 1267 1096 rege
1293 1048 1424 1090 erant,
1456 1042 1517 1081 in-

169 1104 333 1157 proviso
358 1103 538 1145 hostium
569 1104 747 1144 adventu
778 1104 1080 1158 opprimuntur3
1118 1103 1342 1155 deletisque
1374 1103 1432 1143 eis
1464 1103 1517 1143 ad

169 1165 298 1218 ipsius
325 1164 579 1206 obsidionem
606 1180 747 1206 omnes
779 1164 979 1205 conversi.
1027 1164 1122 1204 inde
1153 1163 1205 1204 ab
1231 1164 1414 1204 Lucanis
1447 1178 1517 1203 ex-

172 1226 307 1267 ulibus
345 1225 397 1266 ad
444 1226 704 1268 suosnuntii
734 1226 850 1266 missi
882 1232 993 1274 sunt,
1031 1231 1232 1279 pactoque
1262 1225 1395 1265 reditu
1425 1239 1518 1279 pro-

168 1288 340 1328 missum
366 1294 445 1337 est,
471 1302 611 1342 regem
636 1294 706 1328 aut
730 1287 870 1327 vivum
896 1293 966 1327 aut
985 1293 1191 1327 mortuum
1212 1286 1253 1326 in
1271 1292 1517 1340 potestatem

168 1349 346 1389 daturos.
380 1355 560 1389 ceterum
580 1363 673 1388 cum
694 1349 860 1389 delectis
880 1348 967 1402 ipse
985 1348 1197 1403 egregium
1212 1347 1370 1389 facinus
1391 1363 1516 1388 ausus

166 1425 239 1464 per
258 1410 414 1451 medios
435 1410 610 1465 erumpit
628 1410 767 1451 hostes
788 1417 827 1451 et
841 1411 989 1451 ducem
1001 1410 1269 1451 Lucanorum
1289 1410 1517 1451 comminus

167 1487 435 1527 congressum
461 1472 694 1522 obtruncat,
728 1472 1055 1526 contrahensque
1082 1487 1179 1513 suos
1205 1487 1255 1512 ex
1281 1472 1379 1527 fuga
1405 1472 1517 1527 pala-

167 1541 229 1576 tos
255 1535 441 1589 pervenit
465 1535 517 1576 ad
542 1550 703 1576 amnem
729 1535 857 1576 ruinis
879 1534 1110 1576 recentibus
1130 1535 1285 1589 pontis,
1312 1549 1434 1588 quem
1454 1535 1516 1574 vis

167 1611 296 1650 aquae
322 1596 563 1646 abstulerat,
590 1597 837 1637 incidentem
856 1597 943 1637 iter.
982 1611 1104 1649 quem
1125 1611 1218 1637 eum
1238 1596 1391 1637 incerto
1411 1597 1517 1636 vado

167 1659 356 1699 transiret
386 1674 554 1713 agmen,
594 1658 730 1700 fessus
762 1666 872 1699 metu
905 1673 952 1699 ac
982 1658 1121 1699 labore
1151 1657 1268 1698 miles
1301 1658 1516 1711 increpans

167 1735 317 1762 nomen
343 1720 663 1761 abominandum
689 1721 886 1761 fluminis:
921 1720 1025 1760 ‘iure
1044 1719 1232 1760 Acheros
1259 1719 1432 1760 vocaris’
1458 1720 1519 1759 in-

168 1783 267 1836 quit.
317 1783 426 1835 quod
461 1782 532 1823 ubi
563 1783 615 1823 ad
645 1797 762 1823 aures
795 1782 940 1822 accidit
970 1781 1098 1836 regis,
1137 1781 1283 1821 adiecit
1313 1781 1517 1835 extemplo

169 1844 349 1884 animum
381 1844 475 1884 fatis
508 1844 592 1885 suis
625 1844 885 1896 substititque
917 1843 1066 1883 dubius
1098 1858 1150 1883 an
1182 1842 1381 1883 transiret.
1430 1849 1516 1883 tum

171 1904 356 1946 Sotimus
377 1905 562 1946 minister
581 1920 631 1946 ex
650 1906 773 1960 regiis
792 1905 948 1959 pueriS,
976 1905 1074 1957 quid
1093 1904 1133 1944 in
1154 1911 1265 1945 tanto
1284 1905 1517 1954 discrimine

168 1967 337 2021 periculi
363 1974 621 2008 cunctaretur
645 1968 918 2021 interrogans,
946 1967 1116 2015 indicat,
1141 1967 1338 2007 Lucanos
1357 1966 1516 2007 insidiis

169 2029 363 2081 quaerere
383 2029 531 2069 locum.
575 2030 684 2082 quod
705 2028 777 2069 ubi
792 2028 972 2083 respexit
996 2043 1068 2068 rex
1092 2027 1233 2082 procul
1258 2042 1383 2083 grege
1408 2028 1516 2068 facto

168 2090 395 2139 venientes,
430 2091 590 2145 stringit
615 2090 799 2146 gladium
824 2097 863 2130 et
887 2105 960 2144 per
983 2090 1164 2130 medium
1195 2104 1356 2130 amnem
1388 2096 1518 2130 trans-

168 2151 291 2191 mittit
316 2166 467 2204 equum
477 2168 486 2201 3
519 2152 682 2205 iamque
708 2152 748 2191 in
773 2152 925 2192 vadum
951 2166 1165 2206 egressum
1191 2150 1349 2192 eminus
1375 2158 1517 2191 veruto

168 2214 367 2254 Lucanus
411 2214 505 2254 exul
547 2214 762 2269 transfigit.
828 2214 989 2268 lapsum
1025 2213 1119 2253 inde
1156 2227 1247 2253 cum
1283 2213 1517 2253 inhaerente

170 2275 250 2315 telo
281 2290 428 2329 corpus
461 2276 647 2316 exanime
678 2276 821 2316 detulit
852 2276 982 2316 amnis
1014 2275 1056 2316 in
1086 2275 1266 2315 hostium
1300 2275 1515 2328 praesidia.

169 2336 226 2377 ibi
251 2337 372 2377 foeda
397 2337 586 2379 laceratio
612 2338 792 2392 corporis
818 2338 939 2378 facta.
977 2352 1153 2390 namque
1172 2337 1356 2391 praeciso
1381 2337 1516 2377 medio

170 2405 327 2451 partem
360 2397 626 2440 Consentiam
662 2400 828 2448 misere,
866 2414 960 2453 pars
998 2399 1098 2453 ipsis
1134 2405 1290 2439 retenta
1325 2399 1377 2439 ad
1411 2398 1518 2439 ludi-

170 2459 315 2500 brium.
376 2474 480 2513 quae
518 2475 611 2501 cum
646 2461 789 2501 iaculis
828 2461 1020 2513 saxisque
1058 2460 1197 2514 procul
1234 2461 1514 2510 incesseretur,

171 2521 316 2561 mulier
345 2536 427 2562 una
456 2523 563 2563 ultra
592 2522 862 2563 humanarum
888 2523 1039 2562 irarum
1064 2522 1186 2562 fidem
1214 2522 1410 2562 saevienti
1434 2529 1517 2563 tur-

172 2582 247 2623 bae
279 2583 466 2633 inmixta,
504 2590 548 2624 ut
577 2599 797 2638 parumper
828 2584 1073 2624 sustinerent
1102 2591 1284 2638 precata,
1321 2584 1422 2625 fiens
1448 2584 1516 2634 ait,

172 2644 305 2684 virum
341 2644 418 2685 sibi
453 2645 683 2698 liberosque
715 2652 855 2699 captos
881 2646 990 2699 apud
1020 2645 1160 2686 hostes
1193 2660 1302 2695 esse,
1340 2660 1513 2699 sperare,

172 2720 339 2760 corpore
374 2707 487 2761 regio
523 2714 744 2760 utcumque
780 2707 957 2748 mulcato
994 2722 1037 2749 se
1075 2722 1170 2749 suos
1201 2708 1514 2762 redempturam.

1544 932 1559 959 λ1

1545 1486 1584 1514 10

1546 1610 1580 1638 11

1546 2041 1584 2070 13

1547 2226 1585 2254 14

1545 2474 1583 2503 15
