1890 3303
315 249 389 279 XII
819 254 870 279 m:
896 254 985 279 VITA
1010 253 1061 278 Ac
1088 253 1250 278 SCRIPTIS

316 326 482 359 solentffl
515 329 676 359 ceterum
698 336 782 369 spes
804 325 970 368 integros
986 325 1024 357 li-
1051 325 1112 367 sis,
1134 326 1233 359 unde
1246 325 1364 368 ipsam
1384 325 1484 360 illam
1504 327 1759 362 dissertatiun-

314 370 402 404 bros
415 369 593 403 Livianos
607 369 851 412 recuperandi
872 379 946 401 nou
961 369 1024 401 mi—
1051 370 1172 402 culam
1198 374 1411 413 excerptam
1437 381 1520 405 esse
1539 372 1695 405 vidimus
1717 384 1760 406 ex

313 426 382 448 uus
415 425 526 458 saepe
553 414 717 447 excitata
742 417 799 446 est
825 424 937 456 quam
964 413 1024 446 de-
1050 414 1178 447 libello
1194 413 1239 447 de
1255 424 1365 447 cursu
1386 415 1577 448 stellarum
1597 416 1758 451 aFride-

315 462 464 503 ceptacb
500 469 621 502 neque
656 457 776 490 minus
809 457 1025 501 frequenter
1051 458 1128 491 rico
1156 458 1299 492 Haasio
1325 459 1372 492 ad
1400 458 1622 504 Gregorium
1643 460 1759 495 Turo-

313 504 492 537 minorum
521 513 615 547 quae
640 501 858 535 ferebantur
876 501 1025 546 reliqui—
1049 513 1202 536 nensem
1227 503 1346 537 relato
1375 508 1485 548 atque
1509 504 1651 548 publici
1671 505 1760 539 iuris

313 559 415 582 arum
439 547 671 581 inventarum
696 545 758 578 lux
783 546 843 579 vel
875 546 1023 580 omnino
1050 547 1151 581 facto
1177 547 1214 581 in
1239 548 1454 592 prolusione
1480 549 1694 584 academica
1713 551 1760 584 ad

312 603 401 637 prae
417 591 499 625 face
520 591 610 625 artis
631 590 780 624 criticae
801 591 952 624 evanuit
965 591 1025 624 vel
1049 593 1163 626 natal.
1182 603 1258 637 reg.
1279 593 1317 626 in
1337 593 1437 626 univ.
1453 593 1605 628 Vratisl.
1626 606 1657 628 a.
1672 594 1760 629 1853

313 642 412 671 certe
428 636 500 670 alio
518 635 754 679 splendorem
775 646 879 668 suum
894 635 1024 670 emisit.
1051 638 1297 679 celebranda,
1324 637 1388 671 ubi
1404 638 1579 672 'I'itianea
1597 638 1691 672 haec
1711 639 1760 673 le-

310 682 400 715 illuc
442 680 604 724 pertinet
646 679 895 724 fragmentum
939 666 1189 739 libriAguntur
1208 684 1238 725 ξ.
1258 683 1303 716 30
1322 694 1357 726 p.
1379 681 1439 726 14,
1465 682 1698 716 illustrantur
1723 695 1760 727 p.

311 726 422 769 XVI,
450 725 551 770 quod
578 736 596 758 e
622 725 702 758 cod.
724 724 941 759 Monasterii
961 724 1024 759 Sa·
1049 728 1093 760 36
1114 738 1194 771 sqq.
1244 731 1320 761 tum
1346 728 1419 761 huc
1443 727 1679 761 referendum
1706 734 1763 762 est

310 771 476 805 lemitani
503 769 830 816 (Salmansweiler)
862 771 940 804 ord.
967 769 1024 804 Ci-
1049 771 1178 806 folium
1197 773 1519 806 membranaceum
1540 772 1761 806 Toletanum

312 815 526 850 sterciensis
551 814 589 848 in
615 814 751 850 Suevia
782 815 1021 860 descriptum,
1049 817 1331 861 palimpsestum
1351 828 1373 851 a
1392 817 1604 861 Theophilo
1625 817 1761 852 Heinio

312 860 341 893 si
357 860 413 894 dis
433 860 576 904 placet,
603 871 625 894 a
639 859 832 895 Matthaeo
846 860 1021 903 Klockio‚

310 905 401 939 iuris
426 904 568 950 publici
593 905 733 939 factum
761 909 818 939 est
849 905 896 939 ab
922 905 950 939 I.
976 904 1022 938 D.

311 949 563 995 Schoepflfflo,
575 950 619 984 de
635 961 707 994 quo
723 949 931 994 fragmento
948 950 1021 984 suf-

310 995 414 1029 ficiat
443 994 794 1029 Drakenborehium
826 995 909 1039 XV,
935 996 953 1028 1
986 1006 1022 1039 p.

310 1039 471 1075 CXXIV
481 1051 562 1085 sqq.
577 1040 642 1073 653
652 1051 732 1084 sqq.
747 1040 934 1082 laudasse,
950 1040 1022 1073 huc

310 1085 465 1129 primum
480 1084 542 1119 ille
557 1085 602 1118 de
617 1084 804 1118 montibus
820 1084 968 1119 Siciliae
987 1088 1024 1118 et

310 1129 528 1174 praesertim
555 1130 599 1164 de
620 1129 743 1164 Aetna.
769 1130 874 1163 loeus
894 1130 940 1163 ad
960 1129 1021 1162 Li-

312 1175 410 1208 vium
436 1186 458 1208 a
484 1174 613 1209 codiee
639 1175 924 1209 Vindobonensi
952 1174 1022 1207 dis·

311 1220 602 1254 sertatiunculae
618 1220 663 1254 de
679 1224 821 1263 septem
835 1219 1022 1253 miraculis

311 1265 437 1298 mundi
451 1265 602 1304 relatus,
624 1275 645 1298 a.
659 1264 839 1298 Mauricio
855 1263 1021 1307 IIauptio

310 1321 407 1354 ponc
424 1308 545 1343 Ovidii
561 1309 774 1343 IIalieutica
793 1320 836 1343 ac
853 1309 972 1344 Gratii
986 1312 1023 1342 et

310 1354 525 1390 Nemesiani
540 1354 761 1399 cynegetica
775 1366 809 1398 p.
825 1355 868 1388 ΤΟ
883 1366 936 1398 sq.
957 1353 1020 1399 (cf.

311 1412 346 1445 p.
372 1399 541 1434 XXVIII
569 1400 644 1445 sq.)
671 1399 792 1433 editus
817 1400 1022 1444 tabulaque

310 1444 589 1489 lithographica
627 1455 670 1478 ex
709 1444 838 1478 codice
875 1455 1022 1488 expres-

311 1493 432 1533 suS‚66
464 1500 573 1534 quem
599 1490 646 1523 ad
671 1489 805 1522 Iulium
833 1489 1021 1523 Titianum

309 1535 496 1580 pertinere
523 1534 651 1569 docuit
672 1534 752 1568 cod.
773 1534 1023 1579 Bambergen-

344 1651 375 1674 (34
400 1649 487 1674 veluti
514 1651 542 1673 et
566 1649 639 1680 apud
664 1649 926 1674 Drakenborcbium
948 1648 1022 1677 XIV.

311 1684 359 1708 793
373 1690 444 1713 sqq-3
458 1684 668 1707 accuratissime
683 1687 817 1713 congesta
831 1686 858 1707 et
871 1683 946 1707 edita
960 1685 1025 1707 sunt

310 1724 326 1741 a
345 1717 574 1741 Weissenbornio
601 1717 645 1740 cd.
665 1717 774 1741 Teubn.
794 1717 842 1741 Vl.
864 1724 890 1747 p.
905 1717 943 1741 VI
963 1724 1024 1748 sqq.

310 1757 381 1781 quae
395 1750 429 1774 ad
442 1750 575 1780 reliquias
584 1751 767 1775 Caesarianas
776 1754 803 1775 et
811 1751 945 1775 Livianus
959 1758 1025 1781 sup-

310 1784 427 1815 plendas
452 1787 535 1814 atque
560 1784 742 1809 illustrandas
767 1785 947 1815 proposuisse.
972 1784 1024 1808 sibi

309 1819 387 1842 visus
407 1820 449 1841 est
469 1818 512 1841 Fr.
530 1817 604 1841 Guil.
621 1818 689 1842 Otto
710 1819 738 1842 in
759 1825 860 1842 comm.
875 1819 945 1842 actis
964 1820 1023 1842 ant.

308 1851 397 1876 Μαι-1).
413 1852 479 1876 1850
499 1859 526 1875 n.
541 1852 639 1876 39—41
661 1852 781 1878 inserta.
804 1858 836 1875 ea
855 1853 883 1875 in
904 1852 1024 1875 Caesare

310 1886 418 1910 nullum
433 1885 539 1909 habent
552 1892 633 1909 usum
653 1886 700 1914 (cs.
716 1886 814 1916 philol.
830 1886 863 1915 V,
878 1887 927 1910 754
941 1887 1024 1916 sqq.),

310 1920 338 1943 in
353 1919 436 1943 Livio
450 1926 575 1950 parcum.

344 1955 375 1977 65
395 1953 431 1977 cf.
452 1959 523 1983 quae
548 1955 679 1977 enarrant
701 1953 736 1977 D.
759 1953 792 1977 G.
812 1952 965 1977 Morliofius
991 1952 1024 1976 de

310 1988 499 2011 Patavinitate
518 1987 639 2011 Liviana
663 1994 724 2017 cap.
738 1987 761 2011 1.
781 1987 852 2015 (XV,
873 1988 896 2015 1,
917 1988 949 2011 53
963 1993 1023 2017 sqq.

311 2021 428 2050 Drakb.)
444 2024 472 2044 et
484 2020 507 2044 Ι.
516 2021 551 2045 Α.
561 2021 705 2045 Fabricius
720 2021 786 2045 bibl.
796 2021 858 2045 Lat.
868 2020 889 2049 Ι,
900 2021 948 2045 296
962 2028 1022 2051 sqq.

310 2055 353 2079 ed.
370 2056 439 2079 Ern-
454 2054 524 2084 adde
543 2055 678 2085 epistulas
692 2055 790 2085 Poggii
809 2055 886 2083 duas,
909 2062 1023 2085 quarum

309 2090 426 2113 alteram
441 2088 658 2113 edidithomas
671 2089 704 2112 de
712 2089 944 2119 TonellisP0ggii
959 2095 1022 2119 epp.

310 2123 331 2149 1.
348 2124 396 2147 104
421 2123 469 2151 (cf.
491 2122 591 2147 Orellii
610 2122 732 2152 symbol.
753 2123 882 2146 nonnull.
903 2122 937 2146 ad
957 2123 1022 2146 hist.

310 2158 380 2188 pllil.
399 2164 427 2187 p.
442 2156 501 2184 10).
527 2156 645 2180 alteram
664 2157 791 2187 Angelus
814 2156 904 2180 Maius
930 2157 1022 2186 spicil.

309 2191 388 2214 Rom.
403 2190 438 2219 X,
453 2191 501 2214 316
527 2190 575 2219 (cs.
597 2190 704 2214 Osanui
730 2191 818 2220 praef.
838 2190 872 2213 ad
892 2192 968 2213 Suet.
990 2190 1023 2213 de

309 2225 381 2249 rliet.
397 2227 423 2248 et
438 2231 554 2254 gramm.
569 2223 619 2247 lib.
634 2231 661 2254 p.
676 2224 714 2248 IX
728 2224 793 2253 sq.),
814 2231 897 2247 unam
913 2223 1022 2247 Colucii

310 2258 427 2282 salutati
447 2258 549 2281 editam
569 2264 583 2281 a
603 2257 737 2281 Mauricio
752 2258 874 2287 Hauptio
895 2258 922 2281 in
942 2259 1021 2281 nunt.

310 2300 367 2316 soc.
383 2293 425 2316 Iit.
441 2292 507 2315 Sax.
527 2291 563 2315 cl.
585 2292 630 2322 ph.
646 2292 710 2315 hist.
726 2293 792 2315 1850
810 2291 849 2320 11,
864 2292 968 2317 16-182
989 2291 1022 2314 (le

310 2326 407 2349 codice
427 2325 546 2356 quodam
568 2325 668 2349 Pisano
693 2325 853 2355 quindecim
879 2325 1021 2351 libroruin,

311 2363 338 2383 ut
349 2359 498 2388 serebatur,
508 2359 717 2390 deperditorum
731 2359 767 2383 cf.
778 2359 883 2383 Blumii
899 2359 1021 2383 itcrltnl.

310 2394 419 2422 11.107,
440 2393 474 2417 (le
495 2400 537 2420 eo,
558 2393 603 2423 qui
625 2392 873 2423 Constantinopoli
899 2393 927 2416 in
946 2393 1023 2421 regia

311 2427 476 2451 delitescere
490 2427 635 2451 dicebatur
646 2427 836 2451 Mordtmanni
851 2433 951 2451 comm.
961 2427 1022 2457 pni-

311 2461 358 2484 lol.
374 2461 407 2489 V,
423 2462 471 2484 760
486 2468 526 2491 sq.
542 2461 687 2485 insertam.

345 2496 376 2517 GG
396 2495 636 2525 cf.Kreyssigium
652 2496 680 2518 in
694 2494 738 2519 ed.
754 2495 801 2518 lib.
816 2495 880 2519 Liv.
896 2494 1022 2521 xxxin,

313 2536 338 2558 p.
355 2528 469 2552 CXXIII
485 2535 526 2558 sq.
546 2531 574 2552 ct
592 2529 620 2552 in
641 2536 698 2552 cur.
718 2535 774 2553 sec.
796 2529 829 2552 ad
848 2529 880 2552 T.
895 2529 969 2552 Livii
990 2528 1022 2552 fr.

311 2562 371 2585 Tol.
385 2561 485 2585 Misen.
501 2563 566 2586 1852
581 2570 608 2593 p.
623 2563 646 2589 9,
662 2562 920 2587 Weisscnbornlum
936 2563 963 2585 in
978 2562 1022 2585 ed.

312 2596 374 2619 Liv.
389 2596 495 2619 Teubn.
511 2596 559 2623 Vl,
574 2604 600 2627 p.
616 2597 666 2620 111.
681 2597 738 2623 Vl..
759 2596 805 2620 ubi
826 2597 871 2620 hic
889 2597 967 2620 locus
987 2603 1023 2619 ex

311 2629 426 2659 Ilauptii
441 2631 581 2653 sententia
595 2630 658 2654 libri
673 2631 745 2654 XIV.
761 2630 925 2661 fragmentis
940 2630 982 2659 (sr-
996 2632 1022 2655 4)

312 2664 432 2687 insertus
447 2666 503 2689 est.
524 2663 675 2688 Linkcrum
697 2665 723 2688 in
744 2668 798 2688 act.
813 2671 910 2695 ¹eymn.
926 2664 1021 2688 Austr.

312 2697 386 2723 1852.
401 2696 460 2720 93⁸.
476 2698 550 2723 185⁴.
570 2699 628 2725 422,
654 2698 700 2721 ubi
720 2698 882 2723 adnotavit.
903 2698 1022 2721 eundem

1049 868 1237 906 repertum
1275 867 1311 896 et
1342 873 1364 896 a
1398 862 1562 905 Georgio
1596 862 1761 896 Hem-ico

1049 907 1198 941 Pertzio
1219 910 1398 951 tanquam
1425 907 1488 940 lib.
1507 906 1681 940 XCVIII.
1701 907 1762 940 Li—

1050 952 1147 986 viani
1173 951 1423 996 fragmentum
1449 951 1486 985 in
1507 963 1636 985 comm.
1658 953 1762 985 acad.

1049 997 1199 1030 Boruss.
1215 1008 1246 1030 a.
1263 996 1349 1030 1847
1359 1000 1389 1023 67
1405 996 1556 1037 editum,
1573 997 1671 1040 quod
1683 996 1761 1030 Sal-

1049 1041 1150 1075 lustii
1180 1041 1345 1074 historiis
1377 1041 1614 1074 tribuendum
1646 1041 1762 1074 videri

1048 1086 1204 1130 primum
1248 1085 1475 1130 Bergkiuses
1525 1084 1761 1130 significavit,

1048 1137 1122 1165 tum
1140 1131 1234 1164 libro
1250 1131 1449 1164 earundem
1465 1130 1571 1164 alteri
1591 1130 1761 1164 Heerwa-

1048 1176 1221 1220 genius-6⁰
1247 1180 1284 1209 et
1307 1174 1468 1209 Rothius
1494 1175 1763 1209 Basileensisw

1048 1221 1347 1262 vindicaverunt,
1381 1226 1569 1264 postremo
1596 1220 1761 1254 eiusdem

1047 1265 1215 1310 reliquiis
1265 1269 1302 1299 et
1342 1265 1546 1298 Kritziusss
1591 1269 1628 1299 et
1671 1264 1760 1299 Ger-

1049 1311 1232 1344 laehiusw
1259 1310 1505 1344 inseruerunt.
1541 1313 1760 1344 nontamen

1049 1356 1198 1390 omnino
1228 1355 1324 1389 male
1357 1365 1404 1388 ne
1439 1354 1576 1389 nostris
1614 1355 1759 1399 quidem

1049 1401 1182 1435 diebus
1214 1400 1308 1434 haee
1340 1399 1463 1434 studia
1497 1399 1656 1434 cessisse
1680 1399 1759 1432 uni-

1050 1458 1131 1479 cum
1159 1445 1325 1491 quidem,
1354 1444 1419 1479 sed
1448 1444 1538 1479 satis
1564 1454 1677 1489 grave
1702 1455 1760 1478 ex-

1049 1495 1102 1525 tat
1127 1492 1389 1524 documentum
1414 1489 1517 1533 libri,
1542 1495 1583 1523 ut
1603 1489 1760 1532 videtur,

1050 1536 1235 1570 CXXXV.
1261 1536 1508 1579 fragmentum
1529 1546 1571 1569 ex
1592 1534 1655 1567 lib.
1675 1533 1757 1567 XII.

1049 1580 1262 1626 Apponiani
1278 1581 1314 1613 in
1331 1579 1514 1614 canticum
1531 1579 1760 1613 canticorum

1051 1625 1304 1661 commentarii
1324 1636 1345 1658 a
1359 1625 1512 1659 Bottino
1534 1628 1571 1659 et
1587 1623 1760 1657 Martinio

1052 1671 1189 1705 Romae
1221 1682 1253 1705 a.
1285 1670 1373 1705 1843
1404 1670 1493 1704 editi
1524 1681 1560 1714 p.
1585 1668 1650 1703 237
1682 1679 1761 1703 eru-

1050 1720 1177 1751 tumst

1084 1820 1114 1843 67
1135 1820 1163 1843 in
1178 1820 1371 1843 commmlass.
1386 1819 1455 1849 phil.
1471 1819 1537 1843 hist.
1549 1818 1643 1842 Berol.
1654 1819 1719 1842 1841)
1734 1825 1760 1848 p.

1050 1854 1174 1878 221-2239
1193 1860 1225 1877 ac
1239 1855 1357 1877 seorsim
1372 1853 1467 1877 Berol.
1482 1853 1548 1877 1848
1567 1853 1603 1875 cf.
1617 1854 1672 1875 act.
1688 1852 1761 1875 cius-

1051 1888 1113 1911 dem
1127 1887 1205 1910 acad.
1214 1890 1331 1912 menstr.
1342 1888 1416 1914 1850,
1427 1887 1458 1910 33
1466 1893 1506 1916 sq.
1527 1886 1594 1910 Ern.
1605 1885 1760 1909 a.1.eutscli

1050 1920 1148 1952 philol.
1158 1920 1207 1948 111,
1217 1922 1265 1945 574
1280 1928 1340 1951 sqq.
1361 1920 1556 1951 Kreyssigium
1572 1920 1600 1943 iu
1615 1926 1716 1944 comm.
1727 1920 1761 1943 (lc

1049 1955 1081 1979 T.
1096 1955 1171 1978 Livii
1191 1955 1257 1978 hist.
1277 1955 1338 1978 rell.
1355 1961 1368 1977 e
1389 1955 1519 1985 palimps.
1534 1954 1595 1977 Tol.
1617 1954 1712 1982 erutis,
1734 1957 1762 1977 ct

1050 1988 1174 2012 eiusdem
1195 1989 1228 2012 ad
1248 1989 1322 2012 Livii
1344 1988 1392 2012 lib.
1406 1988 1581 2012 XLI-XLV.
1602 1987 1760 2011 annotatio-

1049 2023 1131 2046 nibus
1145 2022 1264 2051 adiecta,
1279 2022 1380 2046 Misen.
1394 2023 1470 2050 18⁴9,
1491 2024 1574 2052 atque
1589 2022 1617 2045 in
1631 2022 1704 2045 curis
1718 2028 1760 2045 sc-

1049 2057 1148 2080 cundis
1168 2057 1201 2079 atl
1221 2057 1270 2080 has
1289 2056 1350 2080 rell.
1365 2055 1466 2079 Miseu.
1481 2063 1506 2079 a.
1521 2056 1586 2079 1852
1601 2055 1692 2083 editis,
1714 2055 1760 2084 qui

1049 2090 1082 2114 ad
1096 2090 1144 2114 lib.
1159 2090 1245 2114 XCV.
1260 2091 1310 2114 has
1326 2090 1441 2113 lacinias
1460 2089 1569 2113 rettulit
1588 2095 1642 2112 non
1658 2089 1760 2118 impro—

1049 2124 1132 2148 bante
1146 2124 1197 2147 Ἧι.
1212 2123 1407 2149 Mommsenio.
1429 2123 1475 2153 qni
1495 2122 1647 2146 secundum
1667 2122 1761 2145 literas

1049 2165 1064 2181 a
1091 2159 1125 2182 Β.
1147 2158 1303 2187 Borgliesio
1329 2159 1459 2187 acceptas
1485 2163 1531 2180 eas
1556 2156 1707 2179 illustravit
1732 2156 1759 2178 in

1048 2194 1128 2215 nunt.
1143 2198 1201 2214 soc.
1217 2191 1258 2214 lit.
1273 2191 1338 2214 Sax.
1355 2190 1605 2220 cl.pli.nist.1.‘-·:'=0‚
1621 2189 1759 2213 lac-199:

1049 2226 1091 2249 liis
1105 2225 1175 2248 adde
1190 2225 1366 2248 Huschkium
1382 2227 1436 2247 act.
1453 2223 1602 2254 iurisprud.
1618 2223 1683 2247 liist.
1699 2223 1758 2248 XV.

1048 2259 1181 2286 273-286,
1197 2258 1457 2282 Weissenbomium
1472 2257 1489 2281 l.
1506 2258 1523 2281 l.
1545 2257 1577 2280 sr.
1594 2258 1624 2280 72
1644 2264 1670 2287 p.
1685 2256 1759 2285 XVI,

1049 2293 1112 2316 coll.
1127 2300 1154 2323 p.
1169 2292 1208 2316 lv
1222 2299 1263 2322 sq.

1082 2328 1113 2350 GS
1133 2329 1186 2350 act.
1202 2326 1288 2356 antiq.
1303 2325 1390 2349 Mai-1¹.
1406 2325 1480 2350 lis,
1496 2325 1555 2348 880.

1082 2361 1113 2383 Ga
1133 2367 1160 2383 v.
1169 2360 1327 2390 Kreyssigii
1343 2367 1385 2389 vp.
1395 2359 1428 2381 :ul
1439 2359 1578 2382 Kritzium
1588 2357 1621 2381 de
1631 2356 1759 2388 C.Crispi

1049 2394 1173 2417 Sallustii
1189 2394 1255 2417 hist.
1271 2393 1318 2417 lib.
1329 2393 1352 2416 Il
1367 2393 1426 2416 rell.
1437 2399 1471 2416 ex
1486 2391 1685 2423 palimps.Tol.
1699 2398 1760 2416 ern-

1048 2428 1084 2452 tis
1097 2428 1197 2452 Misen.
1213 2428 1290 2451 1852.

1082 2462 1114 2485 70
1134 2468 1204 2485 mus.
1220 2461 1288 2491 phil.
1301 2460 1378 2488 vm,
1393 2460 1441 2484 433
1454 2461 1528 2484 -440,

1082 2496 1110 2519 71
1134 2495 1166 2519 C.
1182 2495 1248 2519 Sall.
1265 2494 1357 2524 Crispi
1377 2495 1442 2517 hist.
1457 2494 1490 2517 fr.
1504 2494 1540 2521 11,
1555 2494 1597 2517 47.
1612 2493 1644 2517 49
1664 2492 1759 2522 (50,1l
1791 2501 1795 2504 ·

1049 2537 1076 2559 p.
1092 2530 1139 2553 1:30
1153 2536 1213 2559 sqq.
1229 2529 1293 2552 coll.
1315 2535 1359 2558 ep.
1380 2528 1441 2551 crit.
1457 2527 1491 2551 ad
1510 2527 1758 2551 Wuestemannum

1050 2563 1116 2586 ibid.
1138 2570 1165 2593 p.
1180 2563 1231 2587 XII
1246 2570 1307 2593 sqq.
1323 2564 1351 2586 et
1370 2562 1414 2585 ed.
1429 2562 1497 2586 min.
1513 2561 1592 2591 Lips.
1606 2567 1632 2584 a.
1647 2561 1712 2584 1856
1731 2567 1758 2590 p.

1049 2598 1096 2621 ’282
1111 2604 1152 2626 sq.

1082 2632 1113 2654 72
1133 2630 1181 2654 lib.
1196 2630 1222 2654 11
1242 2630 1275 2654 sr.
1290 2631 1336 2654 101
1352 2636 1393 2660 sq.
1408 2637 1436 2661 p.
1450 2629 1498 2653 117
1512 2635 1552 2658 sq.
1569 2626 1688 2651 cd.Sall.
1703 2629 1758 2652 ste-

1047 2668 1182 2695 reotypac
1198 2665 1276 2695 Lips.
1292 2664 1367 2688 1⁸56.

1082 2700 1114 2722 73
1133 2699 1166 2722 fr.
1181 2700 1212 2721 55
1226 2706 1253 2729 p.
1267 2697 1341 2721 XIV.
1356 2696 1448 2721 XVssb.
1463 2696 1498 2719 cf.
1514 2692 1756 2719 Schneidewinum

311 2730 404 2753 Iocum
424 2730 475 2753 sub
494 2730 561 2754 Titii
580 2731 681 2755 Iuliani
701 2733 814 2756 nomine
835 2732 889 2763 legi
910 2732 937 2756 in
956 2731 1022 2755 Maii
1048 2733 1168 2756 innunt.
1183 2732 1210 2755 d.
1226 2734 1279 2755 act.
1295 2731 1336 2755 lit.
1352 2731 1415 2754 Hal.
1430 2737 1454 2753 a.
1469 2730 1535 2753 1843
1553 2728 1670 2752 adiectis
1683 2735 1711 2752 n.
1726 2730 1754 2751 (il

311 2763 376 2788 coll.
392 2764 454 2789 Vat.
470 2764 518 2793 11],
534 2765 592 2788 239.

1049 2773 1075 2797 p.
1091 2766 1211 2790 499-501
1230 2768 1257 2789 ct
1271 2766 1298 2789 in
1312 2765 1382 2789 actis
1396 2763 1495 2794 philol.
1511 2762 1644 2787 Cassellis
1658 2763 1757 2786 mlsls
