<?xml version="1.0" encoding="UTF-8"?>
<!DOCTYPE html PUBLIC "-//W3C//DTD XHTML 1.0 Transitional//EN"
    "http://www.w3.org/TR/xhtml1/DTD/xhtml1-transitional.dtd">
<html xmlns="http://www.w3.org/1999/xhtml" xml:lang="en" lang="en">
 <head>
  <title>
</title>
<meta http-equiv="Content-Type" content="text/html;charset=utf-8" />
  <meta name='ocr-system' content='tesseract 3.04.00' />
  <meta name='ocr-capabilities' content='ocr_page ocr_carea ocr_par ocr_line ocrx_word'/>
</head>
<body>
  <div class='ocr_page' id='page_1' title='image "./aburbeconditalib01livyuoft_0412.png"; bbox 0 0 1835 3226; ppageno 0'>
   <div class='ocr_carea' id='block_1_1' title="bbox 299 290 1376 338">
    <p class='ocr_par' dir='ltr' id='par_1_1' title="bbox 299 290 1376 338">
     <span class='ocr_line' id='line_1_1' title="bbox 299 290 1376 338; baseline -0.004 -7"><span class='ocrx_word' id='word_1_1' title='bbox 299 290 381 331; x_wconf 69' lang='grc'>246</span> <span class='ocrx_word' id='word_1_2' title='bbox 569 295 723 329; x_wconf 72' lang='lat' dir='ltr'>LIBER</span> <span class='ocrx_word' id='word_1_3' title='bbox 748 292 842 338; x_wconf 79' lang='lat'>1111,</span> <span class='ocrx_word' id='word_1_4' title='bbox 867 293 921 326; x_wconf 70' lang='grc' dir='ltr'>ῡῡ.</span> <span class='ocrx_word' id='word_1_5' title='bbox 941 292 994 325; x_wconf 72' lang='lat'>57.</span> <span class='ocrx_word' id='word_1_6' title='bbox 1023 294 1070 335; x_wconf 72' lang='lat' dir='ltr'>[a.</span> <span class='ocrx_word' id='word_1_7' title='bbox 1086 303 1119 324; x_wconf 84' lang='lat' dir='ltr'>u.</span> <span class='ocrx_word' id='word_1_8' title='bbox 1135 292 1376 337; x_wconf 56' lang='lat' dir='ltr'>atne-345]</span> 
     </span>
    </p>
   </div>
   <div class='ocr_carea' id='block_1_2' title="bbox 231 396 1662 2810">
    <p class='ocr_par' dir='ltr' id='par_1_2' title="bbox 231 396 1662 2497">
     <span class='ocr_line' id='line_1_2' title="bbox 295 396 1656 451; baseline 0.001 -10"><span class='ocrx_word' id='word_1_9' title='bbox 295 401 447 441; x_wconf 86' lang='lat' dir='ltr'>Iulium</span> <span class='ocrx_word' id='word_1_10' title='bbox 473 397 794 450; x_wconf 80' lang='lat' dir='ltr'>Corneliumque</span> <span class='ocrx_word' id='word_1_11' title='bbox 819 396 969 446; x_wconf 86' lang='lat' dir='ltr'>ferunt,</span> <span class='ocrx_word' id='word_1_12' title='bbox 996 410 1228 451; x_wconf 84' lang='lat' dir='ltr'>magnoque</span> <span class='ocrx_word' id='word_1_13' title='bbox 1254 397 1475 438; x_wconf 80' lang='lat' dir='ltr'>certamine</span> <span class='ocrx_word' id='word_1_14' title='bbox 1500 398 1656 442; x_wconf 34' lang='lat' dir='ltr'>animo*</span> 
     </span>
     <span class='ocr_line' id='line_1_3' title="bbox 232 458 1654 513; baseline -0.001 -9"><span class='ocrx_word' id='word_1_15' title='bbox 232 476 271 505; x_wconf 71' lang='lat'>10</span> <span class='ocrx_word' id='word_1_16' title='bbox 295 476 385 502; x_wconf 87' lang='lat' dir='ltr'>rum</span> <span class='ocrx_word' id='word_1_17' title='bbox 416 475 503 501; x_wconf 88' lang='lat' dir='ltr'>rem</span> <span class='ocrx_word' id='word_1_18' title='bbox 534 466 686 508; x_wconf 88' lang='lat' dir='ltr'>actam,</span> <span class='ocrx_word' id='word_1_19' title='bbox 725 473 818 499; x_wconf 89' lang='lat' dir='ltr'>cum</span> <span class='ocrx_word' id='word_1_20' title='bbox 847 458 1048 513; x_wconf 87' lang='lat' dir='ltr'>primores</span> <span class='ocrx_word' id='word_1_21' title='bbox 1078 464 1242 513; x_wconf 87' lang='lat' dir='ltr'>patrum</span> <span class='ocrx_word' id='word_1_22' title='bbox 1274 459 1525 513; x_wconf 80' lang='lat' dir='ltr'>nequiquam</span> <span class='ocrx_word' id='word_1_23' title='bbox 1561 475 1654 502; x_wconf 87' lang='lat' dir='ltr'>con-</span> 
     </span>
     <span class='ocr_line' id='line_1_4' title="bbox 296 519 1655 576; baseline 0 -13"><span class='ocrx_word' id='word_1_24' title='bbox 296 521 447 576; x_wconf 81' lang='lat' dir='ltr'>questi,</span> <span class='ocrx_word' id='word_1_25' title='bbox 484 536 568 562; x_wconf 91' lang='lat' dir='ltr'>non</span> <span class='ocrx_word' id='word_1_26' title='bbox 593 534 685 561; x_wconf 88' lang='lat' dir='ltr'>esse</span> <span class='ocrx_word' id='word_1_27' title='bbox 709 520 752 561; x_wconf 91' lang='lat' dir='ltr'>in</span> <span class='ocrx_word' id='word_1_28' title='bbox 783 519 1024 561; x_wconf 86' lang='lat' dir='ltr'>auctoritate</span> <span class='ocrx_word' id='word_1_29' title='bbox 1057 525 1223 560; x_wconf 89' lang='lat' dir='ltr'>senatus</span> <span class='ocrx_word' id='word_1_30' title='bbox 1250 520 1436 563; x_wconf 89' lang='lat' dir='ltr'>tribunos</span> <span class='ocrx_word' id='word_1_31' title='bbox 1467 521 1655 572; x_wconf 87' lang='lat' dir='ltr'>militum,</span> 
     </span>
     <span class='ocr_line' id='line_1_5' title="bbox 294 581 1656 639; baseline 0 -15"><span class='ocrx_word' id='word_1_32' title='bbox 294 590 504 639; x_wconf 88' lang='lat' dir='ltr'>postremo</span> <span class='ocrx_word' id='word_1_33' title='bbox 535 582 658 623; x_wconf 89' lang='lat' dir='ltr'>etiam</span> <span class='ocrx_word' id='word_1_34' title='bbox 689 581 875 623; x_wconf 90' lang='lat' dir='ltr'>tribunos</span> <span class='ocrx_word' id='word_1_35' title='bbox 906 581 1018 636; x_wconf 88' lang='lat' dir='ltr'>plebi</span> <span class='ocrx_word' id='word_1_36' title='bbox 1055 581 1307 636; x_wconf 84' lang='lat' dir='ltr'>appellarent</span> <span class='ocrx_word' id='word_1_37' title='bbox 1343 589 1383 624; x_wconf 88' lang='lat' dir='ltr'>et</span> <span class='ocrx_word' id='word_1_38' title='bbox 1419 582 1656 625; x_wconf 88' lang='lat' dir='ltr'>consulibus</span> 
     </span>
     <span class='ocr_line' id='line_1_6' title="bbox 296 644 1659 700; baseline 0 -14"><span class='ocrx_word' id='word_1_39' title='bbox 296 659 458 700; x_wconf 88' lang='lat' dir='ltr'>quoque</span> <span class='ocrx_word' id='word_1_40' title='bbox 484 644 536 686; x_wconf 91' lang='lat' dir='ltr'>ab</span> <span class='ocrx_word' id='word_1_41' title='bbox 562 659 611 685; x_wconf 90' lang='lat' dir='ltr'>ea</span> <span class='ocrx_word' id='word_1_42' title='bbox 634 650 837 699; x_wconf 82' lang='lat' dir='ltr'>potestate</span> <span class='ocrx_word' id='word_1_43' title='bbox 862 644 947 684; x_wconf 77' lang='lat' dir='ltr'>vim</span> <span class='ocrx_word' id='word_1_44' title='bbox 973 658 1097 698; x_wconf 90' lang='lat' dir='ltr'>super</span> <span class='ocrx_word' id='word_1_45' title='bbox 1119 644 1191 685; x_wconf 88' lang='lat' dir='ltr'>tali</span> <span class='ocrx_word' id='word_1_46' title='bbox 1220 659 1263 685; x_wconf 90' lang='lat' dir='ltr'>re</span> <span class='ocrx_word' id='word_1_47' title='bbox 1294 644 1509 686; x_wconf 85' lang='lat' dir='ltr'>inhibitam</span> <span class='ocrx_word' id='word_1_48' title='bbox 1533 645 1659 686; x_wconf 84' lang='lat' dir='ltr'>refer-</span> 
     </span>
     <span class='ocr_line' id='line_1_7' title="bbox 233 705 1662 761; baseline -0.001 -12"><span class='ocrx_word' id='word_1_49' title='bbox 233 724 266 752; x_wconf 77' lang='lat'>11</span> <span class='ocrx_word' id='word_1_50' title='bbox 296 714 383 748; x_wconf 88' lang='lat' dir='ltr'>rent</span> <span class='ocrx_word' id='word_1_51' title='bbox 393 723 403 757; x_wconf 92' lang='lat'>;</span> <span class='ocrx_word' id='word_1_52' title='bbox 442 706 595 748; x_wconf 91' lang='lat' dir='ltr'>tribuni</span> <span class='ocrx_word' id='word_1_53' title='bbox 620 705 749 761; x_wconf 88' lang='lat' dir='ltr'>plebi,</span> <span class='ocrx_word' id='word_1_54' title='bbox 786 705 884 747; x_wconf 87' lang='lat' dir='ltr'>laeti</span> <span class='ocrx_word' id='word_1_55' title='bbox 914 706 1120 747; x_wconf 85' lang='lat' dir='ltr'>discordia</span> <span class='ocrx_word' id='word_1_56' title='bbox 1149 712 1331 761; x_wconf 88' lang='lat' dir='ltr'>patrum,</span> <span class='ocrx_word' id='word_1_57' title='bbox 1368 707 1468 747; x_wconf 87' lang='lat' dir='ltr'>nihil</span> <span class='ocrx_word' id='word_1_58' title='bbox 1501 722 1592 748; x_wconf 89' lang='lat' dir='ltr'>csse</span> <span class='ocrx_word' id='word_1_59' title='bbox 1616 708 1662 748; x_wconf 71' lang='lat' dir='ltr'>in‘</span> 
     </span>
     <span class='ocr_line' id='line_1_8' title="bbox 295 768 1659 823; baseline 0 -13"><span class='ocrx_word' id='word_1_60' title='bbox 295 770 344 810; x_wconf 89' lang='lat' dir='ltr'>iis</span> <span class='ocrx_word' id='word_1_61' title='bbox 370 769 511 810; x_wconf 81' lang='lat' dir='ltr'>auxilii</span> <span class='ocrx_word' id='word_1_62' title='bbox 536 769 730 818; x_wconf 84' lang='lat' dir='ltr'>dicerent,</span> <span class='ocrx_word' id='word_1_63' title='bbox 757 768 909 822; x_wconf 91' lang='lat' dir='ltr'>quibus</span> <span class='ocrx_word' id='word_1_64' title='bbox 934 783 1016 809; x_wconf 90' lang='lat' dir='ltr'>non</span> <span class='ocrx_word' id='word_1_65' title='bbox 1041 768 1205 818; x_wconf 82' lang='lat' dir='ltr'>civium,</span> <span class='ocrx_word' id='word_1_66' title='bbox 1232 783 1314 810; x_wconf 92' lang='lat' dir='ltr'>non</span> <span class='ocrx_word' id='word_1_67' title='bbox 1333 769 1509 823; x_wconf 90' lang='lat' dir='ltr'>denique</span> <span class='ocrx_word' id='word_1_68' title='bbox 1528 769 1659 811; x_wconf 92' lang='lat' dir='ltr'>homi-</span> 
     </span>
     <span class='ocr_line' id='line_1_9' title="bbox 231 831 1660 886; baseline -0.001 -11"><span class='ocrx_word' id='word_1_69' title='bbox 231 847 270 876; x_wconf 78' lang='lat'>12</span> <span class='ocrx_word' id='word_1_70' title='bbox 296 849 395 874; x_wconf 88' lang='lat' dir='ltr'>num</span> <span class='ocrx_word' id='word_1_71' title='bbox 426 847 597 874; x_wconf 88' lang='lat' dir='ltr'>numero</span> <span class='ocrx_word' id='word_1_72' title='bbox 629 839 779 874; x_wconf 87' lang='lat' dir='ltr'>essent.</span> <span class='ocrx_word' id='word_1_73' title='bbox 831 832 865 873; x_wconf 89' lang='lat' dir='ltr'>si</span> <span class='ocrx_word' id='word_1_74' title='bbox 896 832 1061 886; x_wconf 88' lang='lat' dir='ltr'>quando</span> <span class='ocrx_word' id='word_1_75' title='bbox 1091 832 1286 886; x_wconf 87' lang='lat' dir='ltr'>promisci</span> <span class='ocrx_word' id='word_1_76' title='bbox 1316 831 1512 882; x_wconf 83' lang='lat' dir='ltr'>honores,</span> <span class='ocrx_word' id='word_1_77' title='bbox 1549 847 1660 874; x_wconf 88' lang='lat' dir='ltr'>eom-</span> 
     </span>
     <span class='ocr_line' id='line_1_10' title="bbox 296 895 1659 951; baseline -0.001 -14"><span class='ocrx_word' id='word_1_78' title='bbox 296 896 503 938; x_wconf 87' lang='lat' dir='ltr'>municata</span> <span class='ocrx_word' id='word_1_79' title='bbox 531 911 597 938; x_wconf 89' lang='lat' dir='ltr'>res</span> <span class='ocrx_word' id='word_1_80' title='bbox 634 895 800 951; x_wconf 91' lang='lat' dir='ltr'>publica</span> <span class='ocrx_word' id='word_1_81' title='bbox 832 902 959 945; x_wconf 87' lang='lat' dir='ltr'>esset,</span> <span class='ocrx_word' id='word_1_82' title='bbox 998 902 1086 936; x_wconf 89' lang='lat' dir='ltr'>tum</span> <span class='ocrx_word' id='word_1_83' title='bbox 1117 910 1160 937; x_wconf 91' lang='lat' dir='ltr'>se</span> <span class='ocrx_word' id='word_1_84' title='bbox 1192 896 1570 946; x_wconf 84' lang='lat' dir='ltr'>animadversuros,</span> <span class='ocrx_word' id='word_1_85' title='bbox 1607 910 1659 936; x_wconf 90' lang='lat' dir='ltr'>nc</span> 
     </span>
     <span class='ocr_line' id='line_1_11' title="bbox 295 958 1658 1014; baseline -0.001 -15"><span class='ocrx_word' id='word_1_86' title='bbox 295 973 377 1012; x_wconf 90' lang='lat' dir='ltr'>qua</span> <span class='ocrx_word' id='word_1_87' title='bbox 402 958 595 1013; x_wconf 90' lang='lat' dir='ltr'>superbia</span> <span class='ocrx_word' id='word_1_88' title='bbox 620 959 937 1014; x_wconf 82' lang='lat' dir='ltr'>magistratuum</span> <span class='ocrx_word' id='word_1_89' title='bbox 961 958 1082 999; x_wconf 88' lang='lat' dir='ltr'>inrita</span> <span class='ocrx_word' id='word_1_90' title='bbox 1107 964 1274 999; x_wconf 89' lang='lat' dir='ltr'>senatus</span> <span class='ocrx_word' id='word_1_91' title='bbox 1295 959 1482 1000; x_wconf 89' lang='lat' dir='ltr'>consulta</span> <span class='ocrx_word' id='word_1_92' title='bbox 1501 965 1658 1008; x_wconf 83' lang='lat' dir='ltr'>esscnt3</span> 
     </span>
     <span class='ocr_line' id='line_1_12' title="bbox 233 1020 1657 1076; baseline -0.001 -13"><span class='ocrx_word' id='word_1_93' title='bbox 233 1033 270 1063; x_wconf 77' lang='lat'>13</span> <span class='ocrx_word' id='word_1_94' title='bbox 296 1021 458 1062; x_wconf 85' lang='lat' dir='ltr'>interim</span> <span class='ocrx_word' id='word_1_95' title='bbox 482 1021 660 1075; x_wconf 86' lang='lat' dir='ltr'>patricii,</span> <span class='ocrx_word' id='word_1_96' title='bbox 689 1021 812 1062; x_wconf 90' lang='lat' dir='ltr'>soluti</span> <span class='ocrx_word' id='word_1_97' title='bbox 837 1020 977 1076; x_wconf 87' lang='lat' dir='ltr'>legum</span> <span class='ocrx_word' id='word_1_98' title='bbox 1002 1020 1372 1076; x_wconf 85' lang='lat' dir='ltr'>magistratumque</span> <span class='ocrx_word' id='word_1_99' title='bbox 1397 1021 1657 1069; x_wconf 86' lang='lat' dir='ltr'>verecundia,</span> 
     </span>
     <span class='ocr_line' id='line_1_13' title="bbox 296 1083 1390 1138; baseline 0.001 -15"><span class='ocrx_word' id='word_1_100' title='bbox 296 1098 369 1137; x_wconf 88' lang='lat' dir='ltr'>per</span> <span class='ocrx_word' id='word_1_101' title='bbox 393 1098 437 1124; x_wconf 89' lang='lat' dir='ltr'>se</span> <span class='ocrx_word' id='word_1_102' title='bbox 463 1098 626 1137; x_wconf 89' lang='lat' dir='ltr'>quoque</span> <span class='ocrx_word' id='word_1_103' title='bbox 652 1083 912 1125; x_wconf 81' lang='lat' dir='ltr'>tribuniciam</span> <span class='ocrx_word' id='word_1_104' title='bbox 937 1089 1185 1138; x_wconf 89' lang='lat' dir='ltr'>potestatem</span> <span class='ocrx_word' id='word_1_105' title='bbox 1211 1092 1390 1137; x_wconf 82' lang='lat' dir='ltr'>agerent.</span> 
     </span>
     <span class='ocr_line' id='line_1_14' title="bbox 255 1144 1660 1200; baseline -0.001 -13"><span class='ocrx_word' id='word_1_106' title='bbox 255 1160 269 1188; x_wconf 89' lang='lat'>1</span> <span class='ocrx_word' id='word_1_107' title='bbox 382 1144 526 1186; x_wconf 83' lang='lat' dir='ltr'>LVII.</span> <span class='ocrx_word' id='word_1_108' title='bbox 575 1145 696 1186; x_wconf 86' lang='lat' dir='ltr'>Haec</span> <span class='ocrx_word' id='word_1_109' title='bbox 721 1146 928 1186; x_wconf 86' lang='lat' dir='ltr'>contentio</span> <span class='ocrx_word' id='word_1_110' title='bbox 954 1145 1121 1186; x_wconf 86' lang='lat' dir='ltr'>minime</span> <span class='ocrx_word' id='word_1_111' title='bbox 1146 1145 1295 1186; x_wconf 89' lang='lat' dir='ltr'>idoneo</span> <span class='ocrx_word' id='word_1_112' title='bbox 1326 1151 1527 1200; x_wconf 88' lang='lat' dir='ltr'>tempore,</span> <span class='ocrx_word' id='word_1_113' title='bbox 1566 1159 1660 1185; x_wconf 90' lang='lat' dir='ltr'>cum</span> 
     </span>
     <span class='ocr_line' id='line_1_15' title="bbox 298 1205 1659 1262; baseline 0.001 -16"><span class='ocrx_word' id='word_1_114' title='bbox 298 1212 458 1247; x_wconf 87' lang='lat' dir='ltr'>tantum</span> <span class='ocrx_word' id='word_1_115' title='bbox 488 1205 585 1247; x_wconf 89' lang='lat' dir='ltr'>belli</span> <span class='ocrx_word' id='word_1_116' title='bbox 615 1207 658 1246; x_wconf 92' lang='lat' dir='ltr'>in</span> <span class='ocrx_word' id='word_1_117' title='bbox 690 1206 880 1247; x_wconf 86' lang='lat' dir='ltr'>manibus</span> <span class='ocrx_word' id='word_1_118' title='bbox 913 1213 1041 1256; x_wconf 84' lang='lat' dir='ltr'>esset,</span> <span class='ocrx_word' id='word_1_119' title='bbox 1079 1214 1352 1261; x_wconf 83' lang='lat' dir='ltr'>occupaverat</span> <span class='ocrx_word' id='word_1_120' title='bbox 1389 1207 1659 1262; x_wconf 83' lang='lat' dir='ltr'>cogitationes</span> 
     </span>
     <span class='ocr_line' id='line_1_16' title="bbox 255 1268 1658 1322; baseline -0.001 -11"><span class='ocrx_word' id='word_1_121' title='bbox 255 1282 272 1311; x_wconf 76' lang='lat'><strong>2</strong></span> <span class='ocrx_word' id='word_1_122' title='bbox 298 1268 530 1318; x_wconf 90' lang='lat' dir='ltr'>hominum,</span> <span class='ocrx_word' id='word_1_123' title='bbox 569 1269 718 1318; x_wconf 90' lang='lat' dir='ltr'>donee,</span> <span class='ocrx_word' id='word_1_124' title='bbox 756 1268 828 1310; x_wconf 84' lang='lat' dir='ltr'>ubi</span> <span class='ocrx_word' id='word_1_125' title='bbox 865 1269 936 1309; x_wconf 88' lang='lat' dir='ltr'>diu</span> <span class='ocrx_word' id='word_1_126' title='bbox 972 1268 1137 1309; x_wconf 87' lang='lat' dir='ltr'>alternis</span> <span class='ocrx_word' id='word_1_127' title='bbox 1173 1269 1305 1309; x_wconf 85' lang='lat' dir='ltr'>Iulius</span> <span class='ocrx_word' id='word_1_128' title='bbox 1344 1268 1658 1322; x_wconf 84' lang='lat' dir='ltr'>Corneliusque,</span> 
     </span>
     <span class='ocr_line' id='line_1_17' title="bbox 300 1330 1658 1386; baseline -0.001 -15"><span class='ocrx_word' id='word_1_129' title='bbox 300 1345 394 1371; x_wconf 88' lang='lat' dir='ltr'>eum</span> <span class='ocrx_word' id='word_1_130' title='bbox 418 1330 470 1371; x_wconf 90' lang='lat' dir='ltr'>ad</span> <span class='ocrx_word' id='word_1_131' title='bbox 495 1331 538 1371; x_wconf 92' lang='lat' dir='ltr'>id</span> <span class='ocrx_word' id='word_1_132' title='bbox 562 1330 716 1372; x_wconf 88' lang='lat' dir='ltr'>bellurn</span> <span class='ocrx_word' id='word_1_133' title='bbox 741 1330 822 1386; x_wconf 89' lang='lat' dir='ltr'>ipsi</span> <span class='ocrx_word' id='word_1_134' title='bbox 848 1330 947 1371; x_wconf 86' lang='lat' dir='ltr'>satis</span> <span class='ocrx_word' id='word_1_135' title='bbox 972 1330 1111 1370; x_wconf 87' lang='lat' dir='ltr'>idonei</span> <span class='ocrx_word' id='word_1_136' title='bbox 1135 1330 1261 1371; x_wconf 86' lang='lat' dir='ltr'>duces</span> <span class='ocrx_word' id='word_1_137' title='bbox 1282 1337 1433 1379; x_wconf 83' lang='lat' dir='ltr'>essent,</span> <span class='ocrx_word' id='word_1_138' title='bbox 1460 1345 1542 1370; x_wconf 90' lang='lat' dir='ltr'>non</span> <span class='ocrx_word' id='word_1_139' title='bbox 1567 1344 1658 1371; x_wconf 88' lang='lat' dir='ltr'>esse</span> 
     </span>
     <span class='ocr_line' id='line_1_18' title="bbox 301 1391 1658 1446; baseline -0.001 -14"><span class='ocrx_word' id='word_1_140' title='bbox 301 1406 496 1445; x_wconf 87' lang='lat' dir='ltr'>aequum,</span> <span class='ocrx_word' id='word_1_141' title='bbox 534 1392 774 1433; x_wconf 88' lang='lat' dir='ltr'>mandatum</span> <span class='ocrx_word' id='word_1_142' title='bbox 812 1391 891 1433; x_wconf 87' lang='lat' dir='ltr'>sibi</span> <span class='ocrx_word' id='word_1_143' title='bbox 922 1407 946 1432; x_wconf 91' lang='lat' dir='ltr'>a</span> <span class='ocrx_word' id='word_1_144' title='bbox 975 1391 1128 1446; x_wconf 89' lang='lat' dir='ltr'>populo</span> <span class='ocrx_word' id='word_1_145' title='bbox 1160 1391 1261 1446; x_wconf 85' lang='lat' dir='ltr'>cripi</span> <span class='ocrx_word' id='word_1_146' title='bbox 1291 1391 1489 1432; x_wconf 87' lang='lat' dir='ltr'>honorem</span> <span class='ocrx_word' id='word_1_147' title='bbox 1526 1391 1658 1432; x_wconf 81' lang='lat' dir='ltr'>disse-</span> 
     </span>
     <span class='ocr_line' id='line_1_19' title="bbox 257 1452 1658 1503; baseline -0.001 -9"><span class='ocrx_word' id='word_1_148' title='bbox 257 1467 275 1495; x_wconf 84' lang='lat'>3</span> <span class='ocrx_word' id='word_1_149' title='bbox 300 1469 435 1503; x_wconf 84' lang='lat' dir='ltr'>ruere,</span> <span class='ocrx_word' id='word_1_150' title='bbox 473 1461 561 1494; x_wconf 88' lang='lat' dir='ltr'>tum</span> <span class='ocrx_word' id='word_1_151' title='bbox 586 1453 724 1495; x_wconf 84' lang='lat' dir='ltr'>Ahala</span> <span class='ocrx_word' id='word_1_152' title='bbox 751 1453 951 1495; x_wconf 77' lang='lat' dir='ltr'>Servilius</span> <span class='ocrx_word' id='word_1_153' title='bbox 983 1453 1170 1493; x_wconf 87' lang='lat' dir='ltr'>tribunus</span> <span class='ocrx_word' id='word_1_154' title='bbox 1202 1453 1377 1493; x_wconf 89' lang='lat' dir='ltr'>militum</span> <span class='ocrx_word' id='word_1_155' title='bbox 1403 1452 1582 1494; x_wconf 83' lang='lat' dir='ltr'>tacuisse</span> <span class='ocrx_word' id='word_1_156' title='bbox 1614 1467 1658 1493; x_wconf 87' lang='lat' dir='ltr'>se</span> 
     </span>
     <span class='ocr_line' id='line_1_20' title="bbox 301 1515 1657 1569; baseline -0.001 -13"><span class='ocrx_word' id='word_1_157' title='bbox 301 1523 386 1556; x_wconf 86' lang='lat' dir='ltr'>tam</span> <span class='ocrx_word' id='word_1_158' title='bbox 411 1516 481 1556; x_wconf 88' lang='lat' dir='ltr'>diu</span> <span class='ocrx_word' id='word_1_159' title='bbox 507 1516 580 1566; x_wconf 90' lang='lat' dir='ltr'>ait,</span> <span class='ocrx_word' id='word_1_160' title='bbox 618 1531 700 1557; x_wconf 90' lang='lat' dir='ltr'>non</span> <span class='ocrx_word' id='word_1_161' title='bbox 726 1516 823 1569; x_wconf 88' lang='lat' dir='ltr'>quia</span> <span class='ocrx_word' id='word_1_162' title='bbox 847 1516 1026 1556; x_wconf 82' lang='lat' dir='ltr'>incertus</span> <span class='ocrx_word' id='word_1_163' title='bbox 1052 1515 1278 1556; x_wconf 87' lang='lat' dir='ltr'>sententiae</span> <span class='ocrx_word' id='word_1_164' title='bbox 1309 1515 1432 1555; x_wconf 87' lang='lat' dir='ltr'>fuerit</span> <span class='ocrx_word' id='word_1_165' title='bbox 1456 1540 1511 1545; x_wconf 81' lang='lat'>—-</span> <span class='ocrx_word' id='word_1_166' title='bbox 1535 1529 1657 1568; x_wconf 88' lang='lat' dir='ltr'>quem</span> 
     </span>
     <span class='ocr_line' id='line_1_21' title="bbox 302 1575 1656 1631; baseline 0 -15"><span class='ocrx_word' id='word_1_167' title='bbox 302 1577 411 1617; x_wconf 89' lang='lat' dir='ltr'>enim</span> <span class='ocrx_word' id='word_1_168' title='bbox 435 1576 591 1618; x_wconf 86' lang='lat' dir='ltr'>bonum</span> <span class='ocrx_word' id='word_1_169' title='bbox 615 1577 748 1618; x_wconf 83' lang='lat' dir='ltr'>civem</span> <span class='ocrx_word' id='word_1_170' title='bbox 773 1591 985 1617; x_wconf 83' lang='lat' dir='ltr'>secernere</span> <span class='ocrx_word' id='word_1_171' title='bbox 1011 1591 1087 1617; x_wconf 90' lang='lat' dir='ltr'>sua</span> <span class='ocrx_word' id='word_1_172' title='bbox 1111 1592 1136 1617; x_wconf 90' lang='lat' dir='ltr'>a</span> <span class='ocrx_word' id='word_1_173' title='bbox 1165 1575 1340 1631; x_wconf 86' lang='lat' dir='ltr'>publicis</span> <span class='ocrx_word' id='word_1_174' title='bbox 1373 1576 1566 1617; x_wconf 84' lang='lat' dir='ltr'>consilia?</span> <span class='ocrx_word' id='word_1_175' title='bbox 1590 1601 1656 1624; x_wconf 81' lang='lat'>-—,</span> 
     </span>
     <span class='ocr_line' id='line_1_22' title="bbox 303 1639 1658 1694; baseline -0.001 -14"><span class='ocrx_word' id='word_1_176' title='bbox 303 1640 376 1680; x_wconf 89' lang='lat' dir='ltr'>sed</span> <span class='ocrx_word' id='word_1_177' title='bbox 405 1640 502 1693; x_wconf 87' lang='lat' dir='ltr'>quia</span> <span class='ocrx_word' id='word_1_178' title='bbox 533 1639 722 1681; x_wconf 83' lang='lat' dir='ltr'>maluerit</span> <span class='ocrx_word' id='word_1_179' title='bbox 752 1639 932 1694; x_wconf 89' lang='lat' dir='ltr'>collegas</span> <span class='ocrx_word' id='word_1_180' title='bbox 965 1654 1039 1680; x_wconf 90' lang='lat' dir='ltr'>sua</span> <span class='ocrx_word' id='word_1_181' title='bbox 1070 1645 1216 1693; x_wconf 87' lang='lat' dir='ltr'>sponte</span> <span class='ocrx_word' id='word_1_182' title='bbox 1248 1639 1392 1680; x_wconf 85' lang='lat' dir='ltr'>cedere</span> <span class='ocrx_word' id='word_1_183' title='bbox 1429 1639 1658 1680; x_wconf 86' lang='lat' dir='ltr'>auctoritati</span> 
     </span>
     <span class='ocr_line' id='line_1_23' title="bbox 303 1700 1658 1756; baseline 0 -15"><span class='ocrx_word' id='word_1_184' title='bbox 303 1708 468 1741; x_wconf 87' lang='lat' dir='ltr'>senatus</span> <span class='ocrx_word' id='word_1_185' title='bbox 500 1715 624 1755; x_wconf 89' lang='lat' dir='ltr'>quam</span> <span class='ocrx_word' id='word_1_186' title='bbox 655 1701 913 1742; x_wconf 86' lang='lat' dir='ltr'>tribuniciam</span> <span class='ocrx_word' id='word_1_187' title='bbox 943 1707 1189 1754; x_wconf 88' lang='lat' dir='ltr'>potestatem</span> <span class='ocrx_word' id='word_1_188' title='bbox 1219 1700 1418 1741; x_wconf 82' lang='lat' dir='ltr'>adversus</span> <span class='ocrx_word' id='word_1_189' title='bbox 1452 1716 1496 1741; x_wconf 92' lang='lat' dir='ltr'>se</span> <span class='ocrx_word' id='word_1_190' title='bbox 1527 1700 1658 1756; x_wconf 89' lang='lat' dir='ltr'>inplo-</span> 
     </span>
     <span class='ocr_line' id='line_1_24' title="bbox 258 1761 1658 1816; baseline 0 -13"><span class='ocrx_word' id='word_1_191' title='bbox 258 1776 278 1804; x_wconf 80' lang='lat'>4</span> <span class='ocrx_word' id='word_1_192' title='bbox 301 1762 382 1802; x_wconf 87' lang='lat' dir='ltr'>rari</span> <span class='ocrx_word' id='word_1_193' title='bbox 411 1769 658 1816; x_wconf 86' lang='lat' dir='ltr'>paterentur.</span> <span class='ocrx_word' id='word_1_194' title='bbox 713 1769 801 1802; x_wconf 89' lang='lat' dir='ltr'>tum</span> <span class='ocrx_word' id='word_1_195' title='bbox 831 1776 1014 1815; x_wconf 87' lang='lat' dir='ltr'>quoque,</span> <span class='ocrx_word' id='word_1_196' title='bbox 1053 1761 1087 1802; x_wconf 90' lang='lat' dir='ltr'>si</span> <span class='ocrx_word' id='word_1_197' title='bbox 1110 1776 1176 1803; x_wconf 91' lang='lat' dir='ltr'>res</span> <span class='ocrx_word' id='word_1_198' title='bbox 1212 1762 1380 1811; x_wconf 84' lang='lat' dir='ltr'>sineret,</span> <span class='ocrx_word' id='word_1_199' title='bbox 1416 1762 1589 1803; x_wconf 88' lang='lat' dir='ltr'>libenter</span> <span class='ocrx_word' id='word_1_200' title='bbox 1615 1776 1658 1803; x_wconf 85' lang='lat' dir='ltr'>sc</span> 
     </span>
     <span class='ocr_line' id='line_1_25' title="bbox 302 1823 1658 1879; baseline 0 -15"><span class='ocrx_word' id='word_1_201' title='bbox 302 1824 494 1864; x_wconf 89' lang='lat' dir='ltr'>daturum</span> <span class='ocrx_word' id='word_1_202' title='bbox 524 1831 687 1879; x_wconf 85' lang='lat' dir='ltr'>tempus</span> <span class='ocrx_word' id='word_1_203' title='bbox 718 1824 768 1865; x_wconf 90' lang='lat' dir='ltr'>iis</span> <span class='ocrx_word' id='word_1_204' title='bbox 799 1823 930 1864; x_wconf 88' lang='lat' dir='ltr'>fuisse</span> <span class='ocrx_word' id='word_1_205' title='bbox 966 1823 1019 1864; x_wconf 87' lang='lat' dir='ltr'>ad</span> <span class='ocrx_word' id='word_1_206' title='bbox 1047 1830 1258 1878; x_wconf 89' lang='lat' dir='ltr'>receptum</span> <span class='ocrx_word' id='word_1_207' title='bbox 1287 1823 1409 1864; x_wconf 89' lang='lat' dir='ltr'>nimis</span> <span class='ocrx_word' id='word_1_208' title='bbox 1439 1823 1658 1878; x_wconf 83' lang='lat' dir='ltr'>pertinacis</span> 
     </span>
     <span class='ocr_line' id='line_1_26' title="bbox 303 1884 1660 1940; baseline -0.001 -13"><span class='ocrx_word' id='word_1_209' title='bbox 303 1886 540 1927; x_wconf 89' lang='lat' dir='ltr'>sententiae.</span> <span class='ocrx_word' id='word_1_210' title='bbox 591 1887 664 1928; x_wconf 89' lang='lat' dir='ltr'>sed</span> <span class='ocrx_word' id='word_1_211' title='bbox 689 1901 784 1927; x_wconf 88' lang='lat' dir='ltr'>cum</span> <span class='ocrx_word' id='word_1_212' title='bbox 807 1885 904 1927; x_wconf 91' lang='lat' dir='ltr'>belli</span> <span class='ocrx_word' id='word_1_213' title='bbox 928 1885 1194 1926; x_wconf 86' lang='lat' dir='ltr'>necessitates</span> <span class='ocrx_word' id='word_1_214' title='bbox 1228 1900 1311 1926; x_wconf 90' lang='lat' dir='ltr'>non</span> <span class='ocrx_word' id='word_1_215' title='bbox 1343 1890 1560 1940; x_wconf 82' lang='lat' dir='ltr'>expectent</span> <span class='ocrx_word' id='word_1_216' title='bbox 1583 1884 1660 1925; x_wconf 90' lang='lat' dir='ltr'>hu-</span> 
     </span>
     <span class='ocr_line' id='line_1_27' title="bbox 302 1947 1661 2003; baseline -0.001 -14"><span class='ocrx_word' id='word_1_217' title='bbox 302 1963 424 1988; x_wconf 85' lang='lat' dir='ltr'>mana</span> <span class='ocrx_word' id='word_1_218' title='bbox 454 1948 641 1998; x_wconf 88' lang='lat' dir='ltr'>consilia,</span> <span class='ocrx_word' id='word_1_219' title='bbox 678 1948 881 2003; x_wconf 86' lang='lat' dir='ltr'>potiorem</span> <span class='ocrx_word' id='word_1_220' title='bbox 912 1947 991 1989; x_wconf 89' lang='lat' dir='ltr'>sibi</span> <span class='ocrx_word' id='word_1_221' title='bbox 1021 1947 1273 2003; x_wconf 87' lang='lat' dir='ltr'>collegarum</span> <span class='ocrx_word' id='word_1_222' title='bbox 1302 1948 1435 2003; x_wconf 69' lang='lat' dir='ltr'>gratia</span> <span class='ocrx_word' id='word_1_223' title='bbox 1463 1961 1550 1988; x_wconf 87' lang='lat' dir='ltr'>rem</span> <span class='ocrx_word' id='word_1_224' title='bbox 1585 1962 1661 2002; x_wconf 88' lang='lat' dir='ltr'>pu-</span> 
     </span>
     <span class='ocr_line' id='line_1_28' title="bbox 259 2009 1660 2060; baseline -0.003 -7"><span class='ocrx_word' id='word_1_225' title='bbox 259 2025 276 2053; x_wconf 77' lang='grc' dir='ltr'>ῑ)</span> <span class='ocrx_word' id='word_1_226' title='bbox 303 2009 453 2050; x_wconf 87' lang='lat' dir='ltr'>blicam</span> <span class='ocrx_word' id='word_1_227' title='bbox 478 2010 566 2051; x_wconf 87' lang='lat' dir='ltr'>fore</span> <span class='ocrx_word' id='word_1_228' title='bbox 591 2017 642 2060; x_wconf 88' lang='lat' dir='ltr'>et,</span> <span class='ocrx_word' id='word_1_229' title='bbox 671 2011 705 2051; x_wconf 87' lang='lat' dir='ltr'>si</span> <span class='ocrx_word' id='word_1_230' title='bbox 730 2015 894 2051; x_wconf 88' lang='lat' dir='ltr'>maneat</span> <span class='ocrx_word' id='word_1_231' title='bbox 917 2010 959 2050; x_wconf 90' lang='lat' dir='ltr'>in</span> <span class='ocrx_word' id='word_1_232' title='bbox 985 2009 1186 2051; x_wconf 88' lang='lat' dir='ltr'>sententia</span> <span class='ocrx_word' id='word_1_233' title='bbox 1211 2016 1391 2059; x_wconf 89' lang='lat' dir='ltr'>senatus,</span> <span class='ocrx_word' id='word_1_234' title='bbox 1419 2009 1660 2050; x_wconf 88' lang='lat' dir='ltr'>dictatorem</span> 
     </span>
     <span class='ocr_line' id='line_1_29' title="bbox 302 2071 1659 2126; baseline 0 -15"><span class='ocrx_word' id='word_1_235' title='bbox 302 2079 421 2113; x_wconf 89' lang='lat' dir='ltr'>nocte</span> <span class='ocrx_word' id='word_1_236' title='bbox 457 2073 646 2126; x_wconf 81' lang='lat' dir='ltr'>proxima</span> <span class='ocrx_word' id='word_1_237' title='bbox 683 2072 889 2113; x_wconf 86' lang='lat' dir='ltr'>dicturum</span> <span class='ocrx_word' id='word_1_238' title='bbox 925 2086 991 2122; x_wconf 90' lang='lat' dir='ltr'>ac,</span> <span class='ocrx_word' id='word_1_239' title='bbox 1032 2072 1067 2112; x_wconf 88' lang='lat' dir='ltr'>si</span> <span class='ocrx_word' id='word_1_240' title='bbox 1103 2072 1194 2125; x_wconf 89' lang='lat' dir='ltr'>quis</span> <span class='ocrx_word' id='word_1_241' title='bbox 1230 2071 1456 2112; x_wconf 85' lang='lat' dir='ltr'>intercedat</span> <span class='ocrx_word' id='word_1_242' title='bbox 1493 2077 1659 2112; x_wconf 88' lang='lat' dir='ltr'>senatus</span> 
     </span>
     <span class='ocr_line' id='line_1_30' title="bbox 260 2132 1660 2187; baseline -0.003 -10"><span class='ocrx_word' id='word_1_243' title='bbox 260 2148 276 2177; x_wconf 76' lang='lat' dir='ltr'>G</span> <span class='ocrx_word' id='word_1_244' title='bbox 304 2134 508 2184; x_wconf 86' lang='lat' dir='ltr'>consulto,</span> <span class='ocrx_word' id='word_1_245' title='bbox 547 2135 787 2176; x_wconf 86' lang='lat' dir='ltr'>auctoritate</span> <span class='ocrx_word' id='word_1_246' title='bbox 819 2150 863 2177; x_wconf 89' lang='lat' dir='ltr'>se</span> <span class='ocrx_word' id='word_1_247' title='bbox 892 2134 981 2176; x_wconf 88' lang='lat' dir='ltr'>fore</span> <span class='ocrx_word' id='word_1_248' title='bbox 1013 2139 1263 2175; x_wconf 87' lang='lat' dir='ltr'>contentum.</span> <span class='ocrx_word' id='word_1_249' title='bbox 1312 2147 1393 2187; x_wconf 90' lang='lat' dir='ltr'>quo</span> <span class='ocrx_word' id='word_1_250' title='bbox 1424 2132 1535 2174; x_wconf 87' lang='lat' dir='ltr'>facto</span> <span class='ocrx_word' id='word_1_251' title='bbox 1567 2147 1660 2174; x_wconf 89' lang='lat' dir='ltr'>cum</span> 
     </span>
     <span class='ocr_line' id='line_1_31' title="bbox 303 2195 1659 2252; baseline -0.001 -16"><span class='ocrx_word' id='word_1_252' title='bbox 303 2196 413 2237; x_wconf 88' lang='lat' dir='ltr'>haud</span> <span class='ocrx_word' id='word_1_253' title='bbox 443 2197 673 2238; x_wconf 87' lang='lat' dir='ltr'>inmeritam</span> <span class='ocrx_word' id='word_1_254' title='bbox 705 2197 870 2238; x_wconf 85' lang='lat' dir='ltr'>laudem</span> <span class='ocrx_word' id='word_1_255' title='bbox 900 2197 1158 2252; x_wconf 81' lang='lat' dir='ltr'>gratiamque</span> <span class='ocrx_word' id='word_1_256' title='bbox 1189 2201 1289 2251; x_wconf 86' lang='lat' dir='ltr'>aput</span> <span class='ocrx_word' id='word_1_257' title='bbox 1323 2195 1455 2236; x_wconf 88' lang='lat' dir='ltr'>omnis</span> <span class='ocrx_word' id='word_1_258' title='bbox 1487 2195 1659 2243; x_wconf 87' lang='lat' dir='ltr'>tulisset,</span> 
     </span>
     <span class='ocr_line' id='line_1_32' title="bbox 304 2257 1661 2314; baseline -0.001 -16"><span class='ocrx_word' id='word_1_259' title='bbox 304 2259 499 2300; x_wconf 88' lang='lat' dir='ltr'>dictatore</span> <span class='ocrx_word' id='word_1_260' title='bbox 524 2259 573 2301; x_wconf 85' lang='lat' dir='ltr'>P.</span> <span class='ocrx_word' id='word_1_261' title='bbox 601 2259 794 2301; x_wconf 82' lang='lat' dir='ltr'>Cornelio</span> <span class='ocrx_word' id='word_1_262' title='bbox 820 2260 947 2310; x_wconf 83' lang='lat' dir='ltr'>dieto,</span> <span class='ocrx_word' id='word_1_263' title='bbox 987 2260 1077 2314; x_wconf 90' lang='lat' dir='ltr'>ipse</span> <span class='ocrx_word' id='word_1_264' title='bbox 1102 2258 1153 2300; x_wconf 87' lang='lat' dir='ltr'>ab</span> <span class='ocrx_word' id='word_1_265' title='bbox 1179 2273 1227 2299; x_wconf 90' lang='lat' dir='ltr'>eo</span> <span class='ocrx_word' id='word_1_266' title='bbox 1256 2258 1454 2314; x_wconf 86' lang='lat' dir='ltr'>magister</span> <span class='ocrx_word' id='word_1_267' title='bbox 1478 2257 1661 2311; x_wconf 88' lang='lat' dir='ltr'>equitum</span> 
     </span>
     <span class='ocr_line' id='line_1_33' title="bbox 305 2320 1657 2377; baseline 0 -16"><span class='ocrx_word' id='word_1_268' title='bbox 305 2327 464 2362; x_wconf 87' lang='lat' dir='ltr'>creatus</span> <span class='ocrx_word' id='word_1_269' title='bbox 496 2328 570 2363; x_wconf 87' lang='lat' dir='ltr'>est.</span> <span class='ocrx_word' id='word_1_270' title='bbox 620 2322 809 2377; x_wconf 80' lang='lat' dir='ltr'>exemplo</span> <span class='ocrx_word' id='word_1_271' title='bbox 846 2322 924 2363; x_wconf 82' lang='lat' dir='ltr'>fuit</span> <span class='ocrx_word' id='word_1_272' title='bbox 960 2321 1139 2377; x_wconf 89' lang='lat' dir='ltr'>collegas</span> <span class='ocrx_word' id='word_1_273' title='bbox 1177 2335 1353 2375; x_wconf 88' lang='lat' dir='ltr'>eumque</span> <span class='ocrx_word' id='word_1_274' title='bbox 1390 2320 1657 2370; x_wconf 86' lang='lat' dir='ltr'>intuentibus,</span> 
     </span>
     <span class='ocr_line' id='line_1_34' title="bbox 305 2384 1660 2439; baseline 0.001 -17"><span class='ocrx_word' id='word_1_275' title='bbox 305 2397 428 2436; x_wconf 90' lang='lat' dir='ltr'>quam</span> <span class='ocrx_word' id='word_1_276' title='bbox 459 2385 592 2439; x_wconf 86' lang='lat' dir='ltr'>gratia</span> <span class='ocrx_word' id='word_1_277' title='bbox 621 2391 743 2439; x_wconf 87' lang='lat' dir='ltr'>atque</span> <span class='ocrx_word' id='word_1_278' title='bbox 775 2385 906 2426; x_wconf 89' lang='lat' dir='ltr'>honos</span> <span class='ocrx_word' id='word_1_279' title='bbox 938 2384 1202 2439; x_wconf 86' lang='lat' dir='ltr'>oportuniora</span> <span class='ocrx_word' id='word_1_280' title='bbox 1232 2384 1437 2424; x_wconf 89' lang='lat' dir='ltr'>interdum</span> <span class='ocrx_word' id='word_1_281' title='bbox 1475 2397 1558 2424; x_wconf 91' lang='lat' dir='ltr'>non</span> <span class='ocrx_word' id='word_1_282' title='bbox 1590 2397 1660 2424; x_wconf 91' lang='lat' dir='ltr'>cu-</span> 
     </span>
     <span class='ocr_line' id='line_1_35' title="bbox 305 2444 689 2497; baseline 0.013 -14"><span class='ocrx_word' id='word_1_283' title='bbox 305 2444 512 2497; x_wconf 86' lang='lat' dir='ltr'>pientibus</span> <span class='ocrx_word' id='word_1_284' title='bbox 539 2453 689 2488; x_wconf 87' lang='lat' dir='ltr'>essent.</span> 
     </span>
    </p>

    <p class='ocr_par' dir='ltr' id='par_1_3' title="bbox 305 2506 1659 2810">
     <span class='ocr_line' id='line_1_36' title="bbox 390 2506 1659 2561; baseline -0.002 -13"><span class='ocrx_word' id='word_1_285' title='bbox 390 2507 555 2549; x_wconf 84' lang='lat' dir='ltr'>Bellum</span> <span class='ocrx_word' id='word_1_286' title='bbox 591 2508 703 2550; x_wconf 88' lang='lat' dir='ltr'>haud</span> <span class='ocrx_word' id='word_1_287' title='bbox 738 2508 1003 2549; x_wconf 87' lang='lat' dir='ltr'>memorabile</span> <span class='ocrx_word' id='word_1_288' title='bbox 1039 2507 1128 2548; x_wconf 87' lang='lat' dir='ltr'>fuit.</span> <span class='ocrx_word' id='word_1_289' title='bbox 1190 2522 1272 2548; x_wconf 91' lang='lat' dir='ltr'>uno</span> <span class='ocrx_word' id='word_1_290' title='bbox 1307 2512 1430 2561; x_wconf 89' lang='lat' dir='ltr'>atque</span> <span class='ocrx_word' id='word_1_291' title='bbox 1466 2521 1515 2548; x_wconf 94' lang='lat' dir='ltr'>eo</span> <span class='ocrx_word' id='word_1_292' title='bbox 1551 2506 1659 2547; x_wconf 85' lang='lat' dir='ltr'>facili</span> 
     </span>
     <span class='ocr_line' id='line_1_37' title="bbox 305 2568 1658 2621; baseline -0.001 -13"><span class='ocrx_word' id='word_1_293' title='bbox 305 2569 459 2621; x_wconf 90' lang='lat' dir='ltr'>proelio</span> <span class='ocrx_word' id='word_1_294' title='bbox 490 2571 600 2611; x_wconf 87' lang='lat' dir='ltr'>caesi</span> <span class='ocrx_word' id='word_1_295' title='bbox 635 2571 687 2611; x_wconf 85' lang='lat' dir='ltr'>ad</span> <span class='ocrx_word' id='word_1_296' title='bbox 717 2569 892 2611; x_wconf 87' lang='lat' dir='ltr'>Antium</span> <span class='ocrx_word' id='word_1_297' title='bbox 923 2570 1082 2616; x_wconf 87' lang='lat' dir='ltr'>hostes,</span> <span class='ocrx_word' id='word_1_298' title='bbox 1132 2569 1263 2610; x_wconf 76' lang='lat' dir='ltr'>victor</span> <span class='ocrx_word' id='word_1_299' title='bbox 1297 2569 1500 2610; x_wconf 86' lang='lat' dir='ltr'>exercitus</span> <span class='ocrx_word' id='word_1_300' title='bbox 1536 2568 1658 2621; x_wconf 89' lang='lat' dir='ltr'>depo-</span> 
     </span>
     <span class='ocr_line' id='line_1_38' title="bbox 306 2630 1658 2688; baseline -0.001 -19"><span class='ocrx_word' id='word_1_301' title='bbox 306 2630 468 2683; x_wconf 83' lang='lat' dir='ltr'>pulatus</span> <span class='ocrx_word' id='word_1_302' title='bbox 499 2631 700 2674; x_wconf 87' lang='lat' dir='ltr'>Volscum</span> <span class='ocrx_word' id='word_1_303' title='bbox 737 2648 901 2688; x_wconf 86' lang='lat' dir='ltr'>agrum,</span> <span class='ocrx_word' id='word_1_304' title='bbox 952 2631 1165 2673; x_wconf 85' lang='lat' dir='ltr'>castellum</span> <span class='ocrx_word' id='word_1_305' title='bbox 1203 2632 1254 2672; x_wconf 89' lang='lat' dir='ltr'>ad</span> <span class='ocrx_word' id='word_1_306' title='bbox 1290 2631 1426 2672; x_wconf 87' lang='lat' dir='ltr'>lacum</span> <span class='ocrx_word' id='word_1_307' title='bbox 1455 2630 1658 2671; x_wconf 85' lang='lat' dir='ltr'>Fucinum</span> 
     </span>
     <span class='ocr_line' id='line_1_39' title="bbox 309 2691 1658 2748; baseline -0.002 -18"><span class='ocrx_word' id='word_1_308' title='bbox 309 2691 347 2730; x_wconf 75' lang='lat' dir='ltr'>vi</span> <span class='ocrx_word' id='word_1_309' title='bbox 383 2700 665 2748; x_wconf 82' lang='lat' dir='ltr'>expugnatum</span> <span class='ocrx_word' id='word_1_310' title='bbox 704 2701 826 2748; x_wconf 89' lang='lat' dir='ltr'>atque</span> <span class='ocrx_word' id='word_1_311' title='bbox 862 2695 904 2735; x_wconf 85' lang='lat' dir='ltr'>in</span> <span class='ocrx_word' id='word_1_312' title='bbox 936 2709 984 2736; x_wconf 88' lang='lat' dir='ltr'>eo</span> <span class='ocrx_word' id='word_1_313' title='bbox 1021 2694 1097 2735; x_wconf 87' lang='lat' dir='ltr'>tria</span> <span class='ocrx_word' id='word_1_314' title='bbox 1136 2693 1248 2734; x_wconf 85' lang='lat' dir='ltr'>milia</span> <span class='ocrx_word' id='word_1_315' title='bbox 1278 2693 1489 2734; x_wconf 86' lang='lat' dir='ltr'>hominum</span> <span class='ocrx_word' id='word_1_316' title='bbox 1527 2695 1658 2742; x_wconf 84' lang='lat' dir='ltr'>capta,</span> 
     </span>
     <span class='ocr_line' id='line_1_40' title="bbox 308 2749 1657 2810; baseline -0.001 -20"><span class='ocrx_word' id='word_1_317' title='bbox 308 2754 451 2793; x_wconf 82' lang='lat' dir='ltr'>ceteris</span> <span class='ocrx_word' id='word_1_318' title='bbox 477 2754 641 2797; x_wconf 79' lang='lat' dir='ltr'>Volscis</span> <span class='ocrx_word' id='word_1_319' title='bbox 667 2757 773 2797; x_wconf 87' lang='lat' dir='ltr'>iutra</span> <span class='ocrx_word' id='word_1_320' title='bbox 802 2757 965 2798; x_wconf 87' lang='lat' dir='ltr'>moenia</span> <span class='ocrx_word' id='word_1_321' title='bbox 996 2756 1206 2810; x_wconf 88' lang='lat' dir='ltr'>conpulsis</span> <span class='ocrx_word' id='word_1_322' title='bbox 1238 2769 1313 2796; x_wconf 88' lang='lat' dir='ltr'>nec</span> <span class='ocrx_word' id='word_1_323' title='bbox 1343 2749 1657 2794; x_wconf 87' lang='lat' dir='ltr'>defendentibus</span> 
     </span>
    </p>
   </div>
   <div class='ocr_carea' id='block_1_3' title="bbox 263 2519 278 2546">
    <p class='ocr_par' dir='ltr' id='par_1_4' title="bbox 263 2519 278 2546">
     <span class='ocr_line' id='line_1_41' title="bbox 263 2519 278 2546; textangle 90"><span class='ocrx_word' id='word_1_324' title='bbox 263 2519 278 2546; x_wconf 48' lang='grc' dir='ltr'>*Ι</span> 
     </span>
    </p>
   </div>
  </div>
 </body>
</html>
