1780 3204
331 253 618 288 PERIOCHAE
639 253 904 289 LIBRORUM
923 254 1028 288 XIII.
1049 253 1173 287 XIIII.
1194 253 1274 287 XV.
1411 242 1492 283 547

526 416 796 453 PERIOCHA
825 416 965 452 LIBRI
993 416 1107 452 XIII.

213 512 386 547 Valerius
408 511 595 545 Laevinus
617 512 746 545 consul
766 523 895 555 parum
915 523 1092 556 prospere
1113 511 1289 546 adversus
1311 510 1494 554 Pyrrhum

145 562 343 606 pugnavit,
370 562 652 605 elephantorum
671 562 826 595 maxime
845 561 1025 596 inusitata
1039 561 1134 595 facie
1155 561 1290 595 territis
1305 561 1494 595 militibus.

145 616 233 655 post
256 611 293 644 id
311 611 493 654 proelium
519 623 601 645 cum
627 622 784 655 corpora
804 612 1070 655 Romanorum,
1097 611 1159 656 qui
1184 611 1221 645 in
1246 612 1324 645 acie
1352 610 1494 645 cecide-

146 664 246 704 rant,
272 662 437 705 Pyrrhus
457 661 674 705 inspiceret,
702 662 824 696 omnia
842 673 950 696 versa
968 662 1006 696 in
1027 663 1171 696 hostem
1197 662 1351 704 invenit,
1377 672 1493 705 popu-

147 712 407 756 labundusque
423 712 470 745 ad
485 713 612 745 urbem
625 711 830 746 Romanam
852 712 1044 756 processit.
1094 710 1132 745 C.
1146 712 1341 746 Fabricius
1361 711 1494 745 missus

146 763 193 796 ad
208 774 290 796 eum
304 773 325 795 a
340 765 486 805 senatu,
512 766 553 795 ut
567 763 611 795 de
631 762 854 795 redimendis
870 763 1025 807 captivis
1039 766 1185 805 ageret,
1212 762 1351 796 frustra
1370 765 1412 795 ut
1431 773 1494 806 pa—

146 812 254 846 triam
268 813 458 846 desereret
472 824 493 845 a
507 824 593 856 roge
614 816 813 856 temptatus
834 817 904 847 est.
955 813 1093 857 captivi
1114 813 1191 846 sine
1212 812 1332 857 pretio
1352 812 1495 845 remissi

148 867 242 896 sunt.
292 861 424 897 Cineas
439 864 585 907 legatus
601 875 622 897 a
636 864 777 908 Pyrrho
799 864 846 897 ad
866 868 1035 898 senatum
1055 863 1188 896 missus
1208 863 1330 907 petiit,
1357 867 1397 896 ut
1411 874 1494 897 con-

147 914 343 958 ponendae
364 913 468 958 pacis
488 925 601 948 causa
621 925 685 948 rex
704 914 741 947 in
762 914 890 948 urbem
912 915 1149 958 reciperetur.
1198 915 1241 948 de
1264 925 1336 958 qua
1355 925 1393 947 re
1414 925 1496 946 cum

147 964 194 997 ad
219 963 509 1008 frequentiorem
535 968 703 998 senatum
726 964 858 998 referri
881 965 1103 1008 placuisset,
1135 964 1279 1008 Appius
1307 962 1494 1007 Claudius,

147 1013 210 1057 qui
233 1018 387 1058 propter
411 1014 652 1048 valitudinem
678 1015 868 1048 oculorum
894 1015 964 1048 iam
992 1015 1055 1048 diu
1080 1014 1244 1048 consiliis
1270 1013 1430 1057 publicis
1457 1025 1495 1047 se

147 1064 397 1108 abstinuerat,
424 1064 525 1098 venit
544 1065 580 1098 in
601 1065 738 1099 curiam
752 1069 789 1099 et
803 1064 986 1098 sententia
1000 1075 1065 1098 sua
1079 1064 1215 1107 tenuit,
1242 1068 1282 1097 ut
1302 1063 1340 1096 id
1354 1063 1495 1107 Pyrrho

147 1118 357 1158 negaretur,
406 1114 470 1148 Cn.
491 1115 676 1148 Domitius
703 1126 835 1149 censor
860 1114 997 1158 primus
1025 1125 1069 1147 ex
1092 1114 1203 1158 plebe
1229 1115 1385 1146 lustrum
1410 1124 1495 1146 con—

149 1164 258 1198 didit:
285 1176 398 1199 censa
418 1170 503 1199 sunt
522 1166 654 1200 civium
680 1165 804 1210 capita
830 1165 992 1198 ducenta
1018 1164 1211 1208 octoginta
1237 1168 1377 1207 septem
1397 1164 1497 1198 milia

149 1216 309 1250 ducenta
340 1216 471 1260 viginti
502 1217 587 1250 duo.
636 1216 767 1249 iterum
797 1216 976 1249 adversus
1003 1215 1185 1258 Pyrrhum
1216 1214 1329 1247 dubio
1363 1217 1497 1248 eventu

147 1270 352 1310 pugnatum
366 1271 432 1300 est.
482 1278 563 1300 euin
578 1266 952 1310 Carthaginiensibus
974 1269 1107 1309 quarto
1128 1264 1262 1298 foedus
1280 1268 1496 1297 renovatum

148 1322 214 1351 est.
263 1328 344 1351 cum
359 1318 396 1351 C.
410 1317 583 1351 Fabricio
600 1316 744 1350 consuli
758 1317 805 1359 is,
834 1317 894 1360 qui
915 1316 962 1349 ad
984 1327 1065 1349 eum
1086 1315 1265 1359 aPyrrho
1287 1314 1496 1359 transfuge-

147 1372 221 1409 rat,
248 1368 505 1411 polliceretur,
532 1378 714 1401 venenum
735 1378 772 1400 se
793 1367 873 1410 regi
893 1367 1080 1406 daturum,
1108 1377 1188 1398 cum
1209 1366 1345 1399 indicio
1374 1366 1421 1399 ad
1442 1377 1498 1400 re-

147 1428 230 1461 gem
260 1418 434 1451 remissus
461 1421 527 1451 est.
579 1428 639 1451 res
670 1421 865 1460 praeterea
897 1421 1027 1450 contra
1050 1416 1225 1450 Lucanos
1259 1420 1295 1450 et
1318 1416 1496 1460 Bruttios,

148 1467 332 1501 Sanmites
353 1471 391 1501 et
408 1467 589 1501 Etruscos
608 1478 786 1511 prospere
808 1470 934 1511 gestas
958 1466 1135 1501 continet.

525 1629 788 1666 PERIOCHA
817 1629 958 1665 LIBRI
987 1629 1122 1665 XIIII.

215 1724 380 1769 Pyrrhus
399 1724 437 1757 in
459 1723 620 1758 Siciliam
642 1724 795 1758 traiecit.
844 1735 924 1757 cum
946 1724 1041 1758 inter
1061 1724 1136 1758 alia
1154 1725 1327 1769 prodigia
1345 1725 1496 1759 fulmine

149 1776 333 1809 deiectum
358 1778 458 1808 esset
481 1774 519 1808 in
538 1774 722 1819 Capitolio
744 1774 842 1808 Iovis
870 1775 1032 1819 signum,
1060 1780 1172 1819 caput
1196 1775 1274 1809 eius
1300 1787 1364 1819 per
1388 1776 1497 1809 haru-

149 1825 270 1869 spices
294 1825 483 1858 inventum
510 1828 578 1858 est.
634 1824 764 1858 Curius
788 1825 976 1858 Dentatus
1010 1836 1091 1858 cum
1123 1825 1296 1858 dilectum
1330 1825 1496 1869 haberet,
1534 1835 1537 1837 ’

149 1876 244 1919 eius,
272 1876 335 1920 qui
361 1876 496 1909 citatus
522 1887 597 1909 non
621 1875 885 1919 responderat,
913 1876 1012 1909 bona
1037 1875 1176 1918 primus
1202 1876 1385 1919 vendidit,
1411 1876 1498 1910 item

148 1926 330 1970 Pyrrhum
356 1937 399 1960 ex
425 1925 552 1960 Sicilia
575 1926 613 1959 in
638 1925 785 1959 Italiam
814 1937 1001 1959 reversum
1033 1925 1121 1959 vicit
1151 1929 1187 1959 et
1211 1926 1322 1960 Italia
1347 1926 1498 1970 expulit.

147 1976 342 2010 Fabricius
357 1987 489 2010 censor
502 1977 541 2009 P.
557 1975 767 2010 Cornelium
783 1974 955 2009 Rufinum
971 1976 1202 2009 consularem
1224 1980 1353 2010 senatu
1372 1978 1497 2020 movit,

149 2027 249 2071 quod
269 2027 299 2060 is
321 2027 448 2060 decem
467 2027 612 2071 argenti
630 2027 757 2070 pondo
779 2026 869 2060 facti
883 2026 1050 2060 haberet.
1100 2027 1216 2060 lustro
1238 2038 1260 2060 a
1280 2027 1496 2061 censoribus

150 2077 299 2111 condito
316 2088 428 2111 censa
442 2082 528 2110 sunt
541 2077 665 2120 capita
679 2077 810 2110 civium
827 2077 988 2110 ducenta
1009 2077 1247 2121 septuaginta
1265 2088 1377 2110 unum
1397 2077 1497 2111 milia

149 2129 310 2162 ducenta
323 2128 477 2173 triginta
491 2132 678 2172 quattuor.
728 2139 807 2161 eum
822 2128 1039 2161 Ptolemaeo
1053 2127 1214 2171 Aegypti
1234 2139 1322 2172 rege
1337 2128 1497 2162 societas

149 2181 276 2214 iuncta
297 2183 364 2213 est.
413 2178 568 2213 Sextilia
588 2179 692 2223 virgo
714 2179 876 2212 Vestalis
897 2179 1071 2212 damnata
1091 2178 1232 2222 incesti.
1244 2178 1327 2212 viva
1347 2178 1498 2212 defossa

150 2233 216 2264 est.
264 2229 433 2263 coloniae
459 2230 642 2263 deductae
669 2232 754 2262 sunt
773 2229 979 2263 Posidonia
1004 2233 1041 2262 et
1060 2227 1167 2262 Cosa.
1217 2228 1497 2272 Carthaginien-

150 2279 243 2312 sium
258 2279 386 2314 classis
401 2279 536 2313 auxilio
553 2279 764 2313 Tarentinis
779 2279 896 2323 venit,
925 2290 997 2324 quo
1013 2280 1113 2313 facto
1130 2280 1176 2312 ab
1197 2279 1254 2312 his
1274 2279 1407 2312 foedus
1422 2279 1497 2312 vio-

150 2330 262 2363 latum
283 2333 348 2364 cst.
396 2342 454 2364 res
473 2333 668 2374 praeterea
689 2333 819 2364 contra
834 2330 1007 2363 Lucanos
1030 2334 1067 2363 et
1078 2330 1244 2363 Bruttios
1265 2333 1302 2364 et
1315 2328 1498 2364 Samnites

150 2379 310 2414 feliciter
323 2384 448 2425 gestas
463 2384 500 2415 et
514 2381 644 2425 Pyrrhi
660 2380 760 2425 regis
774 2384 928 2415 mortem
944 2380 1119 2414 continet.

549 2548 811 2585 PERIOCHA
842 2549 981 2585 LIBRI
1010 2548 1097 2584 XV.

219 2643 337 2678 Victis
363 2643 572 2678 Tarentinis
597 2654 670 2687 pax
695 2648 732 2678 et
755 2644 909 2678 libertas
936 2645 1023 2678 data
1048 2647 1115 2678 est.
1172 2644 1270 2688 legio
1298 2642 1496 2689 Campana,

151 2704 246 2740 quae
271 2693 427 2738 Regium
453 2697 716 2739 occupaverat,
750 2694 906 2729 obsessa
932 2694 1119 2729 deditione
1145 2694 1246 2729 faeta
1272 2695 1390 2729 securi
1416 2706 1496 2739 per-

1218 2750 1286 2784 35*
