1780 3204
396 246 549 280 LIBER
572 245 644 290 VI,
670 244 723 278 23.
744 244 799 280 24.
830 247 880 288 [a.
898 244 936 279 c.
950 244 1123 288 381680]
1349 235 1431 276 329

77 353 234 394 animos
254 350 482 393 cunctando
501 349 704 398 auximus,
730 349 812 390 iam
826 348 991 389 minime
1011 348 1220 390 toleranda
1240 347 1434 403 superbia

76 414 255 455 insultat.
311 413 410 454 cede
439 427 546 452 unus
577 410 767 452 omnibus
798 418 838 452 et
868 418 1006 465 patere
1037 417 1076 451 te
1108 410 1215 451 vinci
1247 410 1431 459 consilio,

77 483 119 516 ut
145 475 343 517 maturius
368 474 476 516 bello
501 473 668 514 vincas.⁹

76 539 197 578 unius
229 536 412 591 auspicio
443 541 561 592 gesta
591 535 644 576 ad
675 550 765 576 eam
796 535 904 576 diem
930 542 1085 584 essent,
1123 550 1275 590 negare
1304 535 1347 575 in
1373 535 1432 575 eis

77 614 208 653 neque
240 613 284 640 se
314 613 447 652 neque
477 597 677 652 populum
706 597 942 638 Romanum
973 604 1043 638 aut
1073 597 1233 638 consilii
1269 597 1332 637 sui
1363 604 1433 637 aut

77 662 264 702 fortunae
288 660 552 716 paenituisse.
600 674 709 700 nunc
736 660 837 700 scire
864 675 907 701 se
939 659 1140 714 collegam
1171 659 1321 700 habere
1346 659 1433 699 iure

77 724 328 777 imperioque
353 736 512 777 parem,
549 721 691 777 w'gore
717 722 860 762 aetatis
885 728 1175 776 praestantem.
1224 721 1363 774 itaque
1389 735 1433 762 se

76 786 187 838 quod
223 785 276 825 ad
306 784 529 825 exercitum
566 783 733 824 attineat
763 798 905 839 regere
937 798 1177 833 consuesse,
1214 798 1297 824 non
1331 783 1432 838 regi,

77 847 258 902 collegae
288 846 505 901 imperium
537 860 580 886 se
611 860 694 886 non
722 860 846 900 posse
875 845 1072 900 inpedire.
1122 845 1200 886 diis
1236 845 1341 886 bene
1372 845 1434 884 iu-

76 909 267 950 vantibus
294 917 432 963 ageret
457 907 568 961 quod
593 922 614 948 e
638 922 681 948 re
706 907 871 962 publica
897 908 1075 948 duceret.
1114 907 1237 948 aetati
1263 922 1362 948 suae
1388 921 1432 947 se

76 971 239 1010 veniam
265 971 387 1011 etiam
417 976 574 1024 petere,
612 984 663 1010 ne
688 969 730 1009 in
753 970 885 1024 prima
911 970 997 1010 acie
1028 976 1155 1010 esset:
1192 984 1298 1023 quae
1324 969 1434 1010 senis

77 1033 215 1073 munia
240 1033 283 1073 in
307 1032 414 1073 bello
440 1032 538 1080 sint,
576 1031 626 1072 iis
658 1046 701 1072 se
734 1047 814 1072 non
839 1031 1089 1072 defuturum.
1144 1031 1186 1071 id
1217 1047 1240 1072 a
1272 1031 1349 1071 diis
1374 1031 1436 1071 in-

77 1094 318 1135 mortalibus
343 1094 518 1149 precari,
556 1108 607 1134 ne
637 1094 708 1146 qui
739 1107 860 1133 casus
893 1108 1014 1134 suum
1046 1093 1263 1134 consilium
1293 1093 1436 1133 lauda-

76 1155 157 1196 bile
183 1156 346 1197 efficiat.
395 1170 472 1196 nec
502 1155 553 1196 ab
579 1155 814 1196 hominibus
847 1155 1037 1196 salutaris
1071 1155 1273 1196 sententia
1302 1169 1379 1195 nec
1409 1170 1433 1195 a
1483 1175 1489 1181 ·

77 1217 154 1258 diis
180 1225 262 1258 tam
287 1218 378 1271 piae
402 1231 545 1271 preces
577 1217 739 1257 auditae
772 1223 877 1257 sunt.
927 1217 1102 1271 primam
1133 1217 1263 1257 aciem
1294 1223 1436 1257 auctor

74 1294 239 1334 pugnae
263 1279 437 1328 instruit,
466 1278 650 1320 subsidia
677 1278 877 1320 Camillus
903 1279 1038 1319 firmat
1063 1279 1324 1332 validamque
1353 1285 1435 1320 sta-

76 1341 227 1381 tionem
252 1356 326 1395 pro
352 1341 496 1382 castris
529 1340 716 1395 opponit3
753 1341 841 1395 ipse
874 1341 982 1382 edito
1013 1341 1105 1382 loco
1137 1348 1343 1396 spectator
1374 1341 1435 1381 in-

77 1409 210 1444 tentus
235 1403 277 1443 iu
303 1410 452 1444 eventu
477 1403 598 1443 alieni
623 1403 783 1444 consilii
808 1404 1000 1444 constitit.

158 1464 360 1506 XXIIII.
417 1463 551 1506 Simul
586 1465 717 1520 primo
755 1480 959 1506 concursu
995 1480 1270 1521 concrepuere
1307 1482 1432 1515 arma,

76 1527 205 1568 hostis
231 1527 342 1576 dolo,
374 1542 457 1568 non
481 1534 593 1568 metu
619 1528 766 1582 pedem
790 1528 956 1569 rettulit.
1005 1528 1108 1569 lenis
1141 1527 1192 1569 ab
1224 1535 1340 1584 tergo
1366 1529 1437 1568 cli-
1463 1549 1468 1553 ·

77 1605 152 1630 vus
178 1596 264 1631 erat
286 1589 392 1630 inter
416 1589 545 1630 aciem
573 1596 610 1629 ct
637 1596 788 1639 castra,
822 1596 877 1640 et,
905 1590 1015 1644 quod
1041 1590 1260 1631 multitudo
1287 1605 1437 1644 suppe-

78 1650 251 1700 ditabat,
289 1651 444 1704 aliquot
480 1651 637 1691 validas
675 1651 863 1692 cohortes
899 1651 942 1691 in
979 1652 1123 1692 castris
1161 1658 1338 1692 armatas
1375 1652 1437 1691 in-

79 1720 336 1766 structasque
365 1712 630 1765 reliquerant,
668 1727 773 1766 quae
804 1713 909 1753 inter
939 1713 1208 1754 commissum
1237 1713 1320 1753 iam
1351 1728 1437 1754 cer-

80 1782 234 1823 tamen,
283 1773 355 1814 ubi
394 1774 503 1815 vallo
545 1775 919 1828 adpropinquasset
963 1775 1112 1824 hostis,
1162 1782 1434 1829 erumperent.

80 1836 293 1876 Romanus
319 1836 532 1876 cedentem
555 1836 717 1876 hostem
743 1837 873 1877 effuse
900 1837 1109 1889 sequendo
1134 1837 1176 1877 in
1199 1837 1337 1878 locum
1361 1837 1438 1878 ini—

81 1912 207 1950 quum
232 1904 457 1951 pertractus
483 1904 707 1952 oportunus
733 1898 827 1938 huic
849 1899 1050 1953 eruptioni
1069 1899 1159 1940 fuit.
1197 1914 1342 1941 versus
1362 1900 1438 1940 ita-

82 1973 160 2012 que
186 1959 227 1998 in
252 1959 449 1999 victorem
472 1966 600 2000 terror
625 1967 663 2000 et
688 1975 795 2001 novo
826 1960 944 2001 hoste
975 1967 1014 2001 et
1045 1961 1193 2015 supina
1222 1961 1328 2002 valle
1353 1961 1439 2002 Ro-

82 2036 246 2061 manam
275 2021 486 2062 inclinavit
516 2021 658 2062 aciem.
712 2022 867 2063 instant
895 2021 1039 2063 Volsci
1074 2032 1277 2072 recentes,
1315 2024 1385 2077 qui
1416 2039 1437 2064 c

83 2083 226 2124 castris
257 2083 457 2138 impetum
486 2084 686 2134 fecerant3
723 2084 930 2139 integrant
966 2091 1006 2125 et
1034 2085 1094 2125 illi
1128 2100 1330 2141 pugnam,
1367 2086 1454 2139 qui·

84 2145 274 2186 simulata
298 2152 506 2186 cesserant
530 2145 643 2200 fuga.
691 2145 774 2186 iam
797 2161 880 2187 non
903 2147 1125 2201 recipiebat
1150 2161 1194 2188 se
1217 2147 1432 2188 Romanus

83 2207 218 2256 miles,
257 2207 331 2247 sed
360 2207 562 2248 inmemor
590 2208 763 2248 recentis
800 2208 976 2249 ferociae
1012 2209 1242 2263 veterisque
1279 2209 1438 2250 decoris

84 2276 199 2323 terga
228 2269 384 2323 passim
415 2269 539 2310 dabat
568 2276 689 2323 atque
721 2270 853 2312 effuso
885 2286 1009 2312 cursu
1045 2278 1179 2313 castra
1214 2271 1436 2327 repetebat,

85 2345 178 2370 cum
205 2329 405 2371 Camillus
437 2330 644 2372 subiectus
675 2331 727 2373 ab
759 2333 1117 2374 circumstantibus
1148 2334 1191 2374 in
1222 2349 1373 2388 equum
1398 2341 1437 2375 et

84 2392 231 2445 raptim
257 2392 450 2433 subsidiis
466 2394 683 2448 oppositis:
711 2394 829 2436 ‘haec
844 2395 930 2444 est,'
943 2396 1073 2449 inquit
1090 2397 1269 2446 ‘milites,
1284 2411 1436 2452 pugna,

85 2469 209 2506 quam
232 2454 504 2508 poposcistis?
534 2456 625 2509 quis
650 2456 791 2506 homo,
818 2457 909 2510 quis
935 2458 1036 2499 deus
1063 2465 1143 2507 est,
1170 2473 1294 2512 quem
1318 2474 1439 2500 accu-

86 2529 176 2555 sare
206 2515 399 2569 possitis?
439 2523 576 2558 vestra
606 2517 676 2558 illa
705 2519 931 2568 temeritas,
968 2526 1106 2561 vestra
1136 2520 1303 2575 ignavia
1336 2521 1438 2562 haec

85 2583 159 2617 cst.
221 2578 349 2618 secuti
386 2578 510 2619 alium
546 2579 694 2620 ducem
731 2581 949 2634 sequimini
984 2596 1095 2622 nunc
1126 2581 1348 2624 Camillum
1385 2592 1436 2633 et,

85 2639 196 2692 quod
226 2640 352 2680 (luctu
382 2655 474 2681 meo
506 2640 663 2691 soletis,
702 2642 864 2684 vincite.
919 2643 1018 2696 quid
1052 2644 1206 2685 vallum
1237 2651 1276 2686 et
1307 2652 1441 2688 castra

87 2701 305 2756 spectatis?
345 2702 548 2744 neminem
582 2711 762 2746 vestrum
793 2704 863 2746 illa
892 2706 968 2746 nisi
1001 2706 1197 2749 victorem
1225 2715 1440 2764 receptura

710 473 763 514 ad
789 488 836 514 ea
857 472 1071 522 Camillus,
1098 487 1203 526 quae
1227 472 1336 514 bella
1356 487 1433 514 suo
1459 486 1471 512 ⁴„

1462 734 1502 762 10

1461 921 1498 949 11
