1835 3226
270 763 280 790 1
290 762 309 790 ‹j›

271 880 306 907 11

289 1310 306 1339 Ν)

289 1873 309 1900 4

290 2488 307 2518 6

292 2735 303 2761 l

335 273 358 313 6
838 279 992 313 LIBER
1012 280 1045 322 Ι,
1074 282 1170 313 1-3.

335 383 651 434 condendaeque
687 381 799 421 urbis
836 380 971 421 locum
1008 395 1221 433 quaerere,
1259 392 1299 422 et
1329 382 1582 423 nobilitatem
1619 383 1691 424 ad-

335 445 523 484 miratum
549 443 683 497 gentis
709 442 865 494 virique
891 448 931 482 et
955 442 1138 482 animum
1163 442 1227 483 vel
1252 441 1359 483 bello
1379 443 1444 484 vel
1463 444 1555 497 paci
1573 458 1691 498 para-

335 516 439 552 tum,
477 504 621 544 dextra
650 503 746 543 data
776 503 900 543 fidem
931 502 1093 544 futurae
1119 503 1321 544 amicitiae
1348 505 1547 545 sanxisse.
1596 505 1689 544 inde

334 565 480 606 foedus
516 564 644 605 ictum
678 565 783 605 inter
818 564 964 613 duces,
1011 565 1116 605 inter
1157 565 1359 606 exercitus
1404 566 1690 606 salutationem

334 627 497 675 factam,
523 625 712 667 Aeneam
731 626 842 680 apud
860 625 1059 666 Latinum
1080 626 1210 667 fuisse
1228 627 1270 667 in
1289 626 1481 681 hospitio.
1515 627 1587 668 ubi
1606 627 1692 667 La-

333 689 463 729 tinum
495 688 605 742 apud
634 696 804 742 penates
835 688 933 729 deos
965 688 1237 729 domesticum
1261 688 1427 743 publico
1453 689 1689 730 adiunxisse

336 751 481 792 foedus
507 751 590 791 filia
614 750 785 791 Aeneae
809 751 852 790 in
876 750 1182 792 matrimonium
1213 751 1319 792 data.
1375 753 1423 793 ea
1452 752 1593 805 utique
1625 765 1691 791 res

334 806 524 848 Troianis
567 821 683 861 spem
726 806 914 847 adfirmat
955 807 1121 847 tandem
1170 807 1306 848 stabili
1354 815 1546 861 certaque
1595 807 1692 848 sede

334 867 502 908 finiendi
538 868 697 909 erroris.
752 868 951 922 oppidum
986 869 1185 918 condunt,
1222 869 1390 910 Aeneas
1434 869 1485 910 ab
1527 869 1693 909 nomine

333 930 472 971 uxoris
498 927 725 970 Larinium
755 930 945 985 appellat.
994 930 1109 972 brevi
1141 930 1263 985 stirps
1294 945 1458 984 quoque
1489 930 1616 971 virilis
1642 944 1693 971 ex

332 1006 440 1033 novo
487 992 746 1033 matrimonio
793 992 889 1041 suit,
944 992 1009 1033 cui
1050 991 1279 1033 Ascanium
1320 999 1510 1047 parentes
1553 992 1692 1032 dixere

336 1067 498 1094 nomen.

423 1115 480 1155 H.
523 1115 642 1156 Bello
672 1115 821 1156 deinde
850 1114 1104 1171 Aborigines
1130 1115 1381 1168 Troianique
1413 1115 1535 1157 simul
1564 1115 1692 1170 petiti.

336 1175 503 1217 Turnus
528 1191 601 1217 rex
619 1176 886 1225 Rutulorum,
914 1176 980 1218 cui
1003 1183 1125 1231 pacta
1148 1176 1328 1218 Lavinia
1353 1184 1446 1218 ante
1472 1177 1694 1218 adventum

332 1237 501 1279 Aeneae
537 1237 693 1288 fuerat,
742 1238 970 1293 praelatum
1008 1238 1087 1279 sibi
1122 1239 1324 1279 advenam
1361 1253 1483 1294 aegre
1518 1238 1692 1293 patiens,

338 1299 459 1340 simul
489 1298 660 1340 Aeneae
690 1300 926 1353 Latinoque
963 1299 1116 1340 bellum
1151 1299 1354 1341 intulerat.
1402 1306 1547 1340 neutra
1584 1299 1693 1340 acies

332 1361 438 1402 laeta
462 1375 513 1402 ex
538 1376 586 1402 eo
611 1361 831 1402 certamine
861 1361 978 1402 abiit:
1015 1361 1113 1402 victi
1137 1361 1300 1410 Rutuli,
1345 1361 1519 1402 victores
1544 1360 1696 1401 Abori-

333 1423 451 1478 gines
485 1423 733 1477 Troianique
765 1423 910 1466 ducem
942 1423 1142 1464 Latinum
1173 1424 1358 1464 amisere.
1406 1423 1501 1464 inde
1527 1422 1694 1463 Turnus

334 1484 560 1538 Rutulique
585 1485 712 1525 diffisi
736 1484 859 1525 rebus
886 1485 938 1525 ad
962 1484 1153 1526 florentes
1180 1500 1278 1540 opes
1303 1485 1577 1526 Etruscorum
1601 1484 1694 1525 Me-

335 1547 597 1600 zentiumque
622 1561 763 1602 regem
783 1561 922 1587 eorum
943 1547 1205 1602 confugiunt,
1232 1548 1303 1600 qui
1323 1546 1473 1595 Caere,
1500 1546 1694 1601 opulento

333 1622 421 1649 tum
446 1609 616 1663 oppido,
641 1609 900 1663 imperitans,
926 1609 1007 1649 iam
1032 1609 1127 1650 inde
1153 1609 1204 1650 ab
1229 1609 1344 1650 initio
1369 1609 1536 1649 minime
1560 1609 1692 1649 laetus

333 1685 464 1711 novae
496 1671 653 1725 origine
683 1670 797 1711 urbis
829 1677 867 1711 et
899 1678 986 1711 tum
1016 1671 1142 1712 nimio
1167 1670 1259 1726 plus
1286 1685 1409 1724 quam
1436 1671 1534 1711 satis
1560 1676 1693 1710 tutum

333 1739 443 1773 esset
468 1733 618 1773 accolis
643 1747 731 1773 rem
751 1732 973 1773 Troianam
999 1747 1183 1774 crescere
1201 1740 1333 1782 ratus,
1359 1733 1471 1773 haud
1490 1732 1693 1787 gravatim

335 1794 445 1834 socia
470 1809 584 1835 arma.
607 1794 774 1835 Rutulis
800 1795 943 1834 iunxit.

418 1856 604 1905 Aeneas,
631 1856 830 1898 adversus
855 1856 957 1897 tanti
981 1856 1078 1897 belli
1104 1864 1298 1897 terrorem
1324 1863 1368 1896 ut
1393 1856 1552 1896 animos
1576 1854 1695 1895 Abo-

331 1918 510 1973 riginum
548 1917 627 1959 sibi
665 1917 900 1959 conciliaret
935 1932 1011 1959 nec
1049 1918 1125 1959 sub
1158 1918 1303 1959 eodem
1333 1917 1421 1958 iure
1453 1917 1587 1958 solum
1619 1916 1692 1957 sed

333 1981 455 2020 etiam
490 1980 655 2021 nomine
692 1994 835 2021 omnes
872 1987 1027 2029 essent,
1064 1979 1240 2020 Latinos
1276 1985 1492 2032 utramque
1528 1984 1693 2033 gentem

332 2041 565 2096 appellavit.
610 2055 687 2082 nec
712 2041 860 2082 deinde
884 2040 1137 2096 Aborigines
1164 2040 1354 2082 Troianis
1381 2040 1516 2081 studio
1541 2054 1588 2080 ac
1612 2038 1693 2079 fide

332 2118 430 2158 erga
458 2118 599 2158 regem
623 2103 813 2144 Aeneam
839 2117 998 2144 cessere
1023 2103 1235 2156 fretusque
1265 2102 1328 2143 his
1360 2101 1509 2143 animis
1535 2100 1694 2142 coales-

333 2165 512 2205 centium
535 2165 578 2206 in
602 2165 689 2206 dies
714 2165 847 2219 magis
873 2165 1048 2206 duorum
1072 2165 1318 2219 populorum
1338 2163 1523 2211 Aeneas,
1549 2177 1693 2215 quam-

332 2241 456 2280 quam
481 2233 595 2268 tanta
617 2226 765 2282 opibus
785 2226 953 2267 Etruria
978 2233 1081 2275 erat,
1107 2233 1152 2266 ut
1176 2226 1258 2266 iam
1281 2239 1365 2266 non
1388 2231 1516 2265 terras
1543 2223 1689 2271 solum,

334 2289 407 2330 sed
431 2303 544 2330 mare
569 2289 692 2329 etiam
716 2303 790 2343 per
814 2295 941 2329 totam
960 2289 1104 2330 Italiae
1122 2289 1422 2343 longitudinem
1441 2287 1493 2329 ab
1510 2287 1691 2342 Alpibus

333 2352 385 2392 ad
414 2351 567 2392 fretum
599 2350 787 2392 Siculum
823 2350 936 2391 fama
965 2351 1143 2392 nominis
1176 2351 1239 2391 sui
1268 2350 1501 2404 implesset,
1539 2356 1688 2397 tamen,

333 2427 427 2453 cum
457 2412 672 2454 moenibus
697 2413 852 2454 bellum
875 2413 1114 2468 propulsare
1138 2419 1297 2468 posset,
1328 2413 1372 2453 in
1396 2412 1526 2452 aciem
1551 2411 1690 2465 copias

333 2475 484 2515 eduxit.
538 2476 763 2516 secundum
799 2475 892 2516 inde
923 2475 1123 2530 proelium
1153 2475 1337 2524 Latinis,
1368 2473 1538 2514 Aeneae
1568 2473 1690 2514 etiam

333 2536 521 2577 ultimum
551 2537 785 2578 mortalium
817 2546 986 2592 operum
1012 2537 1101 2577 fuit.
1145 2537 1248 2578 situs
1274 2542 1353 2584 est,
1388 2547 1688 2588 quemcumque

333 2613 428 2638 eum
454 2599 534 2639 dici
558 2599 622 2639 ius
648 2599 794 2652 fasque
820 2606 899 2648 est,
933 2613 1056 2653 super
1080 2599 1301 2639 Numicum
1324 2597 1514 2645 fluvium,
1545 2596 1689 2636 Iovem

334 2660 566 2714 Indigetem
591 2661 809 2715 appellant.

417 2721 497 2761 ΠΙ.
540 2721 732 2762 Nondum
760 2730 942 2763 maturus
968 2722 1139 2777 imperio
1160 2721 1367 2762 Ascanius
1388 2719 1556 2759 Aeneae
1581 2716 1688 2757 filius
