1835 3226
298 344 314 373 G

280 1703 317 1729 lo

282 1889 317 1916 11

301 2324 318 2350 1<-

341 218 395 257 :32
659 224 808 257 LIBER
834 225 867 265 1,
887 224 940 255 aa.
961 224 1012 256 29.
1044 226 1091 265 [a.
1106 235 1140 257 u.
1156 235 1186 258 c.
1203 224 1376 267 ‹sa—114]

342 336 468 368 terror
493 340 539 366 ac
565 326 667 378 fuga
691 325 922 365 iniceretur.
962 339 1037 365 nec
1063 339 1111 365 ea
1135 325 1269 379 culpa,
1296 339 1420 378 quam
1446 341 1587 380 arguo,
1609 343 1697 368 om-

341 389 454 428 nium
468 386 727 427 Albanorum
752 393 832 427 est:
859 387 1007 427 ducem
1034 387 1163 427 secuti
1189 394 1296 436 sunt,
1317 394 1363 428 ut
1387 394 1426 428 et
1446 403 1534 436 VOS,
1557 389 1591 429 si
1615 403 1696 442 quo

340 464 418 503 ego
443 449 537 489 inde
569 463 718 503 agmen
749 448 953 489 declinare
982 449 1226 497 voluissem,
1258 449 1475 490 fecissetis.
1524 449 1696 491 Mettius

339 511 406 551 ille
432 517 494 550 est
519 510 664 550 ductor
688 509 843 550 itineris
868 509 1004 558 huius,
1030 509 1204 551 Mettius
1230 510 1408 551 foederis
1427 510 1605 552 Romani
1622 510 1699 551 Al-

342 571 517 624 banique
542 578 695 625 ruptor.
733 571 883 612 audeat
907 571 1055 612 deinde
1081 571 1177 612 talia
1202 571 1319 620 alius,
1340 572 1420 613 nisi
1443 572 1487 613 in
1505 572 1614 613 hunc
1637 573 1699 612 in-

341 634 457 689 signe
482 633 564 673 iam
590 633 882 673 documentum
907 633 1150 674 mortalibus
1177 633 1372 681 dedero),

426 694 700 736 Centuriones
727 695 872 735 armati
890 694 1085 735 Mettium
1105 695 1422 736 circumsistunt.
1459 710 1532 736 rex
1551 704 1697 744 cetera,

340 763 385 797 ut
409 771 527 797 orsus
554 763 657 805 erat,
684 757 862 812 peragit:
896 757 1026 810 ‘quod
1050 756 1205 798 bonum
1230 757 1414 798 faustum
1439 757 1621 811 felixque
1647 757 1699 798 sit

340 819 494 873 populo
519 819 709 860 Romano
735 834 783 860 ac
808 819 909 859 mihi
933 819 1154 872 vobisque,
1182 818 1356 868 Albani,
1387 819 1588 874 populum
1613 834 1700 860 om-

339 896 434 922 nem
460 880 674 922 Albanum
703 881 882 922 Romam
909 882 1122 922 traducere
1152 882 1195 922 in
1220 882 1356 922 animo
1382 889 1461 931 est,
1493 881 1700 922 civitatem

340 944 438 985 dare
462 943 585 999 plebi,
611 944 810 998 primores
836 945 879 985 in
901 952 1039 999 patres
1064 945 1215 1000 legere,
1242 960 1367 985 unam
1391 944 1549 994 urbem,
1576 959 1701 985 unam

341 1021 427 1047 rem
450 1006 660 1060 publicam
685 1007 834 1048 faeere.
883 1014 929 1048 ut
953 1022 1005 1048 ex
1029 1022 1112 1048 uno
1137 1007 1348 1060 quondam
1372 1007 1415 1047 in
1440 1007 1543 1047 duos
1570 1021 1700 1061 popu-

341 1068 403 1109 los
429 1068 562 1108 divisa
585 1068 753 1110 Albana
776 1083 842 1110 res
875 1076 948 1118 est,
987 1070 1047 1110 sic
1076 1084 1187 1110 nunc
1211 1070 1254 1109 in
1283 1084 1411 1109 unum
1435 1068 1601 1110 redeat?
1649 1068 1701 1108 ad

341 1130 443 1171 haec
468 1129 635 1171 Albana
664 1131 797 1184 pubes
828 1131 995 1172 inermis
1027 1131 1078 1172 ab
1109 1131 1276 1172 armatis
1310 1138 1470 1185 saepta,
1502 1131 1545 1171 in
1576 1130 1700 1171 variis

343 1191 622 1233 voluntatibus
649 1193 858 1233 communi
883 1200 1021 1233 tamen
1046 1200 1158 1233 metu
1183 1200 1374 1248 cogente,
1409 1193 1617 1233 silentium
1642 1198 1701 1232 te-

298 1270 307 1295 i
343 1260 422 1295 net.
460 1261 548 1294 tum
563 1253 709 1295 Tullus
737 1254 877 1295 ‘Metti
897 1255 933 1295 F
936 1254 1064 1304 ufeti,'
1089 1255 1221 1308 inquit
1247 1255 1301 1295 ‘si
1319 1254 1409 1308 ipse
1429 1254 1587 1295 discere
1605 1268 1702 1308 pos-

344 1330 410 1357 ses
435 1315 559 1356 fidem
585 1330 633 1356 ac
658 1316 826 1357 foedera
852 1331 1029 1366 servare,
1050 1317 1146 1357 vivo
1171 1316 1245 1356 tibi
1271 1331 1319 1357 ea
1345 1316 1561 1370 disciplina
1586 1331 1610 1356 a
1637 1329 1701 1355 me

342 1377 527 1419 adhibita
552 1386 661 1419 esset
670 1395 680 1428 ;
717 1393 845 1426 nunc,
872 1379 1067 1432 quoniam
1093 1387 1208 1419 tuum
1234 1377 1462 1419 insanabile
1487 1377 1699 1432 ingenium

344 1447 424 1489 est,
457 1447 499 1481 at
529 1446 574 1480 tu
604 1447 674 1481 tuo
707 1441 909 1495 supplicio
941 1441 1043 1482 doce
1069 1441 1297 1481 humanum
1327 1455 1459 1495 genus
1486 1454 1535 1481 ea
1560 1447 1702 1481 sancta

344 1501 521 1551 credere,
548 1516 655 1555 quae
680 1518 704 1544 a
729 1509 769 1543 te
793 1503 946 1544 violata
972 1510 1078 1544 sunt.
1128 1510 1173 1543 ut
1197 1503 1323 1557 igitur
1347 1502 1470 1557 paulo
1496 1509 1589 1542 ante
1615 1502 1702 1542 ani-

342 1579 457 1604 mum
486 1564 592 1604 inter
621 1564 866 1605 Fidenatem
890 1564 1205 1618 Romanamque
1236 1579 1323 1605 rem
1355 1564 1576 1618 ancipitem
1607 1578 1700 1618 ges-

344 1627 445 1675 sisti,
472 1627 529 1667 ita
552 1627 636 1667 iam
662 1642 812 1681 corpus
838 1627 995 1681 passim
1020 1627 1334 1668 distrahendum
1359 1625 1502 1667 dabis.'

426 1688 593 1729 Exinde
624 1689 787 1730 duabus
825 1689 1002 1730 admotis
1035 1689 1266 1744 quadrigis,
1304 1689 1347 1728 in
1378 1702 1521 1728 currus
1559 1702 1699 1728 earum

343 1751 567 1792 distentum
592 1751 737 1806 inligat
761 1751 975 1799 Mettium,
1008 1751 1156 1791 deinde
1186 1751 1228 1791 in
1259 1750 1471 1790 diversum
1501 1750 1578 1790 iter
1607 1750 1702 1802 equi

345 1813 554 1861 concitati,
586 1813 767 1854 lacerum
793 1813 836 1853 in
860 1820 1034 1866 utroque
1060 1827 1180 1853 curru
1206 1827 1375 1866 corpus,
1407 1826 1489 1864 qua
1512 1811 1702 1852 inhaese—

347 1882 438 1915 rant
463 1875 638 1915 vinculis
665 1874 863 1924 membra,
884 1882 1107 1929 portantes.
1146 1881 1328 1915 avertere
1348 1888 1492 1915 omnes
1512 1873 1564 1914 ab
1590 1880 1703 1913 tanta

343 1936 538 1977 foeditate
559 1937 785 1991 spectaculi
804 1937 957 1978 oculos.
995 1937 1174 1991 primum
1195 1936 1467 1988 ultimumque
1484 1935 1587 1975 illud
1606 1950 1702 1989 sup-

343 1998 512 2052 plicium
548 1999 660 2053 apud
689 1998 903 2040 Romanos
940 1999 1119 2053 exempli
1153 2013 1300 2052 parum
1337 1997 1530 2038 memoris
1561 1997 1701 2052 legum

344 2060 615 2100 humanarum
640 2060 731 2101 fuit.
782 2061 824 2101 in
849 2061 939 2102 aliis
965 2060 1132 2116 gloriari
1156 2060 1262 2109 licet,
1289 2059 1390 2100 nulli
1415 2059 1602 2114 gentium
1627 2059 1702 2098 mi-

345 2122 468 2163 tiores
493 2122 701 2176 placuisse
727 2137 895 2176 poenas.

428 2183 673 2234 XXVIIII.
698 2184 812 2225 Inter
831 2184 932 2224 haec
951 2185 1031 2224 iam
1051 2184 1267 2238 praemissi
1280 2183 1435 2224 Albam
1454 2189 1569 2223 erant
1588 2182 1702 2235 equi-

345 2254 419 2294 tes,
440 2246 510 2299 qui
530 2246 834 2286 multitudinem
854 2246 1113 2287 traducerent
1126 2246 1316 2287 Romam.
1348 2245 1534 2299 legiones
1553 2244 1701 2284 deinde

345 2307 492 2348 (luctae
523 2308 576 2348 ad
606 2308 849 2349 diruendam
880 2307 1037 2349 urbem.
1087 2322 1193 2361 quae
1219 2307 1289 2348 ubi
1320 2307 1522 2347 intravere
1548 2312 1700 2361 portaS‚

345 2384 428 2410 non
452 2370 619 2423 quidem
643 2370 722 2410 fuit
746 2370 945 2410 tumultus
971 2370 1037 2410 ille
1063 2384 1138 2410 nec
1162 2384 1304 2424 pavor,
1330 2369 1463 2422 qualis
1489 2375 1701 2422 captarum

346 2446 437 2473 esse
462 2431 626 2472 urbium
646 2432 762 2481 solet,
783 2447 877 2473 cum
898 2432 1077 2472 effractis
1096 2431 1225 2486 portis
1251 2431 1441 2472 stratisve
1462 2430 1587 2471 ariete
1611 2444 1701 2470 mu-

346 2494 400 2535 ris
426 2501 496 2534 aut
521 2509 614 2535 arce
640 2494 680 2535 vi
706 2501 826 2549 capta
852 2494 1007 2534 clamor
1030 2494 1191 2535 hostilis
1219 2500 1259 2534 et
1283 2507 1428 2534 cursus
1458 2506 1533 2546 per
1557 2490 1700 2532 urbem

303 2573 319 2598 ;;
347 2562 596 2597 armatorum
628 2557 765 2597 onmia
790 2556 899 2597 ferro
924 2555 1173 2609 >flammaque
1198 2556 1362 2604 miscet,
1396 2555 1470 2595 sed
1494 2553 1699 2595 silentium

349 2618 461 2658 triste
481 2632 529 2658 ae
550 2618 672 2659 tacita
691 2618 895 2659 maestitia
916 2618 972 2658 ita
990 2617 1131 2658 defixit
1151 2618 1334 2658 omnium
1354 2616 1524 2663 animos,
1539 2621 1584 2654 ut
1603 2628 1699 2668 prae

349 2689 461 2719 metu
486 2679 618 2728 obliti,
652 2680 751 2733 quid
781 2680 1074 2732 relinquerent,
1107 2679 1205 2732 quid
1232 2693 1372 2719 secum
1399 2677 1567 2724 ferrent,
1600 2676 1700 2716 defi-
