1835 3226
309 495 326 519 b*

290 1048 326 1076 lo

291 1299 321 1325 ll

309 1546 326 1573 Na

361 244 439 284 148
654 250 808 284 LIBER
836 251 909 294 111,
936 251 990 286 24.
1010 251 1063 284 25.
1093 254 1140 294 [a.
1156 263 1189 285 u.
1205 264 1234 286 c.
1248 254 1324 287 295.
1339 255 1420 297 296]

356 362 485 395 stores
511 353 662 394 habere
688 353 738 393 de
764 367 846 402 reo,
875 353 952 393 nisi
972 353 1085 408 prius
1105 353 1245 395 habita
1265 354 1315 395 de
1334 355 1427 410 lege
1447 364 1597 407 essent,
1622 373 1716 413 pas-

355 430 472 456 suros
498 414 717 469 negabant.

437 477 502 517 Ita
533 482 716 517 extracta
746 483 918 531 utraque
954 493 1020 519 res
1057 479 1099 518 in
1137 479 1354 520 consulum
1387 480 1609 521 adventum
1641 489 1715 523 est.

353 539 421 592 qui
447 538 517 578 ubi
542 538 842 592 triumphantes
869 540 1022 581 victore
1048 555 1143 581 cum
1162 541 1343 582 exercitu
1363 542 1507 583 urbem
1526 542 1715 593 inierunt,

353 601 448 654 quia
474 601 681 641 silentium
707 601 757 641 de
782 601 875 656 lege
901 608 1004 651 erat,
1042 602 1254 657 perculsos
1282 611 1433 659 magna
1457 619 1553 658 pars
1579 606 1716 646 crede-

309 678 314 702 ⁴.
352 662 451 703 bant
470 662 670 703 tribunos.
708 670 749 703 at.
768 662 826 703 illi
839 688 893 693 —
907 664 1059 704 etenim
1079 670 1308 705 extremum
1327 666 1423 706 anni
1442 666 1525 706 iam
1545 673 1631 708 erat
1649 692 1716 716 ——,

352 730 543 777 quartum
569 724 824 766 adfectantes
850 725 1126 776 tribunatum,
1165 727 1206 767 in
1232 727 1490 769 comitiorum
1515 728 1717 784 discepta-

352 786 503 826 tionem
531 785 582 827 ab
607 786 699 842 lege
726 793 931 828 certamen
958 794 1202 829 averterant.
1252 796 1291 830 et
1317 804 1410 830 cum
1442 790 1632 831 consules
1658 791 1718 831 ni-

352 848 434 889 hilo
459 848 595 890 minus
628 849 828 891 adversus
861 850 1211 892 continuationem
1243 851 1494 902 tribunatus,
1532 867 1658 905 quam
1684 853 1717 893 si

351 910 417 951 lex
443 911 690 952 minuendae
717 927 815 953 suae
841 912 1067 954 maiestatis
1094 928 1221 954 causa
1244 914 1506 969 promulgata
1530 915 1715 963 ferretur,

352 974 632 1023 tetendissent,
662 974 831 1015 victoria
856 975 1089 1016 certaminis
1114 990 1241 1030 penes
1267 976 1453 1017 tribunos
1481 976 1569 1017 fuit.

435 1036 597 1077 Eodem
624 1052 731 1078 anno
756 1036 918 1091 Aequis
943 1053 1026 1092 pax
1052 1044 1115 1079 est
1138 1038 1374 1092 petentibus
1400 1039 1508 1079 data.
1553 1053 1716 1088 census,

350 1112 415 1138 res
440 1098 574 1152 priore
600 1114 707 1139 anno
732 1099 936 1149 inchoata,
963 1100 1183 1154 perficitur,
1209 1101 1334 1155 idque
1359 1101 1536 1142 lustrum
1561 1100 1613 1141 ab
1639 1101 1718 1141 ori-

351 1159 446 1213 gine
472 1159 584 1200 urbis
611 1161 817 1202 decimum
842 1162 1053 1202 conditum
1078 1162 1229 1204 ferunt.
1268 1177 1393 1204 censa
1413 1163 1564 1203 civium
1584 1162 1718 1217 capita

353 1229 517 1262 centum
543 1223 839 1277 septemdecim
864 1224 976 1265 milia
1001 1231 1183 1265 trecenta
1208 1225 1477 1280 undeviginti.

439 1283 670 1325 Consulum
703 1301 855 1340 magna
886 1286 997 1327 domi
1033 1286 1212 1340 bellique
1245 1301 1293 1327 eo
1324 1301 1432 1327 anno
1463 1286 1595 1341 gloria
1625 1285 1714 1335 fuit,

352 1346 464 1399 quod
489 1353 528 1387 et
553 1347 652 1388 foris
679 1362 824 1402 pacem
854 1363 1050 1403 peperere
1076 1355 1115 1389 et
1147 1348 1276 1398 domi,
1315 1348 1391 1389 etsi
1417 1363 1499 1389 non
1531 1362 1714 1397 concors,

352 1407 487 1448 minus
514 1416 649 1449 tamen
676 1424 800 1463 quam
826 1410 927 1451 alias
953 1410 1106 1451 infesta
1131 1410 1275 1451 civitas
1302 1410 1391 1450 fuit.

435 1470 586 1512 XXV.
635 1472 688 1512 L.
711 1471 922 1513 Minucius
948 1472 1043 1513 inde
1070 1479 1109 1513 et
1135 1471 1183 1513 C.
1205 1471 1380 1513 Nautius
1407 1472 1598 1513 consules
1618 1471 1716 1513 facti

353 1531 455 1573 duas
476 1533 661 1574 residuas
683 1534 778 1574 anni
798 1534 945 1588 prioris
960 1549 1108 1576 causas
1129 1541 1390 1589 exceperunt.
1429 1534 1573 1575 eodem
1593 1534 1715 1575 modo

353 1594 544 1635 consules
569 1595 724 1650 legem,
768 1595 920 1637 tribuni
945 1596 1140 1637 iudicium
1167 1596 1218 1637 de
1244 1596 1413 1637 Volscio
1438 1596 1715 1651 impediebant,

352 1655 425 1695 scd
451 1655 492 1696 in
517 1657 805 1709 quaestoribus
831 1658 949 1698 novis
976 1658 1106 1699 maior
1125 1658 1200 1707 vis,
1229 1658 1358 1699 maior
1377 1659 1597 1700 auctoritas
1618 1665 1714 1699 erat.

351 1731 445 1757 cum
470 1717 530 1759 M.
558 1718 738 1768 Valerio,
766 1719 907 1760 Valeri
932 1719 1028 1768 filio,
1054 1719 1201 1761 Volesi
1225 1728 1387 1774 nepote,
1414 1726 1608 1773 quaestor
1632 1726 1717 1761 erat

352 1778 400 1819 T.
413 1778 633 1832 Quinctius
650 1780 925 1836 Capitolinus,
953 1781 1023 1835 qui
1038 1788 1098 1822 tcr
1111 1781 1255 1823 consul
1269 1782 1415 1822 fuerat.
1453 1782 1503 1831 is,
1523 1782 1717 1835 quoniam

351 1855 483 1894 neque
511 1841 731 1895 Quinctiae
756 1843 937 1884 familiae
965 1843 1101 1885 Caeso
1127 1858 1260 1897 neque
1286 1844 1346 1885 rei
1374 1843 1564 1898 publicae
1588 1844 1719 1884 maxi-

352 1918 443 1944 mus
469 1904 664 1946 iuvenum
690 1906 849 1947 restitui
873 1913 1026 1961 posset,
1054 1906 1207 1947 falsum
1232 1913 1400 1956 testem,
1425 1906 1497 1959 qui
1520 1906 1717 1947 dicendae

352 1979 501 2007 causae
532 1967 700 2009 innoxio
731 1975 978 2022 potestatem
1010 1968 1251 2017 ademisset,
1290 1968 1400 2009 iusto
1432 1982 1480 2009 ao
1509 1967 1579 2022 pio
1609 1967 1718 2009 bello

351 2028 687 2082 persequebatur.
727 2045 821 2071 cum
840 2029 1065 2086 Verginius
1092 2030 1270 2071 maxime
1291 2044 1343 2070 ex
1362 2029 1536 2071 tribunis
1556 2030 1607 2070 dc
1625 2028 1717 2084 lege

351 2097 502 2144 ageret,
531 2092 659 2132 duum
677 2107 869 2133 mensum
890 2093 1068 2148 spatium
1088 2091 1328 2133 consulibus
1349 2092 1490 2132 datum
1511 2098 1573 2132 est
1593 2091 1645 2131 ad
1658 2091 1719 2131 in-

352 2152 767 2210 spiciendamlcgem,
795 2162 852 2205 ut,
874 2170 967 2196 cum
981 2155 1243 2196 edocuissent
1257 2154 1468 2209 populum,
1495 2153 1595 2207 quid
1609 2153 1719 2194 frau-

351 2214 414 2255 dis
441 2216 626 2257 occultae
646 2217 832 2267 ferretur,
860 2218 1040 2258 sinerent
1059 2217 1206 2258 deinde
1227 2216 1472 2271 suffragium
1492 2216 1606 2256 inire.
1639 2215 1718 2256 hoc

350 2275 553 2319 intervalli
578 2279 720 2320 datum
745 2294 810 2320 res
837 2279 1076 2332 tranquillas
1102 2279 1144 2319 in
1169 2278 1270 2320 urbe
1295 2278 1405 2319 fecit.
1455 2292 1530 2319 nec
1563 2278 1719 2318 diutur-

350 2355 446 2382 nam
460 2342 639 2395 quietem
653 2342 792 2396 Aequi
806 2342 1018 2392 dederunt,
1045 2342 1115 2396 qui
1129 2349 1248 2397 rupto
1263 2341 1441 2390 foedere,
1469 2341 1580 2394 quod
1592 2340 1717 2380 ictum

352 2410 437 2445 crat
467 2404 601 2458 priore
633 2420 740 2446 anno
774 2419 868 2446 cum
899 2404 1120 2454 Romanis,
1152 2404 1370 2459 imperium
1402 2403 1454 2444 ad
1481 2401 1717 2445 Gracchum

353 2465 557 2507 Cloelium
583 2466 785 2508 deferunt.
829 2467 864 2508 is
891 2473 977 2507 tum
1002 2466 1124 2522 longe
1148 2466 1340 2521 princeps
1365 2465 1408 2505 in
1432 2463 1593 2518 Aequis
1619 2469 1716 2503 crat.

353 2527 542 2569 Graccho
568 2529 671 2569 duce
697 2529 738 2569 in
762 2529 1032 2569 Lanuvinum
1057 2543 1216 2583 agrum,
1244 2528 1338 2568 inde
1364 2527 1406 2567 in
1432 2525 1716 2566 Tusculanum

351 2590 487 2631 hostili
502 2590 765 2645 populatione
780 2591 949 2631 veniunt
962 2590 1153 2645 plenique
1167 2590 1344 2644 praedae
1358 2589 1400 2629 in
1414 2588 1570 2643 Algido
1584 2592 1716 2627 castra

352 2651 499 2693 locant.
532 2653 573 2693 in
588 2667 636 2694 ea
650 2659 785 2694 castra
801 2652 1033 2706 Q.Fabius‚
1061 2652 1109 2692 P.
1120 2651 1382 2700 Volumnius,
1409 2647 1714 2691 A.P0stumius

353 2713 476 2767 legati
502 2714 553 2755 ab
573 2715 708 2757 Roma
733 2721 931 2756 venerunt
951 2721 1143 2769 questum
1164 2714 1331 2754 iniurias
1353 2719 1391 2753 et
1411 2727 1462 2753 ex
1482 2726 1529 2752 eo
1549 2708 1714 2750 foedere
