1835 3226
274 351 290 359 ‚-

276 363 284 378 Ι

269 595 289 624 8

270 720 287 749 9

251 967 291 998 10

275 1223 288 1251 1

271 1285 289 1314 2

273 1465 292 1493 0³

274 2031 292 2059 5

276 2155 293 2183 6

276 2343 292 2371 Τ

276 2522 295 2551 S

279 2712 296 2742 9

316 222 398 265 452
633 228 788 263 LIBER
810 228 941 272 vnn,
968 228 1088 263 10.11.
1116 230 1164 272 [a.
1179 240 1214 264 u.
1229 239 1258 264 c.
1272 229 1355 274 434]

317 336 461 390 giones
487 333 718 385 ductusque
744 331 796 373 ad
812 330 1019 372 Caudium
1045 332 1262 373 exercitus.
1299 335 1532 388 praegressi
1557 334 1674 376 fetia-

315 400 374 439 les
406 396 477 437 ubi
508 395 560 436 ad
590 401 749 449 portam
775 408 943 443 venere,
976 401 1134 435 vestem
1165 394 1323 436 detrahi
1354 396 1468 450 pacis
1502 411 1674 451 sponso-

314 460 427 500 ribus
458 457 618 506 iubcnt,
650 471 797 498 manus
829 463 923 511 post
948 464 1111 511 tergum
1135 457 1292 498 vinciri.
1343 473 1436 499 curn
1469 460 1676 514 apparitor

314 519 561 562 verecundia
585 519 810 560 maiestatis
836 518 1027 560 Postumi
1051 519 1144 560 laxe
1168 520 1357 561 vinciret:
1386 521 1503 574 ‘quin
1529 521 1590 562 tu'
1614 522 1675 562 in-

314 584 403 638 quit
440 583 639 624 ‘adduces
670 582 822 632 lorum,
860 588 905 622 ut
940 582 1049 622 iusta
1084 582 1154 623 fiat
1186 582 1376 624 deditio?
1413 590 1499 624 tum
1531 583 1602 624 ubi
1632 584 1673 624 in

315 652 476 687 coetum
505 644 755 686 Samnitium
786 651 826 685 et
856 644 909 685 ad
940 643 1117 685 tribunal
1148 651 1316 685 ventum
1342 643 1481 686 Pontii
1513 653 1592 694 est,
1618 645 1673 687 A.

316 708 534 750 Cornelius
548 708 709 749 Arvina
728 707 877 748 fetialis
903 707 960 748 ita
978 706 1105 748 verba
1129 707 1244 748 fecit:
1272 708 1536 761 ‘quandoque
1561 708 1674 749 111500

313 771 501 812 homines
527 771 687 812 iniussu
707 769 848 825 populi
861 769 1040 810 Romani
1055 769 1278 822 Quiritium
1303 770 1450 812 foedus
1476 771 1602 811 ictum
1626 771 1675 811 iri

315 834 624 889 spoponderunt
643 840 766 887 atque
786 832 838 874 ob
859 847 949 873 eam
969 847 1055 874 rem
1080 848 1231 874 noxam
1251 840 1490 883 nocuerunt,
1511 834 1563 875 ob
1584 849 1675 875 eam

313 912 413 946 rem,
434 911 515 950 quo
534 896 711 951 populus
726 896 941 936 Romanus
968 895 1121 936 scelere
1146 896 1258 950 inpio
1280 896 1331 937 sit
1357 896 1528 946 solutus,
1549 897 1675 938 hosce

315 959 503 1001 homines
529 959 646 1000 vobis
673 958 804 999 dedo.’
846 957 949 999 haee
974 957 1126 998 dicenti
1150 957 1277 998 fetiali
1298 957 1539 1000 Postumius
1565 974 1676 1014 genu

314 1022 450 1063 femur
475 1028 627 1075 quanta
652 1021 830 1062 maxime
855 1026 1015 1075 poterat
1041 1020 1081 1060 vi
1105 1020 1279 1075 perculit
1298 1027 1337 1062 et
1357 1021 1465 1062 clara
1484 1036 1585 1062 voce
1606 1021 1674 1070 ait,

317 1099 360 1125 se
377 1082 606 1125 Samnitem
626 1083 758 1124 civem
785 1097 889 1132 esse,
915 1082 1030 1123 illum
1056 1082 1240 1138 legatum
1265 1082 1447 1124 fetialem
1473 1099 1497 1124 a
1516 1098 1559 1125 se
1580 1098 1676 1125 con-

317 1153 378 1187 tra
403 1146 466 1186 ius
492 1145 676 1200 gentium
701 1145 918 1186 violatum:
952 1159 999 1186 eo
1024 1145 1173 1186 iustius
1199 1144 1354 1186 bellum
1379 1152 1583 1201 gesturos.

402 1208 485 1248 XI.
530 1206 639 1248 Tum
663 1207 858 1248 Pontius:
899 1211 992 1248 ‘nec
1024 1222 1102 1262 ego
1133 1207 1255 1248 istam
1287 1208 1536 1249 deditionem
1569 1208 1677 1250 acei-

315 1270 443 1326 piam’
463 1271 593 1323 inquit
614 1274 707 1311 ‘nee
723 1268 930 1311 Samnites
950 1276 1080 1310 ratam
1099 1269 1322 1311 habebunt.
1360 1271 1457 1324 quin
1478 1277 1533 1319 tu,
1552 1269 1676 1325 Spuri

316 1333 524 1382 Postumi,
559 1332 592 1372 si
623 1332 722 1373 deos
755 1346 846 1372 csse
872 1346 1035 1381 0011505,
1068 1339 1137 1372 aut
1168 1332 1306 1373 omnia
1330 1332 1451 1372 inrita
1476 1332 1577 1373 facis
1604 1339 1673 1372 aut

317 1401 438 1450 paeto
465 1394 575 1436 stas?
613 1393 790 1435 Samniti
816 1393 969 1448 populo
995 1408 1156 1443 omnes,
1183 1409 1286 1447 quos
1312 1394 1353 1434 in
1377 1401 1578 1449 potestate
1603 1394 1676 1435 ha-

318 1458 423 1507 buit,
457 1464 527 1498 aut
557 1472 631 1511 pro
656 1457 720 1496 his
746 1471 828 1511 pax
854 1455 1037 1496 debetur.
1092 1456 1165 1496 sed
1195 1456 1295 1509 quid
1326 1471 1403 1512 ego
1435 1463 1473 1497 tc
1499 1456 1673 1511 appello,

317 1520 386 1573 qui
412 1526 450 1559 tc
477 1526 641 1573 captum
668 1518 810 1559 victori
836 1533 930 1559 eum
955 1532 1036 1571 qua
1060 1524 1177 1572 potes
1203 1518 1283 1559 fide
1308 1519 1514 1560 restituis?
1544 1533 1675 1573 popu-

316 1581 401 1621 lum
415 1580 650 1622 Romanum
670 1579 843 1634 appello,
859 1594 982 1633 quem
1003 1579 1036 1621 si
1057 1580 1288 1634 sponsionis
1304 1581 1355 1621 ad
1369 1580 1548 1621 furculas
1566 1580 1601 1622 C
1605 1595 1676 1621 au-

318 1644 435 1684 dinas
461 1642 594 1683 factae
619 1642 817 1697 paenitet,
843 1642 1032 1683 restituat
1055 1642 1239 1697 legiones
1270 1643 1375 1683 intra
1405 1643 1565 1693 saltum,
1593 1658 1673 1697 quo

319 1712 484 1760 saeptae
515 1704 693 1745 fuerunt.
743 1719 865 1745 nemo
896 1718 1147 1757 quemquam
1178 1704 1401 1759 deceperit,
1434 1705 1569 1746 onmia
1600 1720 1674 1760 pro

317 1768 469 1810 infecto
496 1767 594 1817 sint,
626 1767 824 1822 recipiant
854 1781 968 1807 arma
997 1780 1102 1820 quae
1134 1781 1206 1820 per
1235 1767 1468 1821 pactionem
1501 1767 1677 1807 tradide-

317 1837 429 1879 runt,
466 1829 636 1870 redeant
671 1829 714 1870 in
746 1835 881 1870 eastra
913 1843 1004 1878 sua,
1043 1828 1244 1882 quidquid
1278 1829 1409 1883 pridie
1444 1829 1676 1870 habuertmt

318 1907 443 1946 quam
468 1893 510 1932 in
535 1891 799 1946 conloquium
826 1897 889 1932 cst
914 1897 1096 1940 ventum,
1123 1890 1319 1932 habeant:
1347 1898 1440 1935 tum,
1460 1890 1612 1932 bellum
1638 1898 1678 1931 et

318 1955 440 1995 fortia
471 1955 641 1996 consilia
671 1954 878 2008 placeant,
917 1960 1003 1994 tum
1037 1953 1203 2008 sponsio
1235 1960 1274 1994 ct
1309 1968 1391 2008 pax
1427 1953 1675 2008 repudietur.

319 2032 367 2057 ea
385 2017 563 2066 fortuna,
585 2017 634 2058 iis
660 2017 773 2066 loeis,
795 2031 900 2070 quae
921 2023 1014 2057 ante
1033 2016 1147 2070 pacis
1168 2016 1417 2057 mentionem
1442 2015 1676 2064 habuimus,

318 2094 511 2134 geramus
538 2079 704 2129 bellum,
731 2094 806 2120 nee
826 2079 1004 2134 populus
1018 2078 1232 2120 Romanus
1254 2079 1469 2120 consulum
1490 2079 1679 2133 sponsio-

320 2157 414 2182 nem
432 2157 508 2183 nee
527 2157 602 2183 nos
622 2142 746 2183 fidem
766 2142 908 2197 populi
921 2141 1099 2183 Romani
1119 2156 1374 2182 accusemus.
1400 2155 1678 2194 numquamne

320 2219 445 2245 causa
470 2204 603 2253 defiet,
631 2219 703 2245 cur
727 2204 824 2244 victi
848 2211 969 2258 pacto
994 2219 1076 2245 non
1097 2203 1238 2245 stetis?
1268 2203 1433 2245 obsides
1448 2203 1677 2244 Porsinnae

320 2266 508 2307 dedistis:
536 2266 645 2308 furto
665 2282 735 2308 eos
763 2266 1038 2316 subduxistis3
1065 2281 1164 2307 auro
1190 2266 1396 2306 civitatem
1415 2281 1439 2306 a
1459 2263 1591 2307 Gallis
1616 2279 1679 2305 re-

320 2329 523 2370 demistis:
550 2329 655 2369 inter
679 2329 964 2383 accipiendum
991 2343 1135 2369 aurum
1162 2328 1271 2369 caesi
1298 2334 1390 2368 sunt
1400 2344 1409 2378 3
1435 2342 1581 2382 pacem
1606 2342 1679 2368 no-

319 2390 480 2432 biscum
505 2391 734 2446 pepigistis,
763 2397 806 2431 ut
831 2391 1015 2446 legiones
1036 2390 1155 2432 vobis
1182 2396 1323 2445 captas
1348 2390 1676 2431 restitueremus:

321 2468 411 2494 eam
435 2468 580 2508 pacem
605 2454 768 2494 inritam
793 2453 941 2494 facitis.
980 2459 1020 2494 et
1040 2468 1202 2508 semper
1222 2453 1401 2506 aliquam
1426 2452 1561 2493 fraudi
1587 2466 1674 2506 spc-

322 2515 424 2556 ciem
443 2516 542 2557 iuris
561 2516 770 2571 inponitis.
806 2531 889 2557 non
908 2515 1054 2571 probat
1072 2515 1249 2570 populus
1264 2514 1478 2556 Romanus
1503 2514 1678 2569 ignomi-

321 2578 438 2618 niosa
460 2593 563 2632 paee
587 2579 772 2634 legiones
800 2578 1009 2620 servatas?
1037 2593 1182 2633 pacem
1204 2577 1282 2618 sibi
1306 2577 1467 2625 habeat,
1494 2577 1676 2631 legiones

323 2647 461 2693 captas
482 2641 626 2682 victori
645 2642 845 2682 restituat.
883 2641 962 2681 hoe
983 2640 1075 2689 fide,
1096 2640 1174 2681 hoe
1195 2639 1444 2688 foederibus,
1464 2639 1542 2679 hoe
1561 2637 1677 2678 fetia-

323 2700 430 2741 libus
456 2703 711 2745 caerimoniis
737 2704 909 2758 dignum
935 2709 1032 2743 erat.
1082 2708 1125 2743 ut
1145 2702 1311 2755 quidem
1337 2708 1379 2742 tu
1405 2700 1514 2754 quod
1538 2697 1676 2753 petisti
