1835 3226
260 478 277 502 ἶ)

242 723 279 749 le)

242 845 274 872 11

263 1776 280 1803 [L

263 2320 276 2349 hx

305 287 358 327 (52
660 292 814 326 LIBER.
839 293 873 333 1,
900 293 954 325 59.
976 294 1030 326 (30.
1059 295 1106 335 [a.
1121 303 1154 326 u.
1170 303 1199 326 e.
1216 292 1297 336 244]

305 397 476 437 orbitate
492 395 734 448 Tricipitini,
761 395 825 434 cui
851 401 980 435 morte
1005 394 1112 434 filiae
1138 408 1263 435 causa
1287 395 1428 436 mortis
1454 396 1659 452 indignior

304 473 351 499 ac
375 457 646 499 miserabilior
671 464 792 497 esset.
842 457 981 497 addita
1012 456 1205 510 superbia
1234 456 1365 510 ipsius
1397 458 1506 512 regis
1537 460 1659 500 mise-

303 521 469 572 riaeque
495 526 534 560 et
564 518 725 559 labores
756 518 889 572 plebis
915 520 958 559 in
982 517 1117 559 fossas
1144 518 1387 572 cloacasque
1419 520 1661 562 exhaurien-

304 582 378 622 das
404 581 634 621 demersae:
671 579 883 621 Romanos
909 580 1115 630 homines,
1142 580 1318 622 victores
1345 581 1529 622 omnium
1554 582 1662 624 circa

303 642 566 697 populorum,
599 642 766 696 opifices
799 656 846 683 ac
875 642 1074 696 lapicidas
1105 657 1180 696 pro
1210 642 1478 684 bellatoribus
1514 643 1659 685 factos.

303 706 473 759 indigna
494 703 615 745 Servi
636 704 748 745 Tulli
772 705 882 759 regis
908 711 1134 745 memorata
1160 705 1297 746 caedis
1324 712 1362 746 et
1388 706 1550 747 invecta
1574 720 1662 748 cor-

303 782 400 822 pore
425 767 553 821 patris
578 767 758 807 nefando
783 766 973 808 vehiculo
998 767 1099 816 filia,
1126 767 1386 821 invocatique
1412 768 1565 810 ultores
1589 783 1662 824 pa-

302 836 464 870 rentum
489 828 557 869 dii.
594 828 658 869 his
685 828 1038 882 atrocioribusque
1063 829 1184 870 credo
1210 829 1314 878 aliis,
1334 843 1439 883 quae
1464 845 1661 884 praesens

302 906 439 932 rerum
470 890 692 945 indignitas
723 890 1045 944 haudquaquam
1075 891 1206 931 relatu
1231 891 1498 945 scriptoribus
1525 892 1664 933 facilia

304 952 465 1002 subicit,
486 952 722 993 memoratis
748 952 959 993 incensam
979 952 1281 993 multitudinem
1308 953 1498 1007 perpulit,
1521 960 1564 994 ut
1587 954 1663 994 im-

304 1015 462 1070 perium
492 1015 580 1070 regi
611 1015 830 1070 abrogaret
861 1015 1086 1068 exulesque
1113 1029 1204 1056 esse
1229 1015 1387 1056 iuberet
1412 1017 1465 1057 L.
1487 1016 1663 1070 Tarqui-

304 1079 417 1118 nium
443 1092 537 1119 cum
568 1078 743 1132 coniuge
769 1092 817 1119 ac
840 1078 993 1119 liberis.
1041 1078 1131 1132 ipsc
1182 1077 1429 1128 iunioribus,
1462 1079 1532 1132 qui
1556 1079 1663 1120 ultro

306 1140 472 1180 nomina
500 1140 672 1189 dabant,
711 1141 828 1181 lectis
860 1140 1109 1193 armatisque
1162 1140 1215 1181 ad
1247 1141 1537 1181 concitandum
1567 1141 1663 1181 inde

305 1202 504 1243 adversus
529 1216 670 1256 regem
690 1203 913 1242 exercitum
927 1201 1113 1242 Ardeam
1132 1202 1173 1242 in
1193 1209 1327 1243 castra
1346 1209 1409 1243 est
1432 1203 1662 1257 profectus3

306 1264 523 1318 imperium
553 1264 595 1304 in
625 1264 726 1305 urbe
750 1264 967 1313 Lucretio,
999 1264 1207 1318 praefecto
1238 1263 1352 1305 urbis
1383 1265 1465 1304 iam
1491 1271 1584 1305 ante
1610 1264 1662 1305 ab

263 1341 280 1368 3
305 1341 403 1381 rege
427 1327 626 1376 instituto,
646 1327 850 1380 relinquit.
888 1327 993 1367 inter
1016 1326 1125 1367 hunc
1145 1326 1365 1366 tumultum
1382 1326 1519 1367 Tullia
1539 1326 1662 1367 domo

305 1389 487 1444 profugit
512 1388 820 1430 exsecrantibus
841 1403 1101 1442 quacumque
1120 1388 1337 1429 incedebat
1355 1387 1662 1429 invocantibus-

305 1465 385 1503 que
409 1457 627 1504 parentum
651 1450 780 1491 furias
806 1451 903 1491 11113
929 1449 1263 1503 mulieribusque.

390 1512 492 1553 LX.
529 1512 692 1554 Harum
717 1527 854 1553 rerum
878 1512 1032 1553 nuntiis
1056 1512 1097 1552 in
1124 1519 1258 1552 castra
1286 1512 1474 1566 perlatis,
1502 1527 1594 1553 cum
1620 1529 1662 1553 re

308 1589 415 1615 nova
439 1575 622 1629 trepidus
647 1589 722 1615 rex
745 1580 934 1629 pergeret
947 1574 1125 1615 Romam
1144 1574 1196 1615 ad
1222 1575 1550 1629 comprimendos
1576 1590 1663 1616 1110-

308 1644 387 1685 tus,
413 1637 528 1677 flexit
552 1637 662 1678 1111111
687 1637 843 1677 Brutus
864 1660 917 1664 —
939 1643 1124 1677 senserat
1148 1637 1256 1677 enim
1282 1637 1503 1678 adventum
1518 1663 1584 1685 —‚
1611 1652 1663 1677 ne

306 1698 452 1739 01111113
478 1698 610 1748 fieret3
649 1699 876 1752 eodemque
906 1698 993 1738 sere
1023 1704 1207 1752 tempore
1238 1699 1410 1739 diversis
1447 1699 1662 1740 itineribus

306 1760 462 1800 Brutus
482 1759 680 1809 Ardeam,
702 1760 953 1813 Tarquinius
973 1759 1150 1800 Romam
1176 1767 1387 1801 venerunt.
1437 1760 1663 1814 Tarquinio

305 1821 468 1863 clausae
486 1828 628 1876 portae
648 1822 898 1875 exiliumque
917 1822 1129 1869 indictum,
1148 1821 1408 1862 liberatorem
1426 1821 1539 1863 urbis
1558 1822 1665 1863 laeta

307 1890 441 1925 castra
471 1899 685 1938 accepere,
719 1884 934 1937 exactique
958 1883 1053 1924 inde
1084 1883 1203 1924 liberi
1226 1884 1356 1938 regis:
1394 1883 1475 1924 duo
1504 1890 1664 1938 patrem

307 1947 436 1987 secuti
456 1953 563 1996 sunt,
584 1947 654 1999 qui
674 1947 884 1988 exulatum
900 1946 1032 1987 Caere
1052 1946 1094 1986 in
1106 1946 1307 1988 Etruscos
1326 1946 1478 1996 ierunt3
1506 1945 1661 1988 Sextus

307 2008 556 2061 Tarquinius
578 2007 749 2058 Gabios,
776 2015 988 2062 tamquam
1011 2008 1054 2048 in
1081 2023 1201 2049 suum
1225 2023 1413 2063 regnum,
1438 2008 1662 2062 profectus,

306 2070 357 2111 ab
382 2070 789 2112 ultoribusvcteruln
815 2071 1098 2120 simultatium,
1119 2085 1222 2124 quas
1249 2070 1328 2112 sibi
1352 2071 1441 2125 ipse
1466 2070 1663 2112 caedibus

306 2133 542 2187 rapinisque
568 2134 785 2182 concierat,
813 2140 875 2174 est
899 2133 1152 2174 interfectus.

384 2196 438 2236 L.
464 2195 715 2249 Tarquinius
755 2194 970 2250 Superbus
1012 2195 1200 2250 regnavit
1242 2209 1370 2235 annos
1407 2195 1587 2247 quinque
1625 2202 1665 2234 ct

306 2258 463 2312 viginti.
511 2264 729 2312 regnatum
761 2257 919 2298 Romae
951 2257 1003 2298 ab
1035 2257 1200 2297 condita
1229 2256 1330 2297 urbe
1362 2257 1413 2297 ad
1449 2255 1663 2297 liberatam

306 2334 435 2359 annos
462 2319 661 2360 ducentos
687 2319 961 2373 quadraginta
985 2325 1189 2372 quattuor.
1240 2318 1321 2359 duo
1347 2317 1536 2359 consules
1568 2318 1662 2358 inde

307 2381 482 2422 comitiis
525 2382 761 2422 centuriatis
799 2397 823 2422 a
858 2381 1067 2436 praefecto
1111 2381 1222 2421 urbis
1266 2396 1316 2421 cx
1374 2380 1662 2421 commentariis

309 2442 429 2484 Servi
455 2443 566 2484 Tulli
597 2444 721 2485 creati
753 2450 867 2492 sunt,
898 2443 951 2484 L.
978 2443 1124 2484 Iunius
1156 2443 1310 2484 Brutus
1343 2450 1382 2483 et
1406 2442 1459 2482 L.
1488 2441 1662 2495 Tarqui-

306 2506 398 2546 nius
427 2504 671 2546 Collatinus.
