1835 3226
324 243 406 285 282
620 249 775 283 LIBER
798 248 844 292 V,
869 248 923 282 30.
941 248 995 281 31.
1023 250 1120 291 [a.u.
1136 259 1164 282 ο.
1177 249 1372 294 361-363]

324 353 565 395 desistebat:
598 366 648 392 ne
673 351 789 391 aliter
813 350 1107 392 descenderent
1132 351 1174 391 in
1199 350 1353 401 forum,
1386 367 1480 393 cum
1505 355 1592 396 dies
1618 355 1678 396 se-

323 415 472 457 rendae
497 414 600 468 legis
625 413 825 462 venisset,
863 426 987 466 quam
1011 419 1057 453 ut
1081 413 1151 467 qui
1182 414 1465 455 meminissent
1497 415 1575 457 sibi
1603 431 1676 471 pro

323 477 402 517 aris
428 475 614 528 focisque
641 481 680 515 et
705 475 827 515 deum
853 474 1016 529 templis
1044 489 1092 516 ac
1118 475 1216 525 solo,
1244 475 1285 516 in
1310 490 1392 529 quo
1416 477 1503 517 nati
1527 486 1675 527 essent,

279 554 296 582 2
323 537 600 579 dimicandum
625 536 725 577 fore.
774 552 870 577 nam
902 537 1013 590 quod
1043 537 1096 577 ad
1127 551 1171 578 se
1201 537 1392 592 privatim
1419 538 1605 588 attineat,
1643 540 1677 580 si

324 615 421 641 suae
446 600 600 654 gloriae
626 598 704 640 sibi
728 599 834 639 inter
857 599 1163 640 dimicationem
1187 599 1342 653 patriae
1368 600 1605 642 meminisse
1626 601 1679 642 sit

323 663 405 712 sas,
438 661 516 703 sibi
541 661 725 716 amplum
749 676 914 714 quoque
940 675 1050 711 esse,
1086 661 1232 702 urbem
1257 661 1308 703 ab
1341 677 1385 703 se
1409 669 1573 717 captam
1599 661 1679 703 frc-

322 724 526 779 quentam‘,
564 724 712 765 cotidie
739 738 782 764 se
808 722 888 764 frui
919 731 1186 765 monumento
1210 724 1365 779 gloriae
1397 739 1495 765 suae
1521 730 1560 765 et
1585 730 1678 765 ante

323 786 463 828 oculos
498 785 650 827 habere
686 785 832 827 urbem
867 785 993 826 latam
1028 785 1072 826 in
1108 785 1314 840 triumpho
1352 800 1445 835 suo,
1488 786 1677 827 insistere

278 864 296 892 3
323 863 464 890 omnes
489 848 675 903 vestigiis
701 847 871 888 laudum
897 863 1077 889 suarum.
1111 847 1184 888 scd
1208 848 1325 888 nefas
1352 848 1514 897 ducere,
1541 848 1679 889 deser-

322 917 404 951 tam
430 925 477 951 ac
501 910 683 951 relictam
703 909 754 951 ab
775 910 836 951 dis
857 909 1140 951 inmortalibus
1160 910 1282 950 incoli
1302 909 1445 951 urbem
1464 916 1504 951 et
1521 910 1562 951 in
1584 924 1679 964 cap-

322 973 405 1013 tivo
438 972 525 1013 solo
555 971 740 1013 habitare
777 971 976 1027 populum
1006 971 1241 1013 Romanum
1278 978 1317 1012 ct
1352 972 1517 1013 victrice
1548 972 1679 1026 patria

277 1049 296 1077 -1
321 1035 472 1075 victam
496 1035 657 1075 mutari.
702 1034 765 1075 his
792 1033 1144 1075 adhortationibus
1170 1034 1365 1088 principis
1392 1035 1582 1074 concitati
1606 1049 1679 1088 pa-

322 1104 421 1146 tres,
449 1111 567 1137 senes
592 1097 864 1150 iuvenesque,
892 1111 985 1137 cum
1010 1096 1184 1137 ferretur
1208 1095 1287 1145 lex,
1314 1096 1477 1150 agmine
1502 1095 1612 1137 facto
1636 1096 1678 1136 in

322 1157 456 1199 forum
486 1169 686 1199 venerunt
716 1159 984 1212 dissipatique
1014 1173 1088 1213 per
1118 1157 1248 1198 tribus
1281 1173 1377 1199 suos
1409 1157 1584 1211 quisque
1610 1157 1679 1198 tri-

278 1234 296 1263 5
323 1220 439 1261 bules
464 1228 705 1275 prensantes
732 1235 846 1262 orare
871 1235 965 1261 cum
989 1220 1169 1261 lacrimis
1195 1234 1383 1274 coepere,
1416 1235 1467 1260 nc
1492 1234 1582 1260 cam
1606 1234 1679 1274 pa-

322 1282 458 1330 triam,
501 1297 574 1336 pro
611 1296 693 1335 qua
727 1282 951 1323 fortissime
987 1281 1307 1334 felicissimeque
1343 1281 1423 1336 ipsi
1459 1296 1506 1321 ac
1542 1287 1677 1334 patres

323 1359 462 1385 corum
482 1344 758 1393 dimicassent,
785 1345 1031 1393 desererent,
1061 1343 1324 1398 Capitolium,
1351 1343 1493 1384 aedem
1508 1342 1675 1392 Vestae,

279 1419 296 1448 6
323 1413 458 1447 cetera
488 1407 595 1447 circa
626 1406 778 1460 templa
803 1407 973 1447 deorum
1004 1412 1275 1455 ostentantes3
1313 1420 1363 1446 ne
1390 1405 1569 1454 exulem,
1607 1420 1677 1446 ex-

323 1473 470 1509 torrem
495 1467 693 1522 populum
719 1467 955 1508 Romanum
987 1467 1038 1509 ab
1065 1467 1152 1508 solo
1183 1467 1313 1521 patrio
1339 1482 1386 1507 ac
1417 1467 1494 1507 diis
1519 1467 1676 1521 penati-

322 1530 398 1570 bus
424 1530 464 1569 in
489 1530 669 1570 hostium
695 1530 838 1570 urbem
864 1536 1033 1584 agerent
1057 1544 1187 1582 eoque
1212 1544 1298 1570 rem
1329 1530 1594 1579 adducerent,
1632 1541 1676 1570 ut

280 1606 295 1633 7
322 1591 467 1631 melius
494 1591 615 1631 fucrit
641 1607 723 1632 non
749 1592 839 1646 capi
864 1591 1004 1640 Veios,
1031 1606 1082 1632 ne
1108 1591 1241 1632 Roma
1266 1592 1530 1633 desereretur.
1580 1592 1676 1645 quia

321 1668 403 1693 11011
427 1653 468 1693 vi
493 1653 687 1708 agebant,
721 1653 793 1694 scd
818 1652 1028 1707 precibus,
1061 1659 1098 1693 et
1123 1654 1228 1694 inter
1256 1668 1398 1707 preces
1428 1654 1557 1694 multa
1581 1654 1676 1694 deo-

320 1730 410 1754 rum
436 1715 588 1755 mentio
614 1722 716 1763 crat,
754 1715 991 1769 religiosum
1015 1715 1119 1769 parti
1144 1715 1347 1755 maximae
1372 1715 1450 1755 fuit
1479 1721 1519 1755 et
1542 1715 1676 1770 legem

276 1790 295 1819 8
320 1791 401 1816 una
426 1776 562 1830 plures
589 1776 718 1817 tribus
744 1777 1005 1830 antiquarunt
1030 1791 1154 1829 quam
1173 1776 1398 1826 iusserunt3
1425 1776 1609 1830 adeoque
1629 1791 1677 1817 ea

319 1838 490 1878 victoria
524 1838 632 1878 lacta
666 1838 851 1892 patribus
890 1838 986 1887 fuit,
1023 1845 1069 1878 ut
1103 1844 1268 1892 postero
1305 1838 1369 1879 die
1405 1837 1676 1879 referentibus

321 1899 558 1941 consulibus
597 1908 763 1941 senatus
800 1900 1033 1941 consultum
1068 1900 1201 1949 fieret,
1250 1906 1295 1940 ut
1336 1900 1424 1955 agri
1459 1899 1677 1941 Veientani

323 1969 491 2016 septena
525 1962 668 2016 iugera
697 1961 807 2016 plebi
839 1962 1134 2011 dividerentur,
1172 1976 1248 2003 nec
1283 1961 1467 2016 patribus
1497 1961 1676 2003 familiae

321 2029 498 2073 tantum,
532 2024 605 2064 scd
629 2030 673 2064 ut
699 2024 883 2064 omnium
907 2023 950 2064 in
975 2024 1097 2065 (101110
1122 2023 1343 2065 liberorum
1369 2023 1548 2078 capitum
1572 2024 1675 2064 ratio

320 2085 550 2135 haberetur,
577 2086 809 2140 vellentque
834 2087 876 2127 in
902 2101 990 2127 eam
1018 2101 1134 2140 spem
1159 2085 1308 2126 liberos
1334 2085 1488 2126 tollere.

279 2161 292 2190 1
404 2148 585 2189 XXXI.
623 2148 688 2189 Eo
714 2163 881 2189 munere
907 2149 1083 2189 delenita
1107 2147 1227 2203 plebe
1252 2147 1351 2188 nihil
1377 2154 1573 2188 certatum
1600 2155 1674 2197 est,

277 2224 294 2252 2
321 2225 402 2263 quo
426 2210 561 2252 minus
588 2211 817 2252 consularia
842 2211 1007 2252 comitia
1031 2211 1292 2252 haberentur.
1336 2210 1460 2251 creati
1485 2209 1675 2251 consules

320 2272 373 2312 L.
400 2271 590 2313 Valerius
620 2272 801 2321 Potitus,
839 2272 900 2313 M.
932 2272 1134 2322 Manlius,
1172 2273 1237 2313 cui
1269 2272 1501 2327 Capitolino
1532 2280 1677 2327 postea

319 2334 397 2374 fuit
422 2349 662 2390 cognomen.
699 2335 727 2375 ii
753 2335 941 2376 consules
967 2350 1141 2389 magnos
1167 2334 1285 2375 ludos
1311 2334 1458 2383 fecere,
1485 2349 1587 2388 quos
1613 2333 1674 2374 M.

277 2409 294 2438 3
319 2395 469 2437 Furius
495 2396 668 2437 dictator
691 2404 860 2438 voverat
885 2397 1050 2438 Veienti
1076 2397 1195 2438 bello.
1251 2397 1395 2438 codem
1421 2411 1526 2437 anno
1551 2397 1674 2437 aedes

320 2457 489 2499 Iunonis
513 2459 679 2514 reginae
705 2458 756 2500 ab
788 2459 931 2499 eodem
964 2459 1160 2500 dictatore
1191 2459 1417 2511 eodemque
1448 2457 1554 2499 bello
1580 2464 1675 2498 vota

321 2519 543 2569 dedicatur,
570 2520 897 2574 celebratamque
911 2521 1209 2562 dedicationem
1222 2521 1379 2576 ingenti
1398 2525 1673 2560 matronarum

278 2593 294 2622 *1
323 2582 456 2622 studio
487 2582 664 2623 tradunt.
715 2582 868 2623 bellum
898 2582 998 2623 haut
1028 2582 1292 2623 memorabile
1322 2582 1364 2622 in
1393 2581 1549 2637 Algido
1580 2595 1672 2621 cum

320 2642 478 2696 Aequis
504 2652 665 2699 gestum
698 2651 759 2685 est
783 2644 888 2685 fusis
914 2644 1101 2685 hostibus
1132 2645 1245 2699 prius
1277 2658 1407 2698 paene
1438 2657 1560 2696 quam
1586 2655 1672 2680 ma-

321 2718 396 2746 nus
423 2716 692 2747 consererent.
742 2705 927 2756 Valerio,
959 2707 1068 2760 quod
1098 2705 1423 2761 perseverantior
1452 2701 1669 2744 caedendis
