1780 3204
1456 277 1477 293 .,

479 289 630 322 mem-t
655 289 729 332 111,
756 289 809 322 23.
830 289 884 322 24.
913 287 1112 332 [a.C.459]
1398 277 1469 318 141

114 409 265 450 agmen
286 393 516 434 Tusculum
534 393 651 446 rapit.
684 392 785 432 nihil
804 398 964 447 praeter
984 407 1097 433 arma
1119 398 1158 432 et
1177 391 1289 445 quod
1309 391 1412 432 cocti
1426 390 1479 431 ad

116 470 283 497 manum
308 454 386 495 fuit
410 454 491 495 cibi
515 453 622 494 ferre
646 454 765 494 militi
795 454 920 495 licuit.
971 460 1234 495 conmeatum
1264 452 1316 494 ab
1341 453 1478 494 Roma

115 517 258 559 consul
284 515 502 557 Cornelius
530 516 734 557 subvehit.
780 516 936 569 aliquot
960 530 1125 557 menses
1151 515 1325 556 Tusculi
1349 515 1477 556 bella-

117 590 216 620 tum.
253 585 368 634 parte
388 578 590 619 exercitus
611 578 755 619 consul
775 585 909 619 castra
927 577 1171 632 Aequorum
1197 577 1477 633 oppugnabat,

117 648 273 696 partem
282 640 529 682 Tusculanis
544 641 710 681 dederat
725 641 777 681 ad
791 655 927 681 arcem
939 641 1274 695 recuperandam.
1306 640 1348 680 vi
1360 654 1480 680 num-

116 718 239 757 quam
265 717 313 744 eo
340 702 466 743 subiri
491 703 641 757 potuit,
679 702 811 743 fames
843 709 1053 757 postremo
1082 702 1178 743 inde
1205 702 1382 743 detraxit
1405 701 1479 742 ho-

119 772 237 806 stem.
293 779 376 818 quo
406 772 626 819 postquam
651 771 820 805 ventum
846 765 898 805 ad
928 771 1157 805 extremum
1183 771 1263 814 est,
1301 764 1478 805 inermes

116 828 296 881 nudique
322 841 464 868 omnes
491 827 567 868 sub
592 827 735 882 iugum
761 826 813 868 ab
833 826 1082 868 Tusculanis
1102 826 1232 868 missi.
1264 827 1340 868 hos
1360 826 1478 882 igno-

117 890 290 930 miniosa
319 889 421 943 fuga
451 889 620 930 domum
652 903 696 929 se
732 889 977 943 recipientes
1008 889 1223 930 Romanus
1261 888 1406 930 consul
1435 888 1478 928 in

116 951 271 1007 Algido
297 958 541 992 consecutus
568 951 620 991 ad
644 965 773 991 unum
798 965 940 992 omnes
967 951 1127 991 occidit.
1168 950 1299 992 victor
1323 950 1376 991 ad
1396 949 1479 991 Co-

116 1014 254 1054 lumcn
279 1039 333 1043 —
357 1014 400 1054 id
424 1013 513 1054 loco
538 1028 689 1054 nomen
714 1020 777 1054 est
801 1038 856 1043 -—-
880 1013 1063 1054 exercitu
1086 1013 1228 1054 relicto
1260 1019 1395 1054 castra
1418 1012 1480 1052 lo-

116 1082 193 1116 cat.
243 1082 282 1116 et
314 1075 415 1116 alter
451 1075 615 1123 consul,
652 1081 874 1129 postquam
910 1074 1127 1116 moenibus
1163 1075 1247 1115 iam
1276 1074 1476 1115 Romanis

115 1137 234 1191 pulso
259 1137 377 1178 hoste
401 1137 629 1191 periculum
656 1151 748 1177 esse
773 1137 962 1185 desierat,
990 1136 1136 1190 etipse
1158 1136 1210 1176 ab
1230 1136 1364 1176 Roma
1383 1150 1478 1189 pro-

115 1199 261 1240 fectus.
298 1199 355 1239 ita
379 1198 569 1239 bifariam
591 1198 781 1239 consules
799 1197 977 1253 ingressi
995 1197 1177 1238 hostium
1197 1197 1300 1239 fines
1319 1197 1477 1252 ingenti

114 1260 333 1301 certamine
358 1260 454 1300 hinc
480 1259 671 1308 Volscos,
698 1259 793 1300 hinc
819 1259 991 1312 Aequos
1016 1259 1280 1313 populantur.

197 1321 360 1362 Eodem
380 1336 486 1362 anno
506 1321 687 1362 descisse
706 1321 899 1362 Antiatcs
919 1321 1031 1375 apud
1048 1321 1268 1375 plerosque
1288 1327 1476 1361 auctores

112 1383 286 1424 invenio.
329 1384 383 1424 L.
406 1383 645 1424 Cornelium
672 1383 884 1424 consulem
909 1383 952 1424 id
978 1382 1132 1424 bellum
1156 1382 1339 1438 gessisse
1359 1382 1476 1437 oppi-

112 1446 290 1499 dumque
316 1446 488 1500 cepisse,
516 1451 673 1487 certum
699 1446 933 1495 adfirmare,
961 1445 1057 1499 quia
1084 1445 1198 1486 nulla
1223 1445 1334 1500 apud
1361 1451 1477 1484 vetu-

113 1507 256 1549 stiores
283 1508 370 1548 eius
396 1508 455 1549 rei
478 1508 632 1549 mentio
658 1514 731 1557 est,
757 1522 841 1549 non
866 1507 1012 1549 ausim.

194 1569 396 1611 XXIIII.
434 1570 530 1611 Hoc
555 1569 663 1611 bello
688 1570 873 1625 perfecto
892 1569 1157 1611 tribunicium
1183 1569 1296 1611 domi
1321 1568 1475 1611 bellum

112 1639 248 1687 patres
273 1632 441 1672 territat.
492 1632 692 1682 clamant,
719 1631 864 1673 fraude
895 1632 1001 1681 fieri,
1028 1632 1140 1685 quod
1164 1631 1264 1672 foris
1290 1637 1476 1671 teneatur

113 1694 334 1734 exercitus:
371 1694 678 1735 frustrationem
709 1708 801 1734 eam
830 1694 935 1749 legis
966 1693 1170 1734 tollendae
1196 1707 1306 1742 esse,
1346 1707 1390 1732 se
1415 1693 1477 1732 ni-

114 1755 196 1796 hilo
221 1755 356 1796 minus
381 1770 467 1796 rem
495 1762 730 1810 susceptam
755 1762 1006 1810 peracturos.
1057 1754 1233 1796 obtinuit
1257 1761 1396 1795 tamen
1420 1753 1473 1794 L.

114 1817 336 1857 Lucretius
360 1816 593 1871 praefectus
620 1817 752 1867 urbis,
790 1824 835 1857 ut
861 1817 1042 1858 actiones
1069 1816 1310 1857 tribuniciae
1335 1816 1379 1856 in
1403 1816 1475 1856 ad-

115 1886 283 1920 ventum
308 1879 522 1920 consulum
548 1879 820 1920 differrentur.

198 1940 302 1981 Erat
328 1946 368 1981 et
390 1955 498 1981 nova
524 1947 666 1981 exorta
690 1955 816 1982 causa
840 1948 989 1982 motus.
1033 1940 1088 1981 A.
1110 1939 1329 1981 Cornelius
1355 1947 1394 1980 et
1421 1938 1473 1992 Q.

117 2001 316 2044 Servilius
343 2009 581 2055 quaestores
605 2001 668 2043 M.
694 2002 884 2052 Volscio,
917 2003 1029 2056 quod
1053 2002 1184 2043 falsus
1215 2002 1326 2042 haud
1351 2000 1474 2042 dubie

114 2065 228 2105 testis
248 2065 290 2104 in
310 2063 542 2105 Caesonem
567 2064 786 2113 extitisset,
821 2066 929 2105 diem
955 2065 1154 2105 dixerant.
1201 2063 1342 2105 multis
1363 2063 1470 2104 enim

115 2126 332 2167 emanabat
360 2126 541 2175 indiciis,
579 2141 713 2180 neque
743 2127 911 2167 fratrem
943 2126 1106 2176 Volsci,
1145 2141 1196 2167 ex
1233 2140 1315 2180 quo
1348 2126 1490 2181 semel·

115 2187 236 2228 fuerit
261 2203 396 2244 aeger,
423 2203 622 2241 umquam
647 2203 729 2229 non
753 2189 878 2230 modo
902 2189 1038 2230 visum
1062 2188 1105 2229 in
1122 2188 1302 2243 publico,
1331 2187 1405 2229 sed
1422 2202 1474 2228 ne

116 2249 397 2291 adsurrexisse
429 2250 596 2303 quidem
627 2265 678 2290 ex
708 2250 851 2292 morbo
888 2251 1194 2304 multorumque
1230 2249 1324 2292 tabe
1361 2264 1475 2290 men-

116 2325 207 2351 sum
231 2317 455 2361 mortuum,
482 2326 557 2352 nec
583 2311 648 2353 his
673 2312 945 2367 temporibus,
981 2312 1023 2353 in
1048 2327 1152 2367 quae
1179 2312 1295 2353 testis
1321 2312 1475 2353 crimen

116 2372 375 2422 coniecisset,
415 2372 647 2414 Caesonem
677 2373 836 2415 Romae
868 2374 1023 2423 visum,
1062 2374 1374 2415 adfirmantibus
1405 2374 1475 2428 qui

117 2449 197 2474 una
221 2442 473 2484 meruerant,
507 2449 647 2476 secum
673 2449 768 2476 eum
793 2442 881 2476 tum
905 2436 1246 2490 frequentemque
1277 2436 1330 2477 ad
1356 2436 1475 2491 signa

115 2495 203 2536 sine
227 2495 310 2536 ullo
337 2503 568 2537 commeatu
592 2496 743 2546 fuisse3
780 2498 860 2538 nisi
889 2498 946 2538 ita
977 2505 1104 2547 esset,
1135 2498 1254 2538 multi
1282 2497 1474 2552 privatim

1505 964 1522 992 G

1502 1766 1520 1795 [Ο

115 2556 301 2598 ferebant
325 2557 493 2599 Volscio
523 2559 713 2599 iudicem.
766 2574 859 2600 cum
892 2560 945 2600 ad
977 2560 1173 2600 iudicium
1204 2560 1263 2600 ire
1288 2574 1373 2600 non
1402 2574 1473 2600 au·
1499 2573 1516 2602 6

113 2619 244 2668 deret,
283 2634 427 2661 omnes
459 2635 531 2661 eae
562 2621 695 2661 resin
727 2636 854 2661 unum
887 2629 1160 2677 congruentes
1191 2621 1304 2663 haud
1339 2623 1472 2677 magis

113 2680 280 2722 dubiam
301 2681 606 2723 damnationem
625 2681 781 2732 Volsci,
809 2698 933 2736 quam
954 2683 1157 2725 Caesonis
1179 2683 1347 2725 Volscio
1367 2691 1472 2725 teste

115 2741 258 2792 fuerat,
285 2743 503 2784 faciebant.
541 2744 582 2784 in
602 2759 717 2785 mora
737 2744 889 2786 tribuni
909 2753 1037 2795 crant,
1064 2746 1133 2799 qui
1159 2746 1323 2787 comitia
1348 2760 1473 2800 quac-

1177 2812 1243 2845 10·

1499 2760 1515 2788 7
