1890 3303
235 272 345 301 XXII

234 347 338 381 navit
352 347 412 381 vel
426 347 631 380 immutavit
646 346 721 379 sive
736 345 817 379 aliis
836 343 960 378 fonti—¹

237 392 308 426 bus
324 392 400 426 sive
421 391 572 435 proprio
591 401 680 423 usus
699 389 855 431 iudicio,
881 388 945 422 ali—

237 436 408 482 quotiens
423 436 533 470 ctiam
548 435 623 468 sive
638 434 786 467 inscitia
801 433 878 467 sive
893 432 945 466 fe-

236 480 539 515 stinationeinter
547 489 750 513 sermonem
762 478 946 512 Graecum

235 527 272 560 in
296 525 473 559 Latinum
497 524 716 557 vertendum
741 523 946 567 lapsus,146

237 582 333 615 quae
355 570 478 603 omnia
491 579 513 602 a
526 569 769 602 Lachmanno
784 568 944 601 illustra-

234 620 273 649 ta
287 621 324 649 et
342 613 520 658 exemplis
536 614 779 657 comprobata
793 616 944 646 sunem

235 660 325 694 satis
344 670 427 692 raro
448 662 572 692 autem
593 658 731 692 ment-io
751 657 904 702 Polybii
924 669 945 692 a

231 704 339 738 Livio
355 715 434 738 eam
448 703 567 747 ipsam
582 703 630 737 ob
643 714 721 737 rem
734 702 945 747 inicum-,148

233 749 333 794 quod
358 753 546 793 tamquam
573 747 677 782 fonte
703 747 878 792 primario
900 759 943 782 eo

231 805 320 828 usus
353 796 486 837 est,149
523 803 605 827 cum
636 793 689 827 ibi
725 793 943 838 plerumque

230 839 381 873 testium
405 837 556 872 nomina
575 837 706 872 afferre
728 838 858 882 soleat,
881 838 944 872 ubi

232 884 381 928 singula
419 884 602 928 quaedam
639 894 721 917 cum
761 882 944 917 notabilia

230 932 308 962 tum
333 929 380 963 ab
402 940 463 972 ea,
490 939 602 974 quam
623 927 863 962 cummaxime
890 939 943 962 sc-

232 973 374 1019 quitur,
400 984 522 1008 rerum
553 977 742 1017 gestarum
767 973 944 1007 memoria

230 1017 473 1053 abhorrentia
507 1017 595 1052 inde
634 1018 804 1052 desumit.
859 1018 942 1052 aliis

230 1074 378 1108 quoquc
397 1066 546 1108 praeter
564 1062 766 1107 Polybium
788 1062 942 1097 Graecis

230 1109 448 1143 auctoribus
481 1119 520 1142 se
551 1119 658 1141 usum
692 1118 774 1142 esse
800 1108 942 1152 aliquo-

229 1153 327 1188 tiens
340 1153 482 1187 indicat
495 1153 640 1196 Livius,
651 1156 701 1179 150
726 1153 942 1187 nominatim

229 1209 342 1232 unum
369 1198 533 1233 Silenum
559 1209 716 1242 eumque
744 1198 858 1232 semel
884 1209 942 1231 ex—

230 1243 331 1277 citat.
341 1247 388 1271 151
435 1244 687 1277 Romanorum
707 1246 855 1286 praeter
873 1242 942 1276 Fa-

230 1288 332 1323 bium
356 1292 490 1323 testem
516 1288 605 1322 belli
629 1287 759 1321 Punici
790 1287 942 1321 alterius

231 1334 425 1378 aequalem
445 1334 603 1367 alterum
622 1332 665 1365 L.
681 1331 848 1366 Cincium
866 1331 942 1365 Ali—

229 1382 392 1412 mentum
407 1382 443 1412 ct
457 1378 576 1422 ipsum
593 1377 707 1411 semel
721 1381 941 1411 tautummo-

231 1424 278 1457 do
305 1426 642 1464 commemorat,152
668 1426 745 1456 tum
769 1433 837 1466 per
862 1422 943 1456 sola

230 1469 339 1502 huius
353 1468 442 1502 belli
461 1472 632 1512 tempora
644 1468 687 1501 L.
704 1467 820 1502 Caelii
834 1465 939 1501 Anti-

229 1513 327 1558 patri
342 1514 496 1547 annales
516 1513 553 1546 in
573 1524 681 1546 usum
700 1512 866 1556 vocavit,
892 1511 941 1545 M.

229 1569 317 1593 vero
337 1558 462 1592 Porcii
483 1557 635 1592 Catonis
656 1557 861 1602 originibus
882 1557 942 1592 de-

231 1604 323 1638 cade
339 1604 485 1637 demum
500 1607 632 1647 quarta
652 1607 764 1647 atque
779 1603 827 1636 ad
841 1603 942 1646 ipsas

228 1648 463 1692 potissimum
484 1647 636 1682 Catonis
657 1659 716 1682 res
736 1648 942 1682 narrandas

229 1704 318 1726 usus
351 1697 425 1737 est,
464 1693 630 1727 eiusdem
660 1693 772 1727 etiam
798 1692 943 1737 aliquot

230 1742 329 1772 certe
344 1737 576 1772 orationibus
590 1742 738 1782 praeter
752 1748 828 1780 eaS‚
845 1748 940 1782 quae

230 1783 413 1827 originum
428 1782 533 1816 libris
546 1784 708 1817 insertae
730 1787 852 1825 erant,
878 1782 941 1816 ad-

229 1827 437 1866 11ἰὸίϊίες153
468 1831 667 1872 praeterea
692 1826 856 1871 exceptis
881 1826 942 1860 Li-

262 1909 311 1932 146
336 1908 476 1932 interdum
492 1908 568 1932 Livii
587 1914 694 1932 errores
714 1907 780 1932 inde
805 1914 943 1932 excusan-

228 1944 289 1970 tur,
322 1942 395 1972 quod
421 1946 552 1973 corrupto
571 1942 684 1973 Polybii
709 1942 807 1966 codice
831 1942 944 1965 videtur

228 1983 295 2000 usus
320 1983 392 2000 csse.
430 1977 466 2000 cs.
488 1976 701 2000 Lachmannum
731 1976 749 2000 1.
777 1983 800 2000 c.
827 1976 869 2005 11,
894 1976 943 2000 114

228 2017 256 2033 v.
271 2010 455 2034 Leutschium
474 2012 554 2034 nunt.
575 2010 603 2033 d.
625 2009 701 2034 Gott.
722 2010 797 2039 1355,
818 2010 867 2034 ‘263
881 2016 942 2040 sqq.

262 2045 310 2068 147
331 2044 349 2068 1.
365 2051 389 2067 c.
404 2044 439 2071 II,
455 2045 470 2068 8
484 2051 543 2074 sqq.
559 2045 591 2068 33
606 2050 666 2074 sqq.
682 2044 731 2067 108
745 2050 806 2074 sqq.
822 2043 943 2067 cs.Wal-

229 2077 323 2102 chium
344 2084 397 2101 cm.
418 2078 480 2101 Liv.
503 2085 530 2108 p.
552 2079 643 2103 6-27.
670 2077 802 2101 Poteram
827 2077 846 2101 l.
866 2084 943 2101 cum-

228 2112 352 2135 maxime
367 2118 391 2135 e.
405 2118 433 2142 p.
448 2113 490 2140 11,
510 2111 651 2135 Theodori
664 2111 756 2135 Lucas
775 2111 943 2141 disputatio-

229 2152 294 2169 nem
309 2145 342 2168 de
357 2145 466 2169 rationo
476 2163 482 2173 ,
508 2152 562 2174 qua
575 2145 675 2169 Livius
688 2145 717 2168 in
731 2145 797 2168 hist.
812 2144 860 2168 lib.
877 2152 943 2168 con-

229 2178 385 2203 scribendis
416 2185 483 2203 usus
513 2179 550 2203 sit
574 2185 658 2209 opere
683 2178 841 2209 Polybiane
873 2185 899 2208 p.
919 2178 941 2202 Ι.

230 2212 349 2242 Glogav.
364 2212 440 2236 1354.
456 2213 480 2236 4.

263 2246 311 2270 148
333 2246 399 2270 ‘nos
413 2252 469 2269 non
489 2245 606 2269 minimo
625 2245 804 2276 potissimum
824 2251 942 2269 numero

229 2279 415 2308 credidimus,
440 2280 488 2304 sed
503 2279 653 2310 Polybium
673 2280 761 2303 secuti
776 2286 871 2303 sumus
886 2286 942 2302 non

229 2314 367 2338 incertum
381 2316 525 2338 auctorem
539 2320 601 2337 cum
616 2313 741 2340 omnium
757 2313 940 2337 Romanarum

229 2354 320 2371 rerum
346 2350 405 2372 tum
430 2347 580 2378 praecipue
600 2347 628 2371 in
649 2347 766 2371 Graecia
785 2346 941 2376 gestarum*

228 2381 357 2409 XXXIII,
373 2382 414 2409 10,
430 2382 462 2405 10
476 2381 512 2405 cs.
526 2380 614 2409 XXX,
629 2382 705 2409 45,4,
720 2380 768 2404 ubi
783 2380 942 2410 ‘haudqua-

229 2422 311 2445 quam
337 2415 512 2445 spernendus
536 2414 646 2438 auctor*
673 2415 775 2438 dicitur
795 2414 940 2445 Polybius,

229 2449 371 2476 XXXIIII,
392 2450 432 2475 50.
449 2450 474 2473 6.
498 2449 625 2476 XXXVI,
647 2449 688 2477 19,
704 2449 745 2472 11.
771 2448 941 2476 XXXVIIII,

229 2484 270 2511 52,
286 2484 310 2506 1.
330 2483 469 2511 XXXXV,
485 2483 526 2510 44,
544 2484 583 2506 19.
604 2489 635 2506 ac
650 2482 695 2506 vel
711 2482 783 2506 ultra
796 2481 882 2505 libros
896 2488 942 2505 su-

229 2517 360 2546 perstites
378 2523 393 2540 a
406 2517 489 2540 Livio
509 2516 537 2540 in
557 2523 637 2540 usum
652 2523 715 2540 eum
734 2518 865 2539 vocatum
880 2522 941 2538 csse

229 2550 329 2580 prohat
342 2550 540 2574 Lachmannus
559 2550 594 2579 II,
611 2551 642 2574 10
656 2557 684 2574 n.
698 2551 712 2574 2
722 2568 728 2579 ,
749 2549 784 2574 ad
803 2556 885 2580 quam
905 2549 940 2573 cs.
953 2563 955 2572 1

230 2584 301 2608 infra
315 2592 341 2614 p.
356 2583 470 2608 XXXII.

263 2618 311 2641 1421
332 2617 371 2640 sic
386 2621 461 2641 recte
475 2618 674 2641 Lachmannus
688 2617 724 2646 11,
739 2618 781 2641 10.

264 2652 312 2675 150
331 2651 474 2681 XXVIIII,
483 2653 570 2681 2213.
579 2651 693 2681 XXXII,
703 2652 726 2681 (5,
736 2652 761 2676 S.
770 2651 940 2679 XXXVIIII,

264 2719 311 2742 151
332 2718 487 2746 XXV1,42),
503 2720 528 2742 3.

265 2752 313 2775 152
332 2751 406 2779 XXI,
422 2752 463 2779 38,
479 2753 494 2775 3
507 2758 567 2781 sqq.

264 2786 313 2810 1:23
333 2785 368 2809 cs.
389 2785 601 2809 Laeluuannum
621 2786 639 2809 1.
661 2793 684 2809 c.
706 2786 746 2814 11,
767 2786 798 2810 17
819 2791 881 2816 sqq.
904 2785 940 2809 11.

744 274 794 299 DE
821 273 909 299 VITA
932 272 983 298 AC
1010 272 1172 299 SCRIPTIS

973 344 1069 378 cinio
1089 345 1235 388 Macro,
1261 348 1303 378 ut
1328 344 1489 389 videtur,
1516 350 1554 381 et
1571 345 1681 381 Aelio

971 389 1170 423 Tuberone
1185 399 1250 422 eos
1265 394 1437 423 auctores
1458 392 1682 425 consultavit

971 433 1183 477 passimque
1198 434 1365 467 laudavit
1379 445 1518 477 omnes,
1540 435 1602 479 qui
1615 447 1681 479 per

970 477 1124 521 primam
1139 478 1368 523 alteramque
1386 479 1531 513 decada
1543 480 1592 513 ad
1605 491 1679 514 ma-

971 534 1041 556 nus
1072 522 1106 557 ei
1136 523 1297 557 fuerant.
1334 523 1470 567 quibus
1496 526 1681 558 accedunt

971 568 1049 602 alii:
1077 567 1267 611 Claudius,
1283 569 1359 613 ‘qui
1373 569 1529 603 annales
1542 567 1680 603 Acilia-

970 624 1038 647 nos
1060 623 1102 647 ex
1125 612 1271 647 Graeco
1292 613 1330 646 in
1347 612 1524 647 Latinum
1544 624 1680 648 sermo-

970 669 1052 692 nem
1073 658 1269 699 vertit,'l54
1289 657 1442 692 Clodius
1461 658 1681 702 Licinus,155

972 702 1373 737 P.Ruti1iusRufus.1⁵6
1400 714 1493 748 quos
1507 708 1680 739 auctores

970 747 1057 782 inde
1083 759 1105 782 a
1130 747 1225 781 libro
1259 748 1547 797 quadragesimo
1575 753 1679 783 sexto

971 792 1185 827 adhibuerit
1195 792 1326 826 Livius
1346 804 1390 827 ex
1409 793 1606 827 rarissimis
1621 804 1681 828 ve-

971 837 1092 882 stigiis
1115 849 1183 882 per
1206 838 1404 883 periochas
1436 838 1574 882 sparsis
1605 850 1681 873 non

971 883 1061 917 satis
1098 883 1347 927 dignoscitur:
1397 882 1607 917 accuratius
1644 884 1682 917 in

970 927 1227 962 difficillimam
1242 928 1339 962 hanc
1358 928 1615 972 quaestionem
1629 927 1681 962 in—

968 973 1124 1018 quirere,
1141 973 1242 1018 quod
1257 973 1334 1007 sine
1347 984 1483 1017 magno
1499 977 1682 1017 apparatu

969 1018 1190 1063 magnisque
1205 1018 1428 1062 ambagibus
1442 1017 1522 1051 fieri
1537 1017 1678 1062 nequit,

969 1064 1016 1097 ab
1038 1074 1083 1097 eo
1105 1063 1204 1107 quod
1229 1062 1468 1096 cummaxime
1488 1062 1681 1106 persequi-

969 1119 1048 1141 mur
1069 1107 1224 1141 consilio
1252 1108 1364 1150 longe
1389 1107 1509 1141 abest.
1520 1110 1567 1134 157
1615 1117 1682 1150 per

969 1152 1085 1186 libros
1105 1162 1192 1186 vero
1213 1152 1298 1185 illos
1322 1151 1551 1196 posteriores
1571 1152 1681 1186 nobis

969 1201 1136 1231 servatos
1167 1197 1314 1230 Livium
1345 1196 1477 1230 iterum
1513 1196 1680 1231 videmus

970 1242 1127 1276 ducibus
1145 1242 1369 1287 quibusdam
1382 1241 1566 1286 primariis
1586 1242 1680 1287 elec—

970 1287 1016 1320 tis
1052 1287 1280 1332 reliquorum
1316 1286 1569 1321 narrationem
1603 1297 1680 1320 non

968 1337 1041 1366 tam
1074 1333 1121 1366 ad
1154 1332 1396 1376 corrigendas
1427 1331 1574 1365 illorum
1600 1342 1680 1366 sen-

968 1376 1104 1412 tentias
1120 1377 1359 1411 adhibentem
1380 1387 1490 1420 quam
1509 1377 1557 1410 ad
1577 1387 1680 1410 exor-

968 1422 1111 1456 nandas
1136 1426 1249 1467 atque
1275 1421 1572 1466 amplificandas,
1603 1422 1679 1465 ple-

968 1478 1122 1512 rumque
1136 1478 1224 1502 vero
1239 1467 1303 1510 ita,
1319 1471 1360 1500 ut
1371 1466 1529 1500 fontium
1544 1466 1680 1500 discre-

968 1514 1133 1557 pantiam
1142 1516 1270 1546 enotet
1278 1523 1321 1546 ac
1330 1511 1468 1556 passim
1479 1511 1679 1546 secundum

969 1561 1188 1602 argumenta
1201 1558 1419 1601 plerumque
1436 1556 1556 1600 magis
1571 1567 1615 1590 ex
1630 1556 1681 1589 di—

969 1602 1156 1637 vinatione
1171 1603 1332 1647 quadam
1347 1613 1457 1646 quam
1470 1612 1514 1636 cx
1527 1601 1680 1646 indaga-

969 1648 1068 1682 tione
1083 1648 1218 1692 pctita,
1239 1657 1330 1681 sano
1345 1651 1488 1689 tamen,
1513 1650 1556 1680 ut
1569 1645 1681 1691 signi-

969 1692 1117 1727 ficatum
1133 1697 1201 1735 est,
1222 1692 1428 1735 eodemque
1442 1691 1612 1725 modesto
1627 1691 1681 1724 iu-

969 1738 1066 1772 dicio
1093 1737 1287 1780 diiudicet,
1325 1736 1492 1781 quamvis
1517 1736 1578 1769 hic
1602 1735 1680 1769 illic

969 1782 1266 1816 artificiosiorem
1310 1792 1459 1826 quoque
1499 1781 1682 1814 rationem

969 1828 1016 1861 ab
1037 1839 1082 1861 eo
1108 1827 1236 1861 initam
1262 1826 1448 1867 videmus,
1475 1825 1592 1860 veluti
1617 1825 1681 1859 lib.

968 1872 1189 1915 XXXVIII,
1204 1871 1260 1915 55,
1275 1872 1313 1914 8,
1338 1870 1402 1905 ubi
1424 1871 1510 1904 ‘has
1526 1870 1606 1915 ego'
1626 1870 1681 1903 in-

970 1917 1049 1962 quit
1066 1919 1248 1951 ‘summas
1269 1915 1349 1950 auri
1369 1919 1406 1949 et
1425 1917 1572 1960 argenti
1586 1915 1680 1949 rela-

969 1967 1025 1996 tas
1040 1962 1139 2007 apud
1150 1961 1338 1995 Antiatem
1351 1960 1486 1994 inveni.
1510 1960 1548 1994 in
1558 1959 1681 1994 L.Sei-

968 2008 1078 2052 pione
1093 2007 1216 2041 malim
1231 2006 1403 2051 equidem
1423 2005 1565 2040 librarii
1580 2016 1681 2039 men-

970 2054 1055 2086 dum
1082 2064 1192 2097 quam
1222 2051 1456 2085 mendacium
1488 2050 1680 2094 scriptoris

970 2109 1051 2132 esse
1066 2097 1103 2130 in
1119 2107 1259 2131 summa
1279 2096 1358 2130 auri
1378 2099 1490 2140 atquc
1509 2095 1680 2140 a1·genti‚⁷

968 2143 1016 2187 X,
1031 2144 1063 2185 9,
1079 2143 1121 2175 13
1135 2146 1204 2176 etc.

1017 2187 1153 2221 Omnes
1184 2187 1272 2229 hos,
1312 2196 1406 2229 quos
1439 2188 1588 2219 secutus
1624 2188 1682 2218 est

968 2236 1141 2266 auctores
1165 2235 1202 2265 et
1221 2230 1367 2264 consilii
1385 2229 1629 2273 amplitudine
1645 2234 1681 2263 et

969 2277 1148 2311 sermonis
1179 2275 1368 2319 elegantia
1400 2274 1589 2319 superavit
1617 2274 1681 2308 Li-

968 2322 1046 2355 vius
1072 2322 1259 2366 longeque
1285 2320 1380 2354 afuit
1410 2320 1458 2354 ab
1490 2319 1680 2363 incompta

967 2366 1138 2401 nuditate
1176 2365 1381 2407 annalium,
1420 2363 1556 2408 quibus
1587 2364 1680 2397 nihil

971 2412 1147 2445 hirsutius
1180 2422 1262 2445 esse
1272 2413 1321 2436 153
1358 2415 1458 2443 certe
1496 2413 1533 2442 et
1562 2408 1680 2453 ipsius

968 2461 1047 2491 erat
1062 2456 1266 2499 sententia3
1281 2458 1319 2489 at
1334 2455 1461 2489 deerat
1474 2454 1508 2488 ei
1521 2454 1680 2498 id,quod

967 2548 1116 2572 Iordanum
1128 2550 1235 2579 quaest.
1252 2547 1313 2572 Cat.
1329 2553 1389 2578 cap.
1400 2546 1454 2571 duo
1469 2546 1561 2571 Bcrol.
1572 2546 1637 2570 1856
1651 2553 1676 2576 p.

968 2584 1153 2644 ldsssquxv,
1169 2616 1210 2644 39,
1226 2616 1266 2639 12.
1282 2614 1394 2644 xxxv,
1409 2615 1450 2643 14,
1465 2615 1489 2638 5.

1001 2651 1049 2674 155
1068 2649 1210 2677 XXVIIII,
1225 2650 1266 2675 22,
1283 2650 1324 2672 10.

1001 2685 1049 2708 17)ss
1068 2683 1236 2711 XXXVIIII,
1251 2684 1292 2709 52,
1308 2683 1333 2706 1.

1001 2719 1048 2742 1ῦῖ
1069 2718 1104 2741 cs.
1119 2724 1184 2741 ann.
1200 2717 1248 2741 148
1262 2719 1290 2740 et
1302 2715 1448 2740 Niebuhrii
1462 2714 1551 2740 schol.
1565 2714 1629 2738 hist.
1645 2714 1675 2737 lt.

967 2752 988 2780 1’
1001 2752 1049 2809 {¹5³3
1070 2784 1153 2810 ovid.
1169 2784 1240 2808 trist.
1256 2783 1291 2809 11.
1307 2785 1365 2808 209.
