1780 3204
450 252 603 291 LIBER
627 256 720 302 ΠΗ,
746 257 801 291 43.
829 260 877 301 [a.
893 256 934 291 e.
949 256 1146 301 4223-421]
1392 249 1474 290 233

120 362 227 417 turpi
251 361 352 417 fuga
376 361 604 402 funduntur
628 361 738 402 haud
763 376 914 416 magno
940 361 1119 402 consulis
1141 361 1299 403 decore.
1337 361 1474 415 itaque

119 424 349 479 triumphus
369 430 556 479 negatuS,
584 430 763 464 ceterum
789 423 841 464 ob
865 422 1187 478 Sempronianae
1212 423 1339 464 cladis
1365 423 1476 464 leva-

122 494 204 527 tam
228 486 495 541 ignominiam
521 495 565 525 ut
590 500 717 526 ovans
742 485 887 526 urbem
910 485 1078 526 intraret
1103 500 1345 526 concessum
1371 492 1446 526 est.

207 547 571 601 Quemadmodum
595 547 748 588 bellum
773 547 928 588 minore
953 562 1078 600 quam
1108 548 1325 588 timuerant
1356 547 1475 588 dimi-

122 610 280 650 catione
305 616 390 650 erat
414 609 662 663 perfectum,
702 609 760 649 sic
792 609 835 649 in
865 608 966 650 urbe
993 624 1043 649 ex
1069 609 1286 662 tranquillo
1310 609 1476 664 necopi-

121 678 217 712 nata
246 671 375 712 moles
407 671 703 712 discordiarum
739 671 843 711 inter
877 670 1042 725 plebem
1078 686 1126 712 ac
1158 678 1296 726 patres
1335 678 1477 713 exorta

122 740 196 783 cst,
223 740 367 788 coepta
391 733 442 774 ab
468 733 713 788 duplicando
738 740 1003 786 quaestorum
1027 748 1210 775 numero.
1248 748 1372 788 quam
1390 749 1476 775 rem
1502 764 1507 767 -

122 821 176 825 -
200 802 360 850 praeter
383 796 486 835 duos
511 794 689 835 urbanos
715 802 951 848 quaestores
982 796 1063 836 duo
1087 802 1133 836 ut
1163 795 1400 837 consulibus
1426 796 1476 836 ad

122 857 347 898 ministeria
365 856 462 898 belli
483 863 648 911 praesto
669 862 806 897 essent
825 882 879 886 —
898 872 922 898 a
941 857 1178 898 consulibus
1199 857 1369 898 relatam
1384 873 1477 898 cum

123 926 163 959 et
187 926 323 973 patres
350 933 512 959 summa
536 933 613 972 ope
638 918 949 972 adprobassent,
977 918 1020 972 (a
1044 919 1300 974 consulibus)
1326 919 1478 961 tribuni

121 981 233 1035 plebi
258 987 463 1021 certamen
487 980 720 1030 intulerunt,
748 987 793 1020 ut
816 995 911 1035 pars
937 988 1202 1034 quaestorum
1226 1007 1280 1010 —
1305 997 1400 1022 nam
1426 981 1479 1022 ad

123 1043 164 1082 id
189 1052 350 1097 tempus
375 1042 535 1097 patricii
560 1042 684 1083 creati
715 1053 830 1082 crant
854 1068 908 1072 —
934 1057 985 1083 ex
1008 1043 1128 1097 plebe
1157 1043 1284 1083 fieret.
1334 1044 1478 1083 adver·
1505 1057 1522 1081 Γ»

124 1120 193 1145 sus
225 1119 347 1158 quam
379 1104 579 1145 actionem
609 1105 741 1159 primo
779 1110 817 1144 ct
848 1104 1036 1145 consules
1069 1111 1109 1144 et
1141 1111 1280 1158 patres
1318 1119 1479 1145 summa

122 1181 198 1221 ope
225 1166 357 1207 adnisi
382 1172 494 1206 sunt:
521 1166 782 1206 concedendo
808 1166 967 1214 deinde,
995 1172 1039 1205 ut
1063 1166 1412 1218 quemadmodum
1438 1166 1478 1205 in

121 1228 295 1269 tribunis
321 1227 524 1268 consulari
547 1233 749 1281 potestate
775 1228 962 1268 creandis
988 1228 1053 1268 usi
1079 1234 1190 1277 sunt,
1228 1227 1411 1281 adaeque
1436 1228 1478 1268 in

121 1289 408 1343 quaestoribus
432 1288 608 1330 liberum
634 1295 744 1330 esset
774 1289 986 1330 arbitrium
1010 1289 1170 1344 populi,
1209 1304 1301 1330 cum
1331 1305 1478 1344 parum

120 1351 380 1406 proficerent,
418 1356 547 1391 totam
576 1365 662 1391 rem
693 1351 743 1391 de
780 1351 970 1406 augendo
1007 1358 1270 1405 quaestorum
1307 1366 1477 1392 numero

120 1413 324 1454 omittunt.
362 1413 570 1468 excipiunt
595 1412 792 1454 omissam
817 1413 969 1454 tribuni
994 1414 1178 1467 aliaeque
1205 1413 1391 1463 subinde,
1417 1414 1478 1454 in·
1516 1428 1521 1453 ;

121 1484 181 1517 ter
211 1490 314 1529 quas
346 1483 386 1516 et
421 1476 605 1531 agrariae
639 1476 763 1531 legis,
802 1477 1021 1517 seditiosae
1059 1476 1240 1517 actiones
1278 1476 1476 1526 existunt3

120 1546 286 1593 propter
309 1552 413 1591 quos
439 1544 574 1579 motus
601 1553 695 1579 cum
722 1545 888 1579 senatus
921 1538 1110 1579 consules
1142 1553 1267 1591 quam
1292 1537 1477 1579 tribunos

121 1600 248 1640 creari
278 1600 416 1640 mallet
447 1615 581 1653 neque
613 1607 753 1654 posset
782 1615 857 1655 per
887 1600 1202 1641 intercessiones
1239 1600 1476 1640 tribunicias

122 1669 288 1703 senatus
314 1661 547 1702 consultum
571 1661 676 1710 ficri,
708 1676 773 1702 res
800 1662 1001 1716 (publica)
1027 1678 1051 1702 a
1076 1661 1314 1703 consulibus
1341 1662 1393 1702 ad
1417 1661 1478 1701 in-

121 1730 367 1777 terregnum,
393 1737 526 1776 neque
550 1723 594 1763 id
617 1723 754 1777 ipsum
779 1749 833 1753 —
857 1739 953 1764 nam
978 1724 1085 1764 coire
1110 1723 1301 1777 patricios
1327 1722 1478 1763 tribuni

121 1783 395 1838 prohibebant
418 1809 471 1813 —
499 1784 585 1825 sine
611 1785 830 1824 certamine
856 1785 1023 1839 ingenti,
1050 1785 1165 1825 redit.

209 1844 318 1885 Cum
347 1859 442 1899 pars
473 1846 603 1886 maior
631 1845 883 1898 insequentis
915 1846 1011 1886 anni
1035 1860 1108 1900 per
1132 1860 1261 1886 novos
1293 1845 1476 1887 tribunos

123 1906 235 1961 plebi
271 1912 310 1946 et
347 1906 501 1959 aliquot
536 1907 761 1961 interreges
805 1906 1096 1947 certaminibus
1139 1914 1321 1947 extracta
1357 1914 1477 1956 esset,

124 1968 247 2009 modo
272 1967 583 2021 prohibentibus
609 1968 783 2009 tribunis
808 1968 999 2022 patricios
1026 1968 1133 2009 coire
1153 1969 1204 2009 ad
1222 1969 1479 2023 prodendum

124 2031 389 2085 interregem,
415 2029 538 2070 modo
562 2030 809 2085 interregem
833 2029 1204 2084 interpellantibus,
1236 2045 1287 2071 ne
1314 2037 1478 2072 senatus

125 2091 358 2132 consultum
383 2092 433 2132 de
460 2092 634 2133 comitiis
667 2091 951 2133 consularibus
982 2091 1154 2142 faceret,
1192 2100 1400 2147 postremo
1424 2094 1477 2134 L.

123 2153 315 2208 Papirius
335 2153 576 2209 Mugilanus
601 2155 787 2208 proditus
812 2154 990 2195 interrex
1015 2155 1256 2210 castigando
1280 2170 1389 2196 nunc
1407 2149 1484 2210 pass

124 2226 206 2256 tres
232 2230 340 2256 nunc
365 2216 550 2257 tribunos
577 2216 702 2271 plebi,
741 2217 945 2257 desertam
970 2217 1248 2270 omissamque
1273 2218 1324 2259 ab
1349 2218 1480 2259 homi-

124 2277 246 2317 nibus
271 2291 358 2317 rem
381 2278 608 2332 publicam,
646 2279 815 2319 deorum
840 2279 1097 2332 providentia
1128 2293 1306 2332 curaque
1332 2294 1479 2334 excep-

1506 1676 1521 1703 κ1

1506 2106 1523 2136 9

125 2351 220 2388 tam,
248 2339 501 2380 memorabat
520 2339 763 2381 Veientibus
788 2341 955 2381 indutiis
976 2348 1015 2381 et
1034 2341 1290 2382 cunctatione
1309 2340 1479 2395 Aequo-
1502 2352 1505 2353 ’

125 2416 214 2442 rum
242 2409 361 2442 stare.
409 2402 518 2442 unde
545 2402 579 2442 si
603 2402 702 2455 quid
725 2402 953 2457 increparet
977 2403 1161 2452 terroris,
1195 2403 1281 2444 sine
1306 2403 1477 2458 patricio

125 2463 368 2517 magistratu
391 2463 552 2517 placere
570 2478 656 2504 rem
675 2463 884 2518 publicam
908 2465 1106 2519 opprimi?
1135 2479 1217 2505 non
1242 2465 1478 2514 exercitum,

125 2539 207 2565 non
238 2525 386 2565 ducem
418 2525 635 2566 scribendo
672 2526 868 2566 exercitui
904 2527 1020 2567 esse?
1055 2542 1107 2567 an
1143 2526 1251 2568 bello
1286 2527 1479 2568 intestino

125 2587 278 2627 bellum
303 2593 517 2628 externum
541 2588 877 2642 propulsaturos?
915 2603 1020 2641 quae
1048 2588 1082 2629 si
1106 2589 1149 2629 in
1178 2604 1306 2629 unum
1331 2603 1479 2630 conve-

124 2648 256 2698 niant,
294 2649 364 2689 vix
388 2650 558 2691 deorum
589 2650 735 2705 opibus
761 2650 861 2704 quin
891 2649 1086 2691 obruatur
1107 2651 1298 2692 Romana
1326 2665 1392 2692 res
1416 2665 1479 2691 re-

126 2709 214 2751 sisti
238 2725 373 2765 posse.
423 2712 520 2765 quin
552 2712 609 2752 illi
639 2712 883 2753 remittendo
908 2712 959 2752 de
991 2727 1151 2753 summa
1181 2713 1355 2766 quisque
1380 2713 1477 2754 iuris

1506 2417 1543 2445 10

1518 2605 1523 2631 1
1539 2604 1546 2631 l
