1835 3226
302 806 321 834 Σ)

303 1304 319 1332 '¹⁴1

299 1548 319 1579 S

302 1735 319 1764 9

281 1923 320 1951 10

283 2047 317 2076 11

283 2295 319 2322 12

349 186 431 226 022
734 189 886 223 LuffiR
912 191 964 233 x,
990 190 1046 223 ⁶2⁶.
1075 190 1318 233 [21.u.c.459]

348 310 441 336 cum
473 293 521 334 P.
555 292 688 333 Decio
725 300 763 332 ct
801 306 1026 345 numquam
1063 292 1234 332 nimium
1270 291 1450 333 hostium
1487 292 1598 335 fore:
1640 295 1702 336 sin

348 356 506 410 collega
536 353 636 407 quid
666 353 777 394 aliud
807 353 964 403 mallet,
1001 360 1042 395 at
1073 353 1152 395 sibi
1182 354 1235 394 L.
1262 353 1531 395 Volumnium
1562 355 1705 397 darent

348 418 588 458 adiutorem.
649 415 831 456 omnium
868 430 1005 457 rerum
1041 415 1251 457 arbitrium
1289 423 1329 456 et
1365 431 1389 457 a
1418 416 1570 471 populo
1607 424 1647 458 et
1681 433 1706 458 a

348 489 493 520 senatu
517 485 556 518 et
581 476 633 518 ab
664 477 754 531 ipso
786 477 943 532 collega
968 477 1100 518 Fabio
1133 477 1378 532 permissum
1412 487 1485 519 cst.
1540 486 1580 519 et
1611 493 1703 520 cum

346 542 394 582 P.
423 541 580 582 Decius
611 555 655 581 se
686 541 728 581 in
754 540 972 583 Samnium
997 541 1063 582 vel
1093 542 1135 582 in
1159 542 1368 583 Etruriam
1399 543 1604 597 proficisci
1634 558 1706 598 pa-

346 617 480 645 ratum
517 618 608 644 csse
645 604 911 654 ostendisset,
950 611 1061 645 tanta
1096 604 1250 646 laetitia
1280 619 1327 646 ae
1357 604 1578 661 gratulatio
1613 606 1703 655 fuit,

346 674 390 707 ut
415 665 718 720 praeciperetur
736 666 905 707 victoria
925 667 1071 708 animis
1097 667 1424 721 triumphusque,
1444 682 1528 709 non
1551 667 1704 709 bellum

346 729 557 769 decretum
582 727 820 770 consulibus
847 729 1064 770 videi-etm.

432 790 605 831 Invenio
631 790 742 845 apud
766 791 988 845 quosdam,
1017 791 1222 846 extemplo
1247 792 1464 833 consulatu
1487 792 1588 834 inito
1613 807 1706 848 pro·

345 853 476 894 sectos
502 853 543 893 in
568 852 778 894 Etruriam
798 853 974 895 Fabium
993 853 1255 908 Deciumque
1281 855 1367 896 sine
1393 855 1477 896 ulla
1499 855 1705 896 mentione

348 916 468 957 sortis
504 915 806 970 provinciarum
838 917 1189 970 certaminumque
1225 917 1330 958 inter
1366 917 1566 973 collegas,
1599 932 1705 972 quae

347 978 532 1032 exposui.
571 986 665 1018 sunt
685 978 834 1031 quibus
860 993 910 1019 ne
935 978 1037 1020 haec
1062 978 1230 1032 quidem
1255 979 1477 1020 certamina
1501 994 1704 1034 exponere

347 1041 445 1081 satis
483 1039 623 1089 fuerit,
662 1041 882 1082 adiecerint
919 1048 958 1082 et
988 1040 1119 1096 Appii
1155 1041 1456 1083 criminationes
1494 1042 1544 1082 de
1573 1041 1704 1083 Fabio

346 1101 517 1143 absente
543 1102 596 1143 ad
624 1102 823 1157 populum
849 1110 888 1144 et
920 1103 1186 1158 pertinaciam
1217 1103 1415 1145 adversus
1446 1110 1703 1158 praesentem

347 1164 558 1206 consulem
587 1165 787 1219 praetoris
819 1165 1203 1219 contentionemque
1234 1165 1356 1206 aliam
1380 1166 1486 1206 inter
1509 1165 1702 1220 collegas,

347 1227 537 1267 tendente
562 1226 714 1275 Decio,
741 1236 784 1267 ut
811 1242 909 1268 suae
935 1228 1110 1281 quisque
1136 1228 1369 1282 provinciae
1396 1238 1547 1269 sortem
1572 1238 1705 1269 tuere-

347 1296 423 1329 tur.
462 1296 649 1329 constare
675 1303 739 1330 res
765 1289 906 1343 incipit
927 1304 978 1330 ex
997 1304 1046 1330 eo
1071 1296 1266 1344 tempore,
1288 1304 1368 1343 quo
1388 1289 1562 1344 profecti
1581 1289 1703 1330 ambo

347 1350 537 1391 consules
564 1350 615 1391 ad
641 1349 794 1392 bellum
821 1358 927 1392 sunt.

434 1411 628 1453 Ceterum
661 1420 880 1466 antequam
907 1413 1096 1455 eonsules
1128 1413 1170 1453 in
1195 1413 1405 1453 Etruriam
1429 1413 1700 1467 pervenirent,

349 1472 540 1515 Senones
568 1472 680 1515 Galli
710 1474 970 1515 multitudine
1001 1475 1158 1530 ingenti
1189 1475 1242 1516 ad
1268 1474 1458 1516 Clusium
1489 1485 1700 1524 venerunt,

344 1535 550 1591 legionem
581 1535 812 1576 Romanam
844 1544 1059 1590 castraque
1095 1537 1384 1592 oppugnaturi.
1441 1536 1600 1591 Scipio,
1631 1537 1702 1590 qui

346 1598 489 1639 castris
515 1605 713 1653 praeerat,
739 1597 829 1639 loco
854 1599 1131 1639 adiuvandam
1162 1599 1410 1653 paucitatem
1436 1614 1605 1640 suorum
1628 1599 1704 1639 mi-

344 1660 461 1701 litum
498 1668 629 1710 ratus,
666 1661 709 1701 in
745 1661 910 1710 collem,
948 1661 1019 1715 qui
1054 1661 1160 1701 inter
1188 1660 1333 1702 urbem
1364 1668 1404 1701 et
1434 1668 1569 1702 castra.
1604 1668 1701 1710 erat,

346 1723 474 1763 aciem
502 1723 642 1764 erexit.
693 1723 767 1764 sed
792 1732 836 1764 ut
860 1724 903 1764 in
926 1738 969 1764 re
996 1723 1132 1764 subita
1155 1738 1301 1778 parum
1326 1723 1537 1778 explorato
1560 1723 1703 1764 itinere

347 1784 400 1825 ad
431 1785 573 1840 iugum
604 1786 800 1840 perrexit,
833 1786 945 1840 quod
979 1785 1119 1827 hostes
1152 1792 1343 1840 ceperant
1379 1792 1493 1840 parte
1524 1785 1605 1826 alia
1633 1785 1705 1826 ad-

346 1848 491 1902 gressi.
546 1849 601 1890 ita
639 1863 759 1890 caesa
795 1848 846 1890 ab
883 1857 998 1904 tergo
1034 1848 1143 1904 legio
1179 1856 1302 1902 atque
1340 1848 1383 1888 in
1419 1848 1574 1897 medio,
1611 1861 1704 1888 cum

345 1908 475 1951 hostis
503 1911 683 1964 undique
711 1919 886 1966 urgeret,
914 1912 1206 1952 circumventa.
1255 1910 1434 1951 deletam
1459 1924 1623 1963 quoque
1647 1909 1705 1951 ibi

346 1972 570 2028 legionem,
596 1974 652 2015 ita
676 1981 720 2014 ut
745 1974 913 2015 nuntius
937 1989 1020 2015 non
1046 1979 1298 2028 superesset,
1325 1973 1493 2026 quidam
1518 1979 1704 2013 auctores

348 2044 455 2085 sunt,
480 2051 557 2077 nee
583 2043 676 2077 ante
702 2036 755 2077 ad
780 2036 983 2085 consules,
1010 2037 1080 2090 qui
1105 2036 1187 2077 iam
1212 2035 1323 2076 haud
1348 2034 1489 2089 procul
1513 2050 1536 2075 a
1563 2033 1705 2075 Clusio

346 2097 533 2148 aberant,
565 2097 721 2139 famam
753 2099 840 2140 eius
872 2099 999 2140 cladis
1030 2098 1230 2153 perlatam
1261 2112 1387 2151 quam
1415 2097 1458 2137 in
1483 2102 1704 2151 conspeetu

346 2160 461 2202 suere
500 2159 717 2202 Gallorum
761 2161 939 2214 equites,
983 2159 1218 2215 pectoribus
1261 2173 1460 2213 equorum
1503 2172 1705 2212 suspensa

347 2230 557 2278 gestantes
596 2223 731 2277 capita
768 2232 806 2263 ct
842 2223 996 2264 lanceis
1033 2222 1158 2263 infixa
1190 2229 1442 2274 ovantesque
1479 2220 1604 2261 moris
1641 2219 1705 2261 sui

348 2285 539 2326 carmine.
601 2293 695 2325 sunt
732 2285 802 2338 qui
832 2284 1016 2326 Umbros
1053 2284 1201 2332 fuisse,
1240 2299 1322 2324 non
1354 2281 1498 2325 Gallos
1530 2282 1703 2331 tradant,

345 2362 420 2388 nec
446 2355 604 2388 tantum
631 2347 758 2388 cladis
784 2355 998 2401 acceptum
1018 2354 1057 2387 et
1083 2346 1370 2387 circumventis
1395 2343 1705 2400 pabulatoribus

347 2424 441 2450 cum
465 2410 519 2450 L.
546 2409 706 2450 Manlio
734 2409 946 2462 Torquato
970 2409 1108 2464 legato
1137 2406 1376 2462 Scipionem
1400 2414 1704 2462 propraetorem

349 2471 579 2512 subsidium
610 2486 632 2512 e
664 2471 809 2512 castris
847 2470 990 2511 tulisse
1020 2470 1278 2523 victoresque
1310 2469 1493 2511 Umbros
1529 2468 1705 2509 redinte-

347 2546 465 2587 grato
506 2533 660 2588 proelio
702 2534 833 2574 victos
875 2548 966 2574 esse
1010 2532 1276 2587 captivosque
1319 2531 1378 2573 eis
1421 2546 1469 2572 ac
1511 2530 1704 2585 praedam

285 2608 322 2636 13
350 2595 595 2648 ademptam.
640 2595 813 2636 similius
840 2610 936 2636 vcro
962 2601 1036 2642 est,
1063 2610 1087 2635 a
1113 2592 1235 2636 Gallo
1260 2593 1377 2635 hoste
1402 2608 1526 2648 quam
1545 2590 1704 2634 Umbro

349 2670 437 2696 cam
463 2657 621 2697 cladem
647 2664 871 2712 acceptam,
893 2657 1004 2711 quod
1030 2672 1123 2698 cum
1150 2671 1273 2711 saepe
1293 2655 1392 2698 alias
1419 2663 1505 2697 tum
1531 2669 1579 2696 co
1598 2666 1703 2694 anno
