1835 3226
295 449 333 476 11

294 571 332 599 17)

295 694 332 722 113

296 941 332 969 1?

296 1187 334 1217 18

296 1312 333 1341 10

297 1498 338 1527 ‘20

296 1746 334 1774 *21

296 1870 336 1898 ‘22

301 2056 317 2074 .)
324 2057 341 2085 ,3

302 2076 329 2084 --

300 2304 340 2331 et

303 2552 319 2578 ·.’
326 2551 343 2579 Γ)

357 200 440 241 490
661 203 815 239 LIBER
838 202 968 247 VIIII,
993 202 1048 236 43.
1077 205 1126 245 [a.
1141 213 1174 235 u.
1191 213 1219 235 e.
1234 202 1310 235 445.
1325 201 1406 245 449]

358 309 574 351 confestim
600 322 713 348 arma
737 320 883 361 capere
913 305 1037 345 iussis
1068 304 1296 358 raptimque
1327 303 1486 344 eductis
1518 305 1560 344 in
1584 306 1712 345 aciem

357 370 552 412 militibus
579 375 855 409 transversam
879 366 1060 407 hostium
1086 365 1216 406 aciem
1241 371 1362 418 atque
1388 365 1468 406 alio
1493 366 1713 406 certamine

359 441 601 485 occupatam
628 429 801 478 invadit,
828 428 1061 477 clamitans,
1090 441 1297 468 summum
1322 426 1522 481 flagitium
1547 426 1654 475 fore,
1680 427 1714 467 si

358 494 530 535 alterum
561 492 785 533 exercitum
816 491 1028 543 utriusque
1060 489 1252 530 victoriae
1284 495 1500 544 conpotem
1538 489 1716 530 sinerent

358 555 446 596 fieri
469 569 546 595 nee
571 554 623 595 ad
648 568 692 594 se
718 553 781 594 sui
813 552 908 594 belli
933 553 1187 593 vindicarent
1217 551 1358 599 decus,
1406 566 1488 605 qua
1517 552 1715 606 impetum

359 618 526 658 dederat
548 616 774 671 perrumpit
799 615 1011 668 aciemque
1030 629 1104 669 per
1121 614 1298 655 mediam
1317 614 1359 654 in
1384 620 1517 655 castra
1534 614 1715 655 hostium

360 679 488 720 tendit
518 685 558 719 et
588 692 719 718 vacua
749 676 1037 718 defensoribus
1069 676 1177 731 capit
1209 681 1331 729 atque
1362 676 1555 716 incendit.
1610 689 1716 729 quae

360 741 431 782 ubi
466 740 682 795 flagrantia
716 739 957 780 Marcianus
995 739 1111 780 miles
1155 739 1369 792 conspexit
1405 745 1444 779 et
1479 738 1619 779 hostes
1654 752 1717 778 re-

362 817 551 858 spexere,
583 813 670 842 tum
706 802 862 856 passim
899 801 1000 857 fuga
1037 807 1181 855 coepta
1215 799 1462 842 Samnitium
1493 800 1593 841 fieri.
1643 799 1717 840 sed

359 865 495 905 omnia
531 864 689 905 obtinet
724 865 871 904 caedes
909 878 984 904 nec
1019 863 1062 903 in
1098 862 1224 903 ullam
1265 869 1422 916 partem
1459 869 1590 902 tutum
1625 876 1717 916 per-

359 927 519 983 fugium
546 933 620 968 est.
669 927 751 967 iam
783 926 950 980 triginta
979 925 1146 966 milibus
1177 924 1359 965 hostium
1389 924 1520 965 eaesis
1552 924 1717 979 signum

358 989 539 1044 receptui
565 989 754 1030 consules
780 989 989 1037 dederant,
1011 987 1339 1042 colligebantque
1364 988 1406 1027 in
1429 1002 1557 1027 unum
1578 987 1717 1042 copias

358 1051 535 1092 invicem
576 1051 681 1091 inter
722 1065 765 1092 se
802 1057 1030 1106 gratantes,
1074 1065 1168 1090 cum
1210 1056 1377 1104 repente
1418 1050 1533 1090 visae
1573 1048 1716 1104 procul

360 1113 541 1153 hostium
571 1127 702 1153 novae
733 1112 940 1161 cohortes,
973 1126 1078 1165 quae
1109 1112 1152 1152 in
1183 1111 1515 1166 supplementum
1541 1112 1716 1165 scriptae

362 1175 535 1223 fuerant,
562 1175 817 1229 integravere
843 1174 1023 1215 caedem.
1067 1174 1107 1214 in
1134 1188 1236 1227 quas
1262 1188 1337 1214 nec
1361 1174 1478 1214 iussu
1503 1173 1716 1214 consulum

360 1251 437 1277 nec
463 1237 581 1291 signo
607 1242 775 1290 accepto
800 1236 976 1277 victores
1001 1236 1176 1284 vadunt,
1203 1236 1312 1276 malo
1337 1236 1521 1276 tirocinio
1547 1235 1718 1276 inbuen-

362 1299 459 1339 dum
477 1297 705 1338 Samnitem
731 1297 1001 1338 clamitantes.
1052 1297 1266 1351 indulgent
1292 1296 1483 1337 eonsules
1508 1297 1716 1351 legionum

364 1360 509 1408 ardori,
537 1366 578 1400 ut
599 1360 669 1412 qui
695 1359 821 1413 probe
849 1359 1009 1406 scirent,
1036 1373 1189 1399 novum
1215 1358 1383 1398 militem
1408 1358 1589 1399 hostium
1613 1358 1718 1398 inter

362 1422 575 1477 perculsos
607 1422 710 1476 fuga
735 1427 950 1461 veteranos
976 1435 1027 1461 ne
1054 1420 1290 1474 temptando
1316 1420 1480 1472 quidem
1508 1420 1606 1460 satis
1633 1433 1718 1459 cer-

364 1483 507 1524 tamini
543 1483 643 1524 fore.
703 1498 779 1523 nee
816 1497 886 1523 eos
925 1482 1061 1536 opinio
1097 1482 1265 1522 fefellit:
1303 1482 1435 1522 omnis
1469 1480 1717 1522 Samnitium

363 1545 523 1600 copiae,
549 1551 709 1585 veteres
735 1558 966 1597 novaeque,
993 1550 1153 1585 montes
1178 1544 1388 1598 proximos
1413 1543 1514 1597 fuga
1539 1543 1715 1597 capiunt.

363 1622 410 1648 eo
437 1613 474 1647 et
501 1606 689 1647 Romana
714 1606 882 1660 erigitur
907 1606 1033 1654 acics,
1064 1619 1139 1646 nec
1164 1605 1384 1658 quicquam
1410 1605 1508 1646 satis
1534 1605 1609 1645 tuti
1639 1604 1716 1645 loci

362 1669 480 1710 vietis
513 1674 586 1709 est.
635 1675 675 1709 et
705 1668 755 1709 de
786 1667 894 1722 iugis
927 1681 1032 1720 quae
1057 1673 1248 1721 ceperant
1277 1666 1523 1716 funduntur,
1554 1667 1717 1719 iamque

362 1746 445 1771 una
479 1745 581 1771 voce
618 1745 760 1771 omnes
797 1743 942 1784 pacem
978 1728 1183 1783 petebant.
1249 1734 1337 1768 tum
1372 1728 1495 1768 trium
1531 1743 1717 1768 mensum

363 1792 570 1833 frumento
595 1792 794 1846 imperato
820 1797 859 1831 et
885 1805 1021 1831 annuo
1048 1790 1250 1844 stipendio
1276 1804 1323 1830 ae
1349 1789 1521 1844 singulis
1547 1789 1588 1829 in
1613 1789 1718 1828 mili-

366 1862 447 1895 tem
479 1854 626 1895 tunicis
659 1854 711 1894 ad
743 1860 931 1894 senatum
961 1852 1075 1907 pacis
1107 1859 1287 1893 oratores
1318 1851 1446 1892 missi.
1503 1850 1719 1892 Cornelius

364 1917 406 1956 in
439 1916 609 1957 Samnio
644 1915 829 1964 relictus,
867 1914 1052 1955 Marcius
1084 1914 1134 1954 de
1163 1913 1357 1954 Hernicis
1395 1913 1650 1967 triumphans
1680 1913 1721 1953 in

364 1978 509 2020 urbem
534 1978 652 2019 rediit
678 1984 894 2030 statuaque
920 1976 1120 2029 equestris
1146 1976 1188 2015 in
1213 1975 1303 2016 foro
1329 1975 1492 2015 decreta
1517 1981 1591 2024 cst,
1617 1989 1720 2028 quae

368 2047 460 2081 ante
498 2040 698 2094 templum
736 2039 922 2080 Castoris
964 2038 1099 2092 posita
1135 2044 1208 2078 est.
1274 2037 1551 2077 Hernicorum
1592 2035 1721 2077 tribus

368 2102 531 2157 populis
557 2101 796 2150 Aletrinati,
823 2100 1050 2149 Verulano,
1076 2100 1113 2140 F
1115 2099 1346 2148 erentinati‚
1373 2099 1470 2152 quia
1494 2098 1723 2138 maluerunt

366 2180 490 2217 quam
522 2164 748 2213 civitatem,
787 2177 886 2203 suae
921 2162 1035 2217 leges
1066 2161 1248 2202 redditae
1286 2160 1589 2213 conubiumque
1619 2160 1723 2200 inter

366 2228 499 2281 ipsOS,
531 2227 642 2280 quod
673 2225 924 2279 aliquamdiu
950 2224 1026 2264 soli
1051 2223 1326 2264 Hernicorum
1352 2221 1600 2271 habuerunt,
1631 2236 1723 2276 pcr-

367 2290 552 2330 missum.
601 2288 836 2342 Anagninis
867 2287 1019 2340 quique
1051 2301 1164 2327 arma
1188 2285 1387 2326 Romanis
1418 2284 1638 2325 intulerant
1668 2284 1723 2324 ci-

367 2352 472 2392 vitas
523 2351 610 2391 sine
659 2349 846 2404 suffragii
892 2349 1043 2389 latione
1091 2348 1204 2395 data,
1248 2346 1419 2388 concilia
1467 2345 1721 2398 conubiaque

367 2413 559 2467 adempta
584 2419 623 2453 et
647 2410 957 2467 magistratibus
982 2416 1267 2465 praeterquam
1289 2423 1496 2449 sacrorum
1516 2407 1722 2448 curatione

369 2475 642 2515 interdictum.

454 2538 616 2579 Eodem
642 2552 749 2578 anno
775 2536 898 2577 aedes
921 2534 1076 2577 Salutis
1097 2550 1121 2575 a
1141 2533 1189 2575 C.
1205 2533 1325 2574 Iunio
1338 2532 1528 2573 Bubulco
1555 2544 1722 2572 censore

369 2599 503 2640 locata
539 2607 618 2648 est,
657 2614 781 2653 quam
818 2597 962 2639 consul
999 2597 1106 2637 bello
1146 2595 1394 2637 Samnitium
1430 2600 1611 2635 voverat.
1671 2591 1722 2632 ab

372 2660 514 2701 eodem
540 2661 780 2715 collegaque
806 2660 894 2701 eius
914 2658 975 2700 M.
991 2658 1158 2700 Valerio
1177 2657 1366 2698 Maximo
1390 2656 1481 2697 viae
1504 2670 1578 2710 per
1601 2667 1722 2709 agros
