1835 3226
261 613 278 642 9

305 179 389 221 354
600 182 751 217 LIBER
777 180 868 224 vn,
893 179 994 213 3—5.
1022 180 1070 223 [a.
1085 189 1121 214 u.
1139 189 1170 214 c.
1183 178 1260 214 391.
1279 179 1363 224 392]

304 298 447 331 auctor
462 287 632 329 Cincius
653 284 854 325 adfirmat.
898 282 1099 324 Horatius
1119 282 1263 324 consul
1282 297 1331 324 ea
1348 282 1441 338 lege
1466 284 1664 340 templum

305 352 416 392 Iovis
443 348 586 403 optimi
611 346 779 387 maximi
805 345 1011 386 dedicavit
1036 359 1143 385 anno
1167 351 1262 399 post
1285 359 1406 400 reges
1427 354 1614 397 exactos3
1640 363 1665 388 a

305 411 543 454 consulibus
562 416 708 464 postea
727 409 779 449 ad
799 408 1032 457 dictatores,
1059 407 1155 461 quia
1174 407 1307 448 maius
1326 408 1545 462 imperium
1565 416 1663 459 erat,

307 474 503 516 sollemne
535 471 640 512 elavi
671 470 826 526 figendi
857 469 1101 513 translatum
1132 476 1206 510 est.
1256 469 1491 511 intermisso
1517 470 1665 511 deinde

306 551 417 578 more
449 535 577 590 (ligna
607 534 731 575 etiam
755 548 829 588 per
854 547 898 574 se
922 533 1013 574 visa
1036 547 1122 581 res,
1153 539 1321 587 propter
1345 547 1469 586 quam
1493 533 1666 574 dictator

306 604 523 641 crearetur.
572 611 655 650 qua
685 596 735 637 de
767 610 893 636 causa
923 602 1084 637 creatus
1109 594 1162 634 L.
1189 588 1392 644 Manlius,
1424 594 1593 649 perinde
1618 609 1666 636 ao

304 661 362 702 rei
398 659 603 716 gerendae
640 672 689 699 ae
724 673 807 699 non
843 657 1065 698 solvendae
1102 656 1310 711 religionis
1341 656 1475 712 gratia
1505 664 1665 698 creatus

306 730 434 771 esset,
461 721 615 763 bellum
634 720 865 761 Hernicum
887 719 1099 760 adfectans
1126 718 1278 759 dilectu
1303 718 1451 761 acerbo
1476 719 1666 760 iuventu-

307 793 389 826 tem
421 783 594 840 agitavit
624 783 873 836 tandemque
905 780 1095 822 omnibus
1127 781 1169 821 in
1200 796 1295 822 cum
1327 780 1501 822 tribunis
1531 781 1665 836 plebis

307 847 456 889 coortis
483 860 558 888 seu
581 845 621 886 vi
648 860 723 886 seu
747 844 996 885 verecundia
1021 844 1153 884 vietus
1179 843 1382 884 dictatura
1407 842 1518 884 abiit.

392 908 495 949 IIII.
542 907 689 961 Neque
721 921 769 948 eo
800 906 936 946 minus
967 905 1168 961 principio
1199 905 1453 959 insequentis
1486 905 1582 946 anni
1613 904 1665 958 Q.

310 970 486 1014 Servilio
504 969 661 1019 Ahala,
688 969 740 1010 L.
765 967 953 1012 Genucio
973 967 1212 1009 consulibus
1233 968 1320 1008 dies
1340 967 1500 1009 Manlio
1520 967 1669 1009 dieitur

307 1050 331 1075 a.
355 1033 416 1074 M.
443 1032 675 1087 Pomponio
708 1031 871 1073 tribuno
903 1029 1049 1086 plebis.
1098 1029 1300 1071 acerbitas
1332 1030 1374 1070 in
1404 1030 1557 1071 dilectu
1586 1044 1667 1071 non

308 1096 459 1137 damno
485 1095 607 1136 modo
634 1094 804 1143 civium,
833 1094 907 1134 sed
926 1093 1049 1134 etiam
1068 1092 1314 1134 laceratione
1335 1107 1552 1147 corporum
1572 1091 1667 1141 lata,

309 1157 457 1212 partim
489 1156 616 1212 virgis
649 1156 798 1204 caesis,
837 1156 908 1208 qui
939 1155 991 1195 ad
1023 1155 1189 1196 nomina
1225 1169 1309 1195 non
1343 1154 1666 1209 respondissent,

266 1235 283 1261 ;;
309 1219 455 1274 partim
487 1219 529 1258 in
559 1218 721 1258 vincula
753 1217 905 1266 ductis,
944 1217 1077 1258 invisa
1109 1224 1195 1257 erat
1221 1224 1260 1257 et
1285 1224 1378 1257 ante
1405 1217 1539 1258 omnia
1566 1216 1668 1256 invi-

311 1297 401 1322 sum
426 1281 564 1335 ipsum
588 1279 802 1335 ingenium
827 1286 943 1319 atrox
970 1293 1280 1333 cognomenque
1299 1278 1517 1332 Imperiosi
1541 1292 1667 1332 grave

310 1343 460 1384 liberae
487 1342 640 1383 civitati
672 1341 723 1382 ab
755 1341 1025 1382 ostentatione
1059 1341 1252 1381 saevitiae
1284 1340 1505 1388 adscitum,
1543 1355 1666 1392 quam

310 1421 391 1446 non
422 1405 555 1460 magis
586 1405 628 1444 in
658 1404 800 1444 alienis
833 1418 957 1456 quam
987 1403 1030 1443 in
1053 1402 1251 1457 proximis
1278 1416 1325 1442 ae
1352 1402 1551 1457 sangnine
1577 1401 1667 1455 ipso

312 1483 386 1509 suo
417 1474 635 1508 exerceret.
686 1466 926 1519 criminique
958 1465 996 1505 ei
1027 1464 1215 1505 tribunus
1241 1465 1346 1505 inter
1371 1471 1505 1505 cetera
1530 1463 1666 1511 dabat,

311 1530 420 1583 quod
440 1529 569 1570 filium
595 1529 805 1576 iuvenem,
833 1526 985 1567 nullius
1010 1526 1150 1581 probri
1177 1532 1437 1580 conpertum,
1464 1533 1667 1567 extorrem

311 1591 429 1641 urbe,
463 1591 604 1640 domo,
636 1589 874 1644 penatibus,
907 1589 1013 1637 foro,
1047 1589 1156 1637 luce,
1184 1603 1410 1643 congressu
1435 1587 1668 1641 aequalium

310 1653 580 1708 prohibitum,
618 1652 660 1692 in
691 1667 794 1706 opus
827 1651 993 1699 servile,
1031 1665 1158 1704 prope
1183 1650 1226 1690 in
1251 1664 1455 1690 carcerem
1480 1660 1602 1702 atque
1628 1650 1669 1689 in

311 1715 564 1771 ergastulum
607 1714 782 1763 dederit,
826 1712 898 1753 ubi
941 1727 1104 1753 summo
1146 1711 1237 1752 loco
1273 1718 1394 1752 natus
1431 1711 1668 1751 dictatorius

311 1778 470 1819 iuvenis
491 1777 696 1818 cotidiana
717 1776 883 1817 miseria
901 1775 1090 1824 disceret,
1117 1788 1213 1815 vere
1232 1773 1461 1828 Imperioso
1486 1779 1599 1827 patre
1625 1787 1669 1813 se

311 1849 452 1881 natum
483 1854 587 1880 esse.
638 1845 679 1880 at
709 1853 834 1892 quam
865 1837 917 1879 ob
942 1836 1120 1878 noxam?
1150 1836 1246 1890 quia
1270 1835 1530 1876 infacundior
1555 1834 1607 1875 sit
1631 1841 1671 1875 et

279 1920 284 1941 ·.
311 1902 451 1957 lingua
477 1902 749 1956 inpromptus.
787 1900 898 1954 quod
918 1907 1085 1940 naturae
1106 1899 1303 1939 damnum
1329 1904 1466 1938 utrum
1490 1896 1671 1937 nutrien-

311 1965 409 2005 dum
435 1964 559 2019 patri,
587 1964 620 2005 si
647 1963 868 2017 quicquam
893 1963 935 2003 in
961 1977 1009 2003 eo
1034 1961 1204 2002 humani
1229 1966 1356 2009 esset,
1389 1975 1441 2000 an
1466 1959 1672 2015 castigan-

312 2027 409 2067 dum
447 2041 495 2068 ae
530 2027 747 2067 vexatione
785 2025 948 2080 insigne
985 2023 1222 2065 faciendum
1257 2022 1413 2063 fuisse?
1453 2036 1504 2062 ne
1535 2027 1671 2062 mutas

311 2089 479 2142 quidem
515 2087 670 2130 bestias
706 2087 842 2128 minus
879 2087 986 2127 alere
1023 2100 1072 2127 ae
1102 2085 1262 2134 fovere,
1301 2084 1335 2124 si
1366 2083 1462 2136 quid
1497 2097 1548 2123 cx
1578 2097 1672 2137 pro-

270 2167 283 2194 ῖ
311 2151 430 2206 genie
463 2165 538 2191 sua
567 2165 713 2205 parum
743 2163 988 2204 prosperum
1020 2148 1083 2189 sit.
1132 2154 1173 2188 at
1197 2145 1362 2187 hercule
1386 2145 1439 2185 L.
1465 2144 1671 2185 Manlium

314 2213 466 2254 malum
491 2213 599 2254 malo
625 2227 777 2267 augere
803 2211 875 2252 filii
900 2218 940 2252 ct
964 2211 1197 2251 tarditatem
1221 2208 1376 2264 ingenii
1395 2208 1562 2262 insuper
1580 2221 1672 2262 pre-

314 2291 422 2316 mere
455 2283 513 2325 et,
553 2275 587 2316 si
618 2275 717 2329 quid
747 2275 789 2315 in
820 2289 868 2315 eo
900 2273 1096 2328 exiguum
1125 2272 1321 2313 naturalis
1346 2270 1500 2325 vigoris
1528 2269 1597 2317 sit,
1629 2268 1672 2308 id

313 2339 574 2393 exstinguere
616 2338 702 2378 vita
743 2336 895 2392 agresti
938 2343 977 2376 et
1014 2335 1167 2376 rustico
1203 2333 1316 2375 cultu
1352 2333 1457 2373 inter
1490 2330 1670 2387 pecudes

316 2400 515 2442 habendo.

400 2463 451 2504 V.
503 2462 704 2504 Omnium
737 2462 873 2517 potius
906 2461 969 2502 his
1002 2458 1353 2501 criminationibus
1385 2472 1510 2511 quam
1542 2455 1672 2511 ipsius

315 2525 472 2566 invenis
505 2525 691 2566 inritatus
724 2532 786 2565 cst
817 2524 998 2566 animus:
1035 2523 1135 2576 quin
1166 2531 1308 2563 contra
1339 2535 1382 2561 se
1414 2533 1577 2573 quoque
1601 2532 1673 2572 pa-

315 2587 416 2627 renti
448 2602 615 2629 eausam
645 2587 823 2628 invidiae
855 2594 977 2640 atque
1003 2585 1218 2626 criminum
1245 2597 1336 2625 esse
1361 2596 1483 2638 aegre
1508 2593 1671 2635 passm,

273 2663 289 2687 ·.›
319 2656 357 2688 ut
391 2665 532 2690 omncs
565 2651 620 2691 dii
651 2650 921 2703 hominesque
949 2649 1116 2697 scirent,
1150 2662 1194 2688 se
1219 2645 1376 2701 parenti
1403 2659 1521 2699 opem
1547 2643 1671 2684 latam
