1780 3204
534 226 688 261 LIBER
711 227 766 272 x,
785 225 817 260 5.
845 228 893 269 [a.
907 225 946 261 0.
962 224 1079 269 302s1]
1422 214 1506 255 499

151 332 388 375 concitatior
413 331 604 373 accidens
630 331 784 372 clamor
807 329 859 371 ab
884 330 1137 370 increscente
1162 328 1397 369 certamine.
1440 342 1508 368 ur-
1534 341 1552 371 3

150 402 249 450 gent
283 395 420 448 itaque
457 393 525 434 alii
561 393 662 434 alios
703 392 999 445 hortanturque
1035 390 1274 446 signiferos,
1311 397 1357 431 ut
1393 389 1507 431 ocius

152 464 257 498 cant.
306 471 387 510 quo
417 455 550 511 magis
581 455 823 496 festinantes
855 454 967 495 videt
997 453 1186 502 dictator,
1220 467 1268 494 eo
1293 452 1507 507 inpensius

151 524 325 559 retentat
355 532 504 572 agmen
529 531 577 558 ac
602 517 755 558 sensim
784 516 972 557 incedere
996 514 1122 555 iubet.
1170 514 1339 555 Etrusci
1369 520 1509 554 contra
1535 527 1550 555 4

151 579 352 634 principio
378 579 501 620 exciti
524 593 689 634 pugnae
715 577 905 619 omnibus
937 577 1065 632 copiis
1091 577 1272 617 aderant.
1294 600 1297 602 ·
1321 583 1361 617 et
1386 590 1509 631 super

153 642 254 683 alios
286 641 355 682 alii
384 641 573 681 nuntiant
604 640 809 689 dictatori,
844 654 987 681 omnes
1023 639 1207 694 legiones
1237 638 1509 680 Etruscorum

154 703 384 758 capessisse
408 717 593 757 pugnam
618 717 693 743 nec
717 703 800 742 iam
826 701 877 743 ab
903 702 988 743 suis
1013 701 1150 742 resisti
1172 715 1315 756 posse3
1352 706 1392 741 et
1420 700 1509 754 ipse

155 765 282 806 cernit
307 779 358 806 ex
384 764 591 819 superiore
615 764 723 813 loco,
755 764 798 804 in
822 770 975 818 quanto
1001 763 1236 804 discrimine
1259 762 1511 817 praesidium

155 834 276 868 esset.
331 833 513 867 ceterum
544 826 642 867 satis
680 826 828 876 fretus,
866 840 958 867 esse
995 825 1119 866 etiam
1153 838 1264 865 nunc
1299 824 1510 865 tolerando

156 888 367 929 certamini
389 888 573 943 legatum
597 903 673 929 nec
692 903 735 929 se
755 887 898 943 procul
923 887 1071 929 abesse
1094 887 1266 942 periculi
1289 886 1508 935 vindicem,

154 965 280 1004 quam
308 950 487 991 maxime
517 950 604 991 vult
634 950 800 1006 fatigari
829 950 1007 999 hostem,
1039 955 1085 990 ut
1108 948 1278 1004 integris
1304 948 1512 990 adoriatur

154 1012 310 1054 viribus
335 1012 482 1054 fessos.
520 1027 770 1066 quamquam
794 1012 901 1053 lente
925 1012 1164 1066 procedunt,
1190 1011 1273 1051 iam
1298 1016 1435 1051 tamen
1460 1009 1513 1050 ad

154 1075 339 1128 inpetum
364 1074 625 1128 capiundum,
646 1073 772 1127 equiti
797 1073 950 1126 utique,
976 1073 1185 1113 modicum
1210 1078 1295 1112 erat
1321 1071 1511 1126 spatium.

154 1137 286 1191 prima
309 1135 554 1176 incedebant
585 1136 703 1189 signa
732 1135 960 1189 legionum,
993 1148 1044 1175 ne
1076 1133 1175 1186 quid
1206 1132 1412 1173 occultum
1443 1139 1514 1172 aut

154 1198 413 1252 repentinum
442 1197 571 1238 hostis
603 1198 780 1245 timeret,
814 1196 888 1236 scd
917 1196 1136 1248 reliquerat
1165 1194 1380 1235 intervalla
1409 1193 1515 1234 inter

155 1260 316 1300 ordines
340 1259 542 1314 peditum,
575 1273 656 1312 qua
681 1258 779 1299 satis
804 1257 905 1298 laxo
933 1257 1065 1311 spatio
1091 1256 1185 1310 equi
1214 1255 1394 1310 permitti
1419 1270 1514 1309 pos-

157 1328 259 1361 sent.
307 1320 459 1374 pariter
491 1319 656 1361 sustulit
687 1319 909 1360 clamorem
940 1318 1069 1367 acies3
1107 1324 1147 1358 et
1179 1317 1354 1358 emissus
1387 1331 1513 1370 eques
1542 1332 1556 1360 ῖ

153 1382 282 1424 libero
308 1396 431 1422 cursu
454 1381 495 1422 in
520 1381 682 1423 hostem
707 1381 914 1422 invehitur
937 1380 1289 1435 inconpositisque
1314 1379 1513 1420 adversus

155 1450 387 1498 equestrem
411 1444 635 1498 procellam
661 1443 843 1485 subitum
868 1457 1066 1498 pavorem
1087 1442 1274 1483 offundit.
1312 1441 1450 1494 itaque
1469 1447 1514 1481 ut

155 1521 281 1561 prope
314 1521 451 1547 serum
482 1506 681 1547 auxilium
711 1506 795 1546 iam
825 1520 956 1560 paene
987 1503 1294 1552 circumventis,
1332 1503 1388 1543 ita
1425 1503 1515 1543 uni-

156 1583 277 1609 versa
300 1568 462 1622 requies
489 1568 584 1608 data
609 1574 682 1609 est.
732 1568 881 1623 integri
906 1581 1100 1621 accepere
1130 1580 1332 1620 pugnam,
1364 1579 1441 1605 nec
1466 1579 1515 1605 ea

155 1629 246 1684 ipsa
274 1629 399 1684 longa
429 1636 500 1670 aut
535 1644 686 1684 anceps
719 1629 808 1670 fuit.
869 1628 954 1670 fusi
988 1628 1130 1669 hostes
1162 1633 1296 1668 castra
1325 1633 1514 1681 repetunt

155 1691 510 1745 inferentibusque
540 1691 624 1732 iam
655 1691 773 1746 signa
797 1690 997 1732 Romanis
1024 1690 1173 1730 cedunt
1198 1695 1237 1729 et
1261 1689 1304 1729 in
1328 1688 1513 1729 ultimam

158 1759 384 1794 castrorum
408 1759 566 1807 partem
592 1752 902 1808 conglobantur.
951 1752 1120 1793 haerent
1144 1751 1351 1805 fugientes
1376 1750 1419 1791 in
1443 1766 1514 1791 an-

158 1814 306 1869 gustiis
336 1821 564 1869 portarum:
602 1829 697 1868 pars
730 1829 882 1868 magna
918 1828 1115 1868 aggerem
1146 1813 1381 1866 vallumque
1418 1827 1515 1853 con-

160 1877 336 1925 scendit,
375 1876 410 1917 si
440 1883 509 1917 aut
541 1891 592 1917 ex
623 1876 832 1930 superiore
867 1876 958 1917 loco
995 1876 1098 1916 tueri
1135 1890 1178 1916 se
1215 1881 1285 1916 aut
1321 1889 1514 1930 superare

160 1940 297 1992 aliqua
321 1944 361 1979 et
385 1938 558 1979 evadere
585 1945 737 1992 posset.
787 1938 892 1979 forte
917 1938 1096 1992 quodam
1119 1938 1211 1979 loeo
1237 1938 1342 1978 male
1368 1938 1516 1978 densa-

161 2008 225 2041 tus
264 2015 392 2056 agger
430 2001 611 2054 pondere
649 2001 972 2055 superstantium
1008 2001 1049 2041 in
1084 2000 1243 2041 fossam
1278 1999 1513 2054 procubuit3

161 2069 282 2116 atque
313 2077 378 2112 ea,
411 2077 504 2103 cum
536 2063 634 2103 deos
665 2063 844 2117 pandere
877 2063 985 2103 viam
1016 2062 1141 2118 fugae
1173 2062 1512 2114 conclamassent,

161 2125 298 2179 plures
324 2124 499 2165 inermes
525 2139 649 2178 quam
674 2125 819 2165 armati
845 2125 1036 2165 evadunt.
1079 2125 1157 2165 hoc
1181 2124 1335 2179 proelio
1360 2124 1514 2165 fractae
1563 2138 1570 2149 ⁴

161 2187 309 2227 iterum
339 2186 611 2228 Etruscorum
648 2187 780 2235 vires3
825 2193 863 2227 et
899 2193 1020 2241 pacto
1058 2202 1194 2227 annuo
1238 2186 1439 2241 stipendio
1476 2192 1516 2226 et

162 2249 289 2289 duum
320 2263 508 2290 mensum
538 2249 743 2290 frumento
773 2249 1022 2303 permissum
1052 2249 1104 2290 ab
1136 2249 1351 2297 dictatore,
1388 2254 1434 2289 ut
1463 2248 1514 2289 de

162 2325 262 2366 pace
287 2311 446 2366 legatos
466 2311 673 2352 mitterent
685 2311 874 2352 Romam.
911 2327 993 2366 pax
1012 2319 1174 2367 negata,
1196 2311 1376 2351 indutiae
1401 2310 1515 2351 bicn-
1570 2324 1581 2352 ἲ

162 2373 218 2413 nii
248 2372 380 2413 datae.
441 2373 613 2414 dictator
647 2373 903 2428 triumphans
939 2374 982 2414 in
1016 2373 1161 2414 urbem
1196 2373 1328 2414 rediit.
1382 2371 1515 2413 habeo

163 2441 369 2484 auctores,
402 2435 489 2476 sine
514 2435 597 2476 ullo
622 2434 877 2476 memorabili
907 2435 1062 2490 proelio
1092 2442 1281 2489 pacatam
1312 2433 1363 2475 ab
1389 2434 1531 2474 dicta-⁷

163 2504 249 2538 tore
272 2497 482 2538 Etruriam
508 2512 599 2538 esse
625 2497 893 2538 seditionibus
924 2496 1083 2538 tantum
1107 2497 1395 2538 Arretinorum
1420 2511 1516 2537 con-

163 2559 306 2613 positis
339 2565 377 2600 et
411 2558 546 2600 Cilnio
582 2573 732 2614 genere
770 2574 863 2600 cum
899 2558 1019 2613 plebe
1050 2560 1091 2599 in
1122 2559 1298 2614 gratiam
1332 2558 1513 2598 reducto.

164 2621 308 2662 consul
344 2635 396 2662 ex
431 2621 633 2662 dictatura
669 2620 804 2662 factus
840 2621 902 2662 M.
929 2621 1134 2663 Valerius.
1189 2636 1274 2662 non
1308 2626 1515 2675 petentem

164 2689 285 2737 atque
311 2683 415 2724 adeo
440 2683 561 2724 etiam
588 2683 801 2725 absentem
833 2690 1014 2725 creatum
1047 2683 1253 2725 credidere
1285 2682 1450 2737 quidam
1476 2688 1515 2722 et

1224 2749 1290 2782 32*

1544 1764 1582 1792 10

1542 1951 1579 1978 11

1543 2634 1582 2663 14
