1780 3204
431 198 587 233 le'ER
611 198 665 232 111
679 225 685 242 ‚
714 202 743 232 s.
767 200 798 232 υ.
829 200 876 240 [a.
893 197 930 230 c.
945 196 1021 230 463.
1041 195 1124 239 Μ]
1375 185 1455 225 133

102 305 298 347 tredecim
340 304 451 344 milia
492 302 814 357 quadringentos
863 299 1123 355 septuaginta
1171 298 1369 340 cecidisse
1416 297 1455 338 in

101 367 188 408 acie
220 381 267 407 ac
298 365 416 421 fuga,
454 364 564 405 mille
607 378 654 404 ac
686 371 850 404 centum
881 361 1179 416 quinquaginta
1210 360 1326 401 vivos
1363 373 1458 414 cap-

102 436 184 479 tos,
223 429 342 483 signa
373 427 518 482 viginti
550 433 707 480 septem
744 424 934 465 militaria
969 423 1097 464 relata
1132 423 1173 462 in
1209 421 1458 475 quibusdam

102 490 318 532 annalibus
350 490 532 538 invenio,
571 488 642 529 ubi
673 488 750 529 etsi
781 487 985 528 adiectum
1017 485 1171 539 aliquid
1195 499 1365 526 numero
1391 484 1455 533 sit,

102 568 252 608 magna
288 558 396 593 certe
433 551 579 592 caedes
616 550 706 590 fuit.
761 549 890 590 victor
920 547 1082 597 consul,
1119 547 1276 602 ingenti
1305 546 1458 601 praeda

102 616 272 669 potitus,
300 614 445 655 eodem
469 613 511 654 in
537 612 685 653 stativa
708 611 838 652 rediit.
877 617 965 650 tum
990 609 1178 650 consules
1205 615 1339 650 castra
1364 622 1459 648 con-

99 677 276 732 iungunt
301 682 341 716 et
365 674 509 716 Volsci
532 674 752 727 Aequique
778 672 962 714 adflictas
994 671 1102 712 vires
1133 685 1229 711 suas
1259 670 1301 710 in
1332 684 1459 710 unum

102 738 323 779 contulere.
373 737 491 777 tertia
515 736 585 777 illa
609 750 750 790 pugna
775 750 824 776 eo
849 748 956 775 anno
986 733 1082 782 fuit,
1120 733 1265 774 eadem
1295 731 1460 773 fortuna

103 801 316 842 victoriam
342 800 471 840 dedit:
503 798 608 839 fusis
633 797 822 839 hostibus
848 796 970 837 etiam
997 801 1131 836 castra
1156 801 1287 849 capta.

185 862 332 904 VHH.
378 860 448 903 Sic
472 876 537 902 res
557 860 746 901 Romana
769 860 812 900 in
837 858 1051 912 antiquum
1076 864 1228 898 statum
1251 857 1370 898 rediit
1396 871 1459 897 se-

102 925 342 978 cundaeque
367 923 463 964 belli
486 937 552 964 res
578 921 783 976 extemplo
808 920 988 962 urbanos
1009 926 1143 960 motus
1163 919 1455 960 excitaverunt.

103 987 151 1028 C.
168 986 415 1028 Terentilius
429 986 570 1027 Harsa
589 984 777 1025 tribunus
795 982 927 1038 plebis
948 996 995 1023 eo
1021 995 1130 1022 anno
1154 981 1244 1021 fuit.
1281 981 1335 1029 is,
1362 995 1458 1021 con-

103 1049 259 1091 sulibus
280 1048 518 1090 absentibus
539 1054 651 1088 ratus
665 1047 801 1088 locum
815 1044 1041 1086 tribuniciis
1058 1043 1288 1084 actionibus
1303 1043 1457 1091 datum,

101 1126 173 1166 per
197 1111 351 1164 aliquot
376 1110 463 1150 dics
488 1116 651 1164 patrum
677 1106 911 1162 superbiam
936 1105 989 1146 ad
1012 1104 1176 1159 plebem
1207 1104 1457 1153 criminatus,

100 1173 277 1213 maxime
313 1172 355 1212 in
391 1171 606 1212 consulare
642 1169 860 1224 imperium
924 1174 1135 1220 tamquam
1171 1166 1345 1206 nimium
1382 1180 1458 1206 nec

103 1234 312 1275 tolerabile
336 1233 488 1274 liberae
514 1232 668 1273 civitati
711 1229 994 1271 invehebatur.
1043 1228 1210 1268 nomine
1235 1229 1343 1269 enim
1369 1234 1458 1268 tan-
1485 1242 1490 1250 ·

100 1303 186 1336 tum
217 1296 352 1336 minus
385 1295 655 1344 invidiosum,
691 1308 735 1334 re
764 1293 856 1348 ipsa
884 1306 1013 1347 prope
1043 1290 1221 1332 atrocius
1246 1304 1372 1344 quam
1396 1305 1459 1331 rc-

99 1358 212 1413 gium
244 1372 354 1399 esse:
391 1357 542 1412 quippe
578 1357 683 1397 duos
720 1370 794 1410 pro
831 1369 914 1395 uno
951 1353 1118 1395 domino
1150 1359 1360 1408 acceptos,
1398 1352 1458 1393 in-

100 1420 320 1468 moderata,
346 1419 504 1460 infinita
523 1425 739 1474 potestate,
765 1417 849 1470 qui,
876 1416 997 1458 soluti
1017 1422 1140 1469 atque
1159 1415 1346 1456 effrenati
1364 1415 1456 1469 ipsi,

98 1482 230 1523 omnis
260 1488 394 1522 metus
424 1481 566 1537 legum
597 1480 816 1534 omniaque
848 1478 1050 1534 supplicia
1078 1484 1284 1519 verterent
1307 1478 1348 1518 in
1373 1477 1459 1531 ple-

101 1543 207 1585 bem.
257 1558 363 1597 quae
387 1558 439 1584 ne
464 1550 629 1584 aeterna
653 1542 733 1584 illis
758 1541 924 1583 licentia
949 1541 1019 1590 sit,
1045 1540 1181 1595 legem
1207 1555 1251 1580 se
1277 1538 1458 1594 promul-

99 1612 309 1661 gaturum,
335 1612 380 1646 ut
404 1605 585 1658 quinque
610 1605 686 1645 viri
712 1610 900 1645 creentur
918 1602 1081 1657 legibus
1101 1602 1151 1643 de
1171 1601 1343 1655 imperio
1362 1615 1459 1641 con-

101 1667 227 1708 sulari
252 1667 496 1717 scribendis3
522 1667 633 1721 quod
657 1666 835 1721 populus
860 1665 903 1705 in
929 1679 972 1706 se
996 1664 1061 1704 ius
1088 1663 1262 1712 dederit,
1289 1677 1337 1703 eo
1363 1677 1459 1703 con-

101 1729 233 1770 sulem
251 1743 441 1778 usurum,
467 1743 550 1770 non
566 1729 680 1783 ipsos
699 1727 912 1768 libidinem
937 1740 984 1766 ac
1009 1725 1216 1766 licentiam
1243 1739 1360 1765 suam
1384 1737 1458 1777 pro

103 1791 192 1846 lege
218 1790 443 1832 habituros.

187 1851 283 1905 Qua
306 1852 567 1907 promulgata
590 1851 682 1906 lege
708 1865 802 1892 cum
828 1851 1018 1891 timerent
1042 1859 1199 1904 patres,
1231 1862 1283 1889 ne
1308 1847 1456 1889 absen-

103 1914 210 1956 tibus
249 1914 485 1955 consulibus
522 1913 667 1968 iugum
703 1913 953 1967 acciperent,
992 1917 1158 1953 senatus
1190 1926 1214 1951 a
1248 1909 1457 1965 praefecto

104 1976 214 2017 urbis
243 1975 295 2029 Q.
320 1975 452 2017 Fabio
482 1982 670 2023 vocatur,
701 1974 770 2027 qui
796 1974 900 2015 adeo
925 1973 1114 2014 atrociter
1137 1973 1180 2012 in
1203 1971 1458 2027 rogationem

103 2038 356 2091 latoremque
380 2038 517 2092 ipsum
543 2045 605 2077 est
623 2036 829 2085 invectus,
858 2042 900 2075 ut
918 2034 1038 2084 nihil,
1066 2034 1100 2075 si
1119 2033 1241 2075 ambo
1266 2033 1457 2075 consules

101 2099 241 2140 infesti
271 2100 581 2140 circumstarent
610 2097 837 2147 tribunum,
873 2097 1060 2138 relictum
1096 2096 1300 2137 minarum
1336 2102 1477 2149 atque·

101 2161 265 2201 terroris
286 2161 356 2201 sit:
381 2160 620 2201 insidiatum
638 2174 734 2200 eum
752 2165 792 2200 et
811 2166 993 2213 tempore
1013 2164 1132 2212 capto
1158 2158 1345 2198 adortum
1371 2171 1456 2198 rem

101 2221 328 2276 publicam,
356 2222 390 2262 si
408 2236 531 2275 quem
551 2221 726 2262 similem
745 2221 832 2262 eius
850 2220 984 2275 priore
1009 2234 1116 2261 anno
1140 2219 1246 2260 inter
1268 2218 1456 2260 morbum

102 2283 337 2337 bellumque
361 2284 452 2324 irati
477 2284 533 2324 dii
557 2282 766 2324 tribunum
792 2283 1018 2332 dedissent,
1044 2296 1128 2323 non
1145 2281 1330 2336 potuisse
1350 2281 1456 2322 sisti:

102 2345 271 2386 mortuis
297 2344 460 2386 duobus
486 2344 736 2394 consulibus,
762 2345 920 2385 iacente
944 2358 1069 2398 aegra
1093 2343 1269 2393 civitate,
1294 2342 1338 2383 in
1361 2357 1458 2383 con-

101 2406 265 2447 luvione
289 2407 472 2447 omnium
489 2421 626 2447 rerum
644 2406 698 2447 ad
715 2406 940 2447 tollendum
958 2405 1017 2446 rei
1034 2404 1224 2459 publicae
1243 2403 1457 2445 consulare

101 2468 319 2523 imperium
343 2469 523 2510 laturum
548 2468 663 2524 leges
688 2468 837 2517 fuisse,
864 2467 1011 2508 ducem
1029 2466 1196 2508 Volscis
1212 2466 1456 2520 Aequisque

100 2530 151 2571 ad
178 2532 497 2585 oppugnandam
523 2530 668 2572 urbem
692 2529 889 2571 futurum.
937 2528 1036 2583 quid
1061 2528 1251 2569 tandem?
1285 2528 1343 2569 illi
1373 2543 1455 2569 non

100 2592 239 2643 licere,
279 2594 313 2634 si
343 2593 442 2647 quid
473 2593 663 2634 consules
695 2592 870 2647 superbe
905 2592 946 2632 in
983 2591 1161 2644 aliquem
1198 2590 1348 2632 civium
1385 2597 1455 2631 aut

100 2656 317 2697 crudeliter
341 2656 527 2706 fecerint,
561 2655 668 2696 diem
695 2654 847 2703 dicere,
881 2667 1073 2695 accusare
1099 2653 1147 2694 iis
1180 2653 1280 2706 ipsis
1312 2653 1455 2694 iudici-

1487 559 1518 586 ll

1489 872 1498 898 l

1485 993 1502 1020 2

1485 1242 1501 1269 ὁ

1486 1366 1502 1393 4

1484 1553 1502 1580 ὁ
