1835 3226
343 238 420 279 126
644 241 797 275 11111011
822 238 897 282 111,
924 239 955 271 1.
974 239 1005 272 2.
1036 240 1393 284 [a.11.e.<.>s?-=29‹]]

339 355 451 390 norat
480 371 531 375 -
557 358 700 399 pacem
726 342 879 396 petiere
904 342 1149 395 inritamque
1175 356 1266 382 eam
1290 342 1371 396 ipsi
1397 342 1534 384 subita
1562 344 1696 385 incur-

341 410 453 450 sione
479 407 521 447 in
545 420 691 461 agrum
716 404 916 444 Latinum
941 403 1089 444 fecere.

423 469 481 510 Π.
532 467 584 520 Q.
614 466 815 508 Servilius
840 465 1076 519 insequenti
1100 480 1208 506 anno
1235 491 1288 495 —
1312 466 1349 506 is
1376 466 1484 506 enim
1509 480 1602 506 eum
1625 465 1697 522 Sp.

338 530 553 574 Postumio
579 528 722 569 consul
747 527 825 568 fuit
844 553 897 557 —
916 528 958 567 in
977 526 1150 580 Aequos
1175 527 1341 577 missus,
1367 528 1410 568 in
1429 527 1582 568 Latino
1603 543 1700 583 agro

341 594 489 636 stativa
513 591 670 632 habuit.
729 590 875 631 eastris
902 589 1019 643 quies
1045 590 1279 631 necessaria
1303 590 1447 631 morbo
1472 590 1701 644 inplicitum

341 655 566 697 exereitum
591 653 732 694 tenuit.
771 658 1000 693 extractum
1024 652 1067 692 in
1091 652 1256 693 tertium
1274 668 1428 693 annum
1453 652 1606 693 bellum
1639 659 1701 693 est

344 718 396 770 Q.
428 716 559 757 Fabio
591 722 631 756 et
662 715 712 755 T.
747 713 942 767 Quinctio
974 714 1226 755 consulibus.
1287 713 1419 755 Fabio
1451 721 1566 755 extra
1596 713 1703 755 ordi-

341 795 454 829 nem,
492 778 588 832 quia
612 778 647 818 is
672 777 803 818 victor
826 791 972 831 pacem
995 776 1158 830 Aequis
1191 776 1376 826 dederat,
1415 791 1464 817 ea
1493 776 1704 831 provincia

299 857 316 885 :J
343 843 456 891 data,
494 840 565 894 qui
589 839 700 880 haud
725 838 851 880 dubia
877 853 949 893 spe
980 838 1190 893 profectus
1222 845 1302 888 est,
1340 838 1495 879 famam
1525 837 1702 879 nominis

284 2155 322 2183 10

286 2465 319 2492 11

288 2710 325 2738 12

345 906 407 946 5111
432 911 672 959 pacaturam
697 902 883 955 Aequos.
932 902 1091 957 legatos
1116 901 1160 942 in
1190 901 1407 942 concilium
1441 901 1575 956 gentis
1606 899 1704 941 mis-

344 982 411 1008 sos
448 965 636 1006 nuntiare
672 964 810 1013 iussit,
850 962 902 1015 Q.
934 963 1112 1004 Fabium
1143 963 1356 1004 consulem
1386 962 1540 1011 dicere,
1578 976 1622 1003 se
1653 975 1704 1002 ex

343 1028 504 1081 Aequis
535 1041 681 1082 pacem
706 1026 885 1066 Romam
915 1025 1078 1075 tulisse,
1116 1024 1168 1066 ab
1193 1025 1329 1066 Roma
1357 1023 1519 1077 Aequis
1551 1023 1704 1065 bellum

344 1090 505 1131 adferre
536 1089 681 1129 eadem
711 1088 856 1128 dextra
886 1093 1060 1136 armata,
1099 1101 1223 1141 quam
1253 1092 1444 1141 pacatam
1474 1086 1554 1126 illis
1586 1091 1706 1126 antea

345 1151 523 1192 dederat.
579 1164 753 1203 quorum
783 1149 826 1188 id
855 1149 1027 1203 perfidia
1058 1155 1097 1189 01
1126 1148 1304 1202 periurio
1339 1148 1428 1197 fiat,
1466 1147 1565 1188 deos
1597 1160 1704 1187 nune

345 1219 470 1254 testes
502 1226 612 1261 0550,
650 1226 747 1251 mox
777 1210 865 1251 fore
897 1210 1070 1260 ultores,
1110 1225 1154 1251 se
1191 1217 1346 1260 tamen,
1384 1218 1608 1263 utcumque
1640 1209 1703 1257 sit,

345 1275 467 1315 etiam
497 1288 606 1314 nunc
637 1272 845 1327 paenitere
878 1287 952 1312 sua
984 1278 1128 1326 sponte
1158 1270 1331 1326 Aequos
1364 1287 1488 1325 quam
1517 1271 1602 1326 pati
1632 1271 1705 1311 ho-

347 1336 453 1378 stilia
478 1335 611 1376 malle.
645 1335 679 1375 si
699 1334 915 1388 paeniteat,
942 1340 1074 1374 tutum
1094 1341 1304 1388 receptum
1324 1335 1376 1375 ad
1396 1341 1605 1388 expertam
1627 1333 1706 1374 cle-

345 1398 539 1439 mentiam
559 1397 659 1446 fore,
687 1397 749 1437 sin
768 1396 946 1450 periurio
965 1396 1185 1452 gaudeant,
1212 1396 1274 1437 dis
1295 1396 1427 1450 magis
1448 1395 1559 1436 iratis
1581 1410 1704 1448 quam

346 1459 534 1501 hostibus
559 1465 749 1514 gesturos
775 1458 940 1499 bellum.
979 1459 1081 1499 haec
1106 1458 1214 1499 dicta
1239 1458 1342 1499 adeo
1366 1457 1466 1497 nihil
1491 1464 1707 1497 moverunt

347 1536 615 1575 quemquam,
652 1527 698 1561 ut
727 1520 852 1575 legati
888 1535 1015 1575 prope
1052 1520 1192 1561 violati
1231 1520 1311 1561 sint
1349 1519 1633 1572 exercitusque
1663 1519 1707 1559 in

347 1583 549 1638 Algidum
587 1583 784 1624 adversus
816 1583 1028 1624 Romanos
1064 1583 1230 1624 missus.
1287 1597 1391 1636 quae
1427 1581 1499 1623 ubi
1528 1581 1705 1622 Romam

348 1652 442 1686 sunt
466 1645 669 1694 nuntiata,
706 1645 930 1699 indignitas
955 1645 1014 1684 rei
1038 1644 1171 1699 magis
1197 1659 1322 1697 quam
1352 1644 1580 1698 periculum
1611 1657 1706 1684 con-

348 1707 480 1747 sulem
505 1707 676 1747 alterum
703 1706 755 1746 ab
781 1706 882 1746 urbe
909 1706 1070 1746 excivit.
1708 1746 1712 1750 ,

432 1768 495 1808 Ita
522 1768 603 1808 duo
629 1767 865 1808 consulares
893 1768 1095 1809 exereitus
1122 1768 1175 1808 ad
1199 1767 1360 1808 hostem
1385 1780 1596 1807 accessere
1621 1766 1707 1806 acie

348 1831 563 1878 instructa,
601 1837 647 1869 111
678 1829 897 1870 confestim
927 1829 1180 1871 dimicarent.
1232 1830 1306 1870 sed
1336 1843 1431 1870 cum
1461 1828 1566 1869 forte
1596 1827 1709 1868 haud

345 1892 520 1933 multum
541 1891 622 1932 diei
643 1898 889 1946 superesset,
916 1907 1023 1932 unus
1044 1892 1096 1933 ab
1117 1893 1290 1933 statione
1305 1891 1487 1932 hostium
1507 1889 1709 1931 exclamat

349 1961 571 1996 ‘ostentare
597 1954 675 1995 hoc
701 1960 774 2004 est,
801 1954 992 2007 Romani,
1019 1970 1100 1996 non
1121 1969 1262 2010 gerere
1282 1954 1448 1996 bellum.
1485 1953 1527 1993 in
1545 1958 1707 1993 noctem

347 2017 614 2057 inminentem
639 2016 769 2058 aciem
794 2017 1008 2058 instruitis.
1045 2018 1230 2072 longiore
1249 2017 1340 2058 luce
1361 2017 1413 2057 ad
1431 2016 1473 2057 id
1488 2021 1706 2062 certamen,

348 2079 460 2132 quod
494 2078 638 2127 instat,
675 2078 795 2119 nobis
834 2093 938 2133 opus
976 2085 1051 2120 est.
1113 2079 1292 2120 crastino
1329 2079 1394 2119 die
1431 2078 1585 2119 oriente
1623 2075 1708 2117 sole

347 2141 475 2182 redite
499 2141 542 2181 in
566 2140 710 2181 aciem.
759 2141 834 2181 erit
859 2141 978 2195 eopia
1001 2141 1232 2196 pugnandi,
1259 2155 1310 2181 ne
1336 2140 1500 2181 timete.’
1547 2139 1612 2179 his
1638 2152 1710 2179 vo-

348 2202 465 2243 cibus
490 2202 680 2243 inritatus
705 2202 823 2243 miles
849 2203 891 2243 in
916 2203 1025 2243 diem
1045 2209 1255 2257 posterum
1274 2203 1316 2243 in
1336 2209 1469 2243 eastra
1487 2200 1707 2249 reducitur,

347 2264 514 2319 longam
540 2264 678 2305 venire
703 2272 867 2305 noctem
891 2271 1026 2314 ratus,
1064 2279 1170 2318 quae
1201 2279 1358 2305 moram
1390 2262 1622 2305 certaminis
1648 2261 1711 2303 fa-

348 2337 468 2367 ceret.
517 2332 604 2366 tum
630 2326 796 2380 quidem
822 2341 993 2381 corpora
1018 2326 1110 2368 cibo
1136 2341 1363 2380 somnoque
1389 2333 1544 2367 curant.

433 2387 520 2429 Ubi
551 2387 698 2428 inluxit
726 2395 892 2443 postero
923 2389 1008 2438 die,
1046 2389 1158 2443 prior
1182 2388 1392 2442 aliquanto
1418 2387 1601 2429 constitit
1623 2387 1710 2429 Ro-

348 2465 470 2491 mana
501 2450 630 2500 acics,
668 2451 835 2492 tandem
867 2458 906 2492 01
930 2452 1070 2506 Aequi
1099 2466 1351 2506 processere,
1399 2451 1601 2506 proelium
1631 2450 1709 2490 fuit

348 2512 552 2566 utrimque
588 2513 831 2563 vehemens,
869 2515 982 2568 quod
1012 2520 1052 2555 et
1081 2513 1296 2555 Romanus
1335 2514 1395 2554 ira.
1425 2513 1601 2566 odioque
1631 2527 1708 2566 pu-

349 2574 502 2627 gnabat
534 2581 572 2615 et
597 2574 771 2629 Aequos
804 2577 1054 2617 conscientia
1087 2577 1284 2617 contracti
1315 2576 1436 2630 culpa
1465 2573 1634 2630 periculi
1666 2580 1706 2613 01

349 2636 579 2690 desperatio
610 2637 774 2679 futurae
806 2638 884 2679 sibi
914 2645 1059 2693 postea
1090 2638 1185 2678 fidei
1217 2638 1361 2678 ultima
1391 2638 1541 2678 audere
1572 2642 1612 2675 et
1636 2649 1706 2675 ex-

351 2698 471 2749 periri
508 2699 694 2752 cogebat.
750 2715 831 2741 non
868 2707 1004 2742 tamen
1043 2700 1273 2742 sustinuere
1311 2700 1439 2740 aciem
1475 2698 1706 2738 Romanam
