1835 3226
313 227 396 269 502
641 232 795 268 LIBER
820 234 871 278 x,
898 234 929 267 8.
950 233 982 267 9.
1012 232 1340 277 [1100451455]

315 339 367 380 sit
397 352 522 378 causa
550 336 815 391 patriciorum
846 335 896 376 dc
929 335 1168 376 sacerdotiis
1201 342 1240 376 et
1270 350 1353 377 non
1383 336 1465 377 iam
1496 337 1539 377 in
1574 352 1671 392 pos-

315 399 498 440 sessione
528 398 649 438 unius
688 397 933 452 amplissimi
969 397 1099 438 simus
1131 397 1378 439 sacerdotii?
1413 398 1669 441 decemviros

314 460 439 502 sacris
480 459 705 509 faciundis,
742 459 970 500 carminum
1009 457 1194 514 Sibyllae
1231 474 1279 501 ac
1314 459 1492 501 fatorum
1528 461 1670 516 populi

314 522 435 562 huius
461 521 721 576 interpretes,
749 521 950 562 antistites
977 521 1145 562 eosdem
1170 520 1424 576 Apollinaris
1451 522 1555 563 sacri
1580 537 1672 563 cac-

314 583 661 637 rimoniarumque
692 582 864 624 aliarum
899 581 1084 638 plebeios
1115 583 1316 624 videmus.
1364 598 1446 624 *nec
1477 591 1548 624 aut
1583 590 1670 625 tum

313 645 494 699 patriciis
520 644 603 685 ulla
626 644 774 685 iniuria
797 644 908 685 facta
933 651 1007 694 est,
1035 659 1129 685 cum
1154 645 1335 686 duoviris
1362 644 1488 686 sacris
1513 645 1671 686 faciun-

314 707 377 747 dis
403 706 588 747 adicctus
615 712 677 746 est
707 712 873 761 propter
902 705 1085 760 plebeios
1110 721 1320 756 numerus,
1347 714 1387 748 et
1410 721 1520 748 nunc
1544 706 1672 748 tribu—

313 784 411 818 nus,
443 768 505 808 vir
528 767 645 810 fortis
672 783 719 809 ac
746 775 956 818 strenuus,
982 769 1163 822 quinque
1195 784 1399 824 augurum
1424 769 1526 819 loca,
1553 779 1671 823 quat-

269 848 287 875 4
316 838 407 872 tuor
436 830 678 885 pontificum
708 830 873 880 adiecit,
906 830 948 871 in
972 845 1077 884 quae
1102 831 1253 886 plebeii
1278 831 1556 880 nominentur,
1588 846 1670 872 non

314 900 359 934 ut
388 908 482 942 vos,
514 891 648 947 Appi,
681 899 818 934 vestro
854 892 944 933 loco
980 892 1152 947 pellant,
1190 893 1263 934 sed
1293 900 1337 934 ut
1368 892 1563 934 adiuvent
1597 907 1672 934 vos

311 955 499 996 homines
535 954 687 1009 plebeii
721 954 870 995 divinis
901 968 1064 1008 quoque
1093 954 1216 996 rebus
1248 955 1535 1009 procurandis,
1568 954 1672 995 sicut

269 1034 286 1061 5
311 1018 354 1058 in
391 1016 535 1058 ceteris
572 1016 762 1057 humanis
799 1031 873 1071 pro
910 1023 1024 1071 parte
1060 1016 1165 1057 virili
1201 1017 1408 1058 adiuvant.
1461 1017 1546 1058 noli
1581 1031 1672 1057 eru-

313 1079 499 1128 bescere,
531 1078 665 1134 Appi,
699 1079 901 1134 collegam
932 1079 973 1119 in
1006 1079 1234 1120 sacerdotio
1269 1079 1439 1129 habere,
1471 1093 1594 1133 quem
1629 1078 1671 1119 in

313 1155 499 1190 censura,
520 1155 643 1193 quem
667 1141 709 1181 in
730 1141 944 1182 consulatu
965 1141 1165 1196 collegam
1183 1141 1333 1183 habere
1352 1141 1533 1196 potuisti,
1555 1141 1671 1182 cuius

313 1209 398 1244 tam
428 1203 637 1244 dictatoris
668 1204 866 1258 magister
895 1204 1079 1257 equitum
1110 1218 1234 1257 quam
1270 1204 1457 1259 magistri
1487 1204 1670 1257 equitum

270 1281 288 1310 6
314 1267 487 1307 dictator
512 1280 603 1306 esse
628 1274 758 1320 potes.
809 1265 1010 1308 Sabinum
1037 1266 1250 1316 advenam,
1276 1267 1501 1320 principem
1526 1265 1672 1306 nobili-

314 1329 387 1369 tati
412 1335 585 1377 vestrae,
613 1343 686 1369 seu
710 1327 858 1368 Attum
885 1327 1085 1370 Clausum
1113 1343 1185 1369 seu
1210 1327 1320 1383 App.
1338 1328 1558 1369 Claudium
1585 1343 1671 1368 ma-

313 1390 456 1439 vultis,
488 1390 547 1430 illi
577 1390 732 1443 antiqui
762 1390 921 1444 patricii
951 1390 992 1430 in
1019 1404 1137 1431 suum
1164 1405 1378 1430 numerum
1406 1396 1667 1445 acceperunt:

271 1469 287 1497 7
314 1466 364 1492 nc
384 1451 620 1500 fastidieris,
641 1466 715 1492 nos
735 1452 777 1492 in
797 1452 1054 1492 sacerdotum
1079 1466 1293 1492 numerum
1314 1452 1510 1506 accipere.
1542 1451 1670 1492 multa

315 1512 532 1554 nobiscum
553 1513 701 1554 decora
728 1513 966 1562 adferimus,
992 1514 1118 1553 immo
1144 1513 1279 1554 onmia
1299 1514 1455 1563 eadem,
1471 1528 1574 1567 quac
1594 1528 1668 1553 vos

270 1590 288 1619 8
316 1574 515 1629 superbos
542 1574 746 1615 fecerunt:
772 1575 825 1615 L.
845 1573 1012 1616 Sextius
1037 1575 1194 1629 primus
1220 1575 1270 1615 de
1296 1575 1414 1630 plebe
1441 1575 1582 1616 consul
1607 1582 1668 1615 est

313 1637 467 1686 factus,
502 1636 550 1677 C.
577 1637 765 1679 Licinius
806 1635 922 1678 Stolo
958 1637 1114 1691 primus
1151 1637 1348 1692 magister
1383 1637 1583 1690 equitum,
1618 1637 1666 1678 C.

312 1698 497 1739 Marcius
517 1698 682 1739 Rutilus
707 1699 864 1753 primus
891 1704 929 1739 et
955 1698 1129 1739 dictator
1153 1705 1192 1739 et
1217 1713 1374 1748 censor,
1397 1698 1448 1751 Q.
1463 1698 1679 1739 Publilius·

269 1778 286 1808 9
312 1760 433 1801 Philo
469 1761 625 1815 primus
662 1767 837 1814 praetor.
893 1774 1056 1814 semper
1090 1760 1170 1801 ista
1205 1760 1344 1801 audita
1381 1766 1475 1801 511111
1512 1760 1667 1809 cadem,

312 1838 438 1877 penes
471 1838 545 1863 vos
577 1823 762 1877 auspicia
793 1836 902 1872 esse,
934 1837 1009 1863 vos
1047 1822 1156 1863 solos
1194 1829 1360 1878 gentem
1395 1821 1564 1871 habere,
1595 1836 1669 1863 vos

314 1885 422 1926 solos
464 1885 619 1926 iustum
659 1884 878 1939 imperium
914 1891 954 1925 01
990 1884 1220 1939 auspicium
1256 1883 1369 1925 domi
1404 1883 1667 1937 militiaeque.

252 1964 288 1992 10
315 1962 444 2001 acque
471 1946 605 1988 adhuc
630 1959 872 2002 prosperum
897 1945 1104 2001 plebeium
1124 1953 1164 1987 01
1187 1946 1404 2001 patricium
1428 1945 1505 1986 fuit
1530 1960 1671 2000 porro-

313 2024 393 2063 que
425 2009 518 2058 erit,
547 2008 744 2062 Quirites.
793 2023 844 2050 en
873 2023 1071 2062 umquam
1102 2008 1228 2049 fando
1254 2008 1444 2057 audistis,
1478 2007 1670 2062 patricios

314 2072 447 2126 primo
474 2086 564 2113 esse
591 2071 722 2112 factos
748 2085 832 2112 non
857 2071 907 2111 de
933 2071 1046 2111 caelo
1071 2071 1294 2120 demissos,
1322 2070 1393 2111 sed
1419 2070 1488 2123 qui
1512 2075 1669 2123 patrem

253 2151 286 2179 ιι
317 2134 422 2175 ciere
453 2141 640 2188 possent,
673 2134 716 2174 id
747 2140 809 2175 051
839 2133 939 2174 nihil
969 2133 1076 2174 ultra
1100 2148 1222 2187 quam
1248 2132 1475 2188 ingenuos?
1522 2146 1672 2172 consu-

312 2197 392 2238 lem
417 2198 498 2238 iam
523 2203 682 2252 patrem
707 2197 812 2238 ciere
837 2211 1007 2251 possum
1038 2211 1242 2250 avumque
1273 2196 1355 2237 iam
1387 2195 1535 2250 poterit
1560 2195 1668 2236 filius

313 2275 441 2301 meus.
492 2260 593 2300 nihil
625 2266 685 2301 est
717 2259 828 2300 aliud
858 2259 900 2300 in
931 2273 992 2308 re,
1021 2258 1223 2312 Quirites,
1254 2259 1334 2301 nisi
1364 2266 1409 2299 ut
1439 2258 1576 2299 omnia
1600 2272 1671 2298 nc-

312 2329 409 2377 gata
439 2322 726 2377 adipiscamur.
789 2329 995 2363 certamen
1026 2327 1185 2362 tantum
1221 2321 1380 2376 patricii
1415 2326 1559 2375 petunt
1594 2333 1671 2360 ncc

250 2397 286 2426 12
313 2392 475 2433 curant,
513 2398 636 2438 quem
673 2390 866 2425 eventum
902 2383 1170 2424 certaminum
1207 2383 1396 2425 habeant.
1451 2397 1529 2438 ego
1564 2381 1670 2422 hanc

312 2445 465 2500 legem,
503 2446 613 2500 quod
654 2446 809 2487 bonum
844 2445 1029 2486 faustum
1063 2445 1244 2498 felixque
1282 2445 1334 2486 sit
1369 2444 1488 2485 vobis
1526 2458 1574 2484 ac
1610 2443 1678 2484 rei'

313 2507 516 2561 publicae,
542 2509 601 2549 uti
625 2523 748 2564 rogas
774 2507 998 2549 iubendam
1023 2507 1196 2548 censeo?

274 2583 285 2610 1
399 2569 544 2610 VIIII.
594 2570 754 2611 Vocare
780 2569 910 2610 tribus
937 2569 1143 2624 extemplo
1173 2569 1350 2624 populus
1381 2568 1566 2617 iubebat,
1599 2582 1671 2621 ap-

315 2631 564 2685 parebatque
591 2633 721 2687 accipi
745 2632 898 2687 legem:
924 2632 991 2672 ille
1017 2638 1154 2672 tamen
1179 2631 1266 2672 dies
1291 2630 1582 2672 intercessione
1607 2635 1669 2669 051

317 2691 514 2733 sublatus.
563 2701 727 2748 postero
753 2694 818 2735 die
845 2693 1047 2735 deterritis
1073 2693 1245 2734 tribunis
1278 2692 1433 2748 ingenti
1464 2704 1667 2733 consensu

269 410 287 438 [ὑ

270 595 288 623 02>
