1835 3226
381 232 462 274 4-28
674 236 829 271 Llssfflz
853 235 962 280 vm,
988 236 1042 270 29.
1062 235 1115 269 30.
1144 238 1439 283 [a.u.e.4·29s30]

380 359 431 385 ex
467 340 706 383 auctoritate
739 346 901 393 patrum
931 338 1109 393 populus
1142 339 1340 380 adversus
1372 340 1568 384 Vestinos
1599 344 1730 387 iussit.

338 421 353 449 7
380 402 591 460 provincia
615 416 663 442 ea
682 401 832 449 Bruto,
861 398 1078 442 Samnium
1099 399 1275 442 Camillo
1302 408 1409 443 sorte
1435 404 1582 445 evenit.
1620 420 1734 448 exer-

380 467 483 507 citus
515 472 688 517 utroque
713 463 825 503 ducti
850 469 889 503 et
915 477 1012 503 cura
1037 463 1281 503 tuendorum
1306 463 1451 506 finium
1475 465 1616 508 hostes
1640 482 1735 522 pro-

335 544 354 572 s
380 527 498 568 hibiti
535 526 783 580 coniungere
820 540 944 565 arma.
1007 531 1187 565 ceterum
1224 525 1396 566 alterum
1433 528 1644 569 consulem
1679 530 1733 570 L.

378 589 568 637 Furium,
596 587 661 628 eui
679 587 808 627 maior
827 586 956 628 moles
976 601 1112 627 rerum
1131 587 1308 641 inposita
1328 591 1430 638 erat,
1457 589 1600 631 morbo
1618 591 1736 646 gravi

336 668 352 697 9
378 651 608 706 inplicitum
644 650 808 690 fortuna
838 649 946 690 bello
978 648 1198 698 subtraxit,
1236 650 1457 704 iussusque
1494 652 1735 694 dictatorem

380 714 513 754 dicere
554 712 614 753 rei
654 712 859 767 gerendae
902 726 1028 752 causa
1068 711 1191 766 longe
1234 712 1506 754 clarissimum
1542 713 1651 756 bello
1688 730 1737 756 ca

379 782 623 830 tempestate
648 774 751 815 dixit
775 774 828 814 L.
848 773 1063 828 Papirium
1086 773 1328 825 Cursorem,
1355 791 1379 816 a
1405 791 1485 829 quo
1506 776 1558 830 Q.
1578 777 1735 819 Fabius

317 852 355 881 10
380 837 593 878 Maximus
619 836 837 877 Rullianus
864 836 1062 891 magister
1087 837 1270 890 equitum
1296 845 1358 878 est
1383 838 1535 888 dictus,
1567 854 1641 894 par
1664 855 1735 881 no-

381 900 462 941 bile
492 899 616 940 rebus
647 899 689 939 in
715 914 762 940 eo
788 899 1032 953 magistratu
1057 899 1205 953 gestis,
1238 899 1442 941 discordia
1467 907 1622 950 tamen,
1655 916 1738 955 qua

381 978 507 1018 prope
533 963 585 1003 ad
610 962 800 1002 ultimum
826 961 1099 1002 dimicationis
1126 969 1295 1002 ventum
1320 969 1400 1011 est,
1432 963 1622 1004 nobilius.

316 1039 352 1068 11
464 1025 535 1066 Ab
573 1024 700 1065 altero
738 1024 906 1065 consule
942 1024 985 1064 in
1015 1023 1200 1065 Vestinis
1232 1024 1447 1079 multiplex
1477 1025 1630 1066 bellum
1662 1041 1738 1068 neo

380 1102 557 1141 usquam
593 1087 706 1127 vario
744 1093 894 1127 eventu
930 1095 1095 1141 gestum
1132 1095 1207 1127 est.
1268 1102 1364 1127 nam
1406 1094 1446 1128 et
1486 1089 1738 1142 pervastavit

382 1164 504 1204 agros
536 1156 575 1189 et
606 1148 840 1202 populando
876 1158 998 1202 atque
1030 1149 1186 1189 urendo
1218 1156 1326 1190 tecta
1355 1149 1536 1191 hostium
1568 1159 1738 1204 sataque

319 1224 356 1253 12
383 1212 425 1252 in
451 1212 578 1251 aciem
604 1211 753 1252 invitos
780 1211 973 1251 extraxit:
1000 1218 1039 1252 et
1064 1211 1119 1251 ita
1145 1211 1298 1265 proelio
1325 1227 1407 1253 uno
1433 1213 1581 1253 accidit
1600 1212 1739 1254 Vesti-

382 1289 529 1314 norum
554 1288 637 1322 res,
670 1272 990 1326 haudquaquam
1017 1284 1153 1313 tamen
1178 1273 1390 1314 incruento
1416 1274 1542 1315 milite
1568 1289 1661 1324 suo,
1695 1282 1739 1315 ut

382 1351 463 1376 non
488 1336 528 1376 in
555 1342 688 1376 castra
714 1335 846 1376 solum
871 1335 1107 1389 refugerent
1137 1335 1293 1384 hostes,
1332 1336 1405 1376 sed
1435 1336 1517 1376 iam
1547 1351 1598 1376 ne
1630 1336 1737 1377 vallo

382 1398 548 1451 quidem
574 1412 620 1438 ae
646 1397 771 1438 fossis
798 1396 891 1437 freti
916 1396 1192 1438 dilaberentur
1216 1397 1257 1437 in
1277 1397 1446 1451 oppida,
1474 1398 1553 1438 situ
1573 1397 1737 1439 urbium

317 1472 356 1501 13
384 1458 681 1511 moenibusque
715 1473 758 1499 se
790 1458 1011 1499 defensuri.
1061 1465 1269 1512 postremo
1307 1459 1458 1513 oppida
1494 1473 1659 1512 quoque
1697 1460 1737 1500 vi

383 1535 620 1575 expugnare
646 1521 831 1569 adortus,
858 1521 989 1574 primo
1012 1519 1204 1561 Cutinam
1225 1521 1379 1575 ingenti
1400 1521 1542 1562 ardore
1563 1522 1737 1562 militum

383 1590 452 1622 aut
478 1582 693 1622 vulnerum
718 1582 795 1631 ira,
822 1583 933 1635 quod
957 1582 1038 1622 hau
1064 1582 1149 1622 fere
1169 1582 1386 1635 quisquam
1406 1583 1564 1638 integer
1583 1583 1738 1637 proelio

318 1658 357 1686 14
384 1652 635 1693 excesserat,
664 1644 784 1684 scalis
806 1645 930 1699 cepit,
958 1644 1105 1684 deinde
1121 1643 1356 1698 Cingiliam.
1393 1645 1605 1698 utriusque
1626 1645 1737 1686 urbis

384 1707 579 1760 praedam
610 1706 826 1755 militibus,
865 1706 976 1759 quod
1007 1720 1077 1746 eos
1107 1720 1240 1758 neque
1271 1711 1411 1760 portae
1436 1720 1512 1748 nec
1537 1707 1642 1747 inuri
1666 1707 1740 1748 ho-

385 1769 508 1809 stium
534 1776 765 1817 arcuerunt,
799 1768 1014 1809 concessit.

341 1844 355 1872 1
469 1830 626 1871 XXX.
664 1830 715 1871 In
738 1830 954 1872 Samnium
979 1830 1144 1871 incertis
1170 1830 1272 1870 itum
1297 1830 1490 1885 auspiciis
1516 1838 1596 1881 est;
1622 1831 1738 1873 cuius

384 1894 442 1934 rei
472 1894 617 1933 vitium
648 1909 729 1934 non
760 1894 802 1934 in
833 1893 929 1934 belli
960 1899 1171 1942 eventum,
1209 1893 1319 1946 quod
1350 1908 1543 1949 prospere
1575 1900 1739 1948 gestum

341 1968 358 1996 2
386 1963 465 2005 est,
494 1956 567 1996 sed
591 1956 632 1996 in
656 1955 812 1997 rabiem
839 1963 961 2009 atque
981 1955 1061 1996 iras
1081 1955 1374 2009 imperatorum
1394 1955 1525 1996 vertit.
1563 1969 1740 2008 namque

384 2018 576 2073 Papirius
614 2019 787 2059 dictator
822 2034 846 2059 a
881 2018 1055 2073 pullario
1091 2017 1270 2058 monitus
1303 2032 1396 2058 cum
1428 2017 1481 2057 ad
1511 2017 1740 2071 auspicium

384 2080 651 2134 repetendum
671 2080 848 2121 Romam
874 2080 1212 2134 proficisceretur,
1239 2079 1436 2134 magistro
1462 2079 1646 2132 equitum
1672 2079 1742 2119 de-

385 2142 603 2191 nuntiavit,
641 2149 687 2183 ut
718 2157 808 2183 sese
839 2142 930 2183 loco
956 2149 1111 2182 teneret
1136 2156 1216 2182 neu
1241 2140 1410 2182 absente
1437 2155 1479 2181 se
1506 2155 1599 2181 curn
1623 2141 1741 2182 hoste

342 2219 359 2247 3
386 2220 554 2245 manum
597 2212 841 2246 consereret.
904 2204 955 2257 Q.
993 2204 1149 2245 Fabius
1187 2219 1281 2244 cum
1316 2210 1410 2258 post
1446 2203 1741 2257 profectionem

387 2267 596 2308 dictatoris
638 2282 712 2322 per
754 2267 1033 2321 exploratores
1076 2265 1347 2320 conperisset,
1396 2265 1565 2319 perinde
1606 2264 1742 2306 omnia

387 2330 521 2370 soluta
551 2330 661 2384 apud
691 2329 830 2371 hostes
863 2344 954 2370 esse
985 2343 1034 2370 ao
1060 2329 1094 2369 si
1119 2342 1238 2369 nemo
1263 2327 1478 2369 Romanus
1503 2327 1546 2367 in
1573 2325 1740 2368 Samnio

343 2405 361 2432 4
388 2398 514 2440 esset,
553 2407 626 2432 seu
662 2391 779 2433 ferox
815 2392 1059 2433 adulescens
1097 2390 1340 2445 indignitate
1377 2405 1594 2438 aecensus,
1632 2388 1741 2442 quod

387 2454 522 2494 omnia
548 2455 589 2494 in
615 2455 811 2495 dictatore
836 2455 1072 2495 viderentur
1095 2452 1275 2507 reposita
1296 2467 1406 2501 csse,
1434 2466 1508 2493 seu
1527 2451 1740 2493 occasione

389 2515 491 2556 bene
523 2517 728 2571 gerendae
759 2517 818 2557 rei
842 2516 1053 2564 inductus,
1087 2515 1270 2556 exercitu
1294 2515 1493 2555 instructo
1517 2519 1740 2568 paratoque

388 2578 596 2631 profectus
629 2579 681 2619 ad
706 2579 937 2620 Inbrinium
963 2604 1016 2608 —-
1041 2578 1098 2619 ita
1122 2583 1272 2618 vocant
1295 2576 1432 2617 locum
1457 2601 1511 2606 —-
1537 2575 1623 2616 acie
1649 2589 1740 2615 cum

345 2652 363 2680 ῡ
392 2640 646 2681 Samnitibus
673 2641 866 2681 conflixit.
916 2656 965 2681 ea
988 2640 1153 2681 fortuna
1177 2653 1340 2693 pugnae
1365 2638 1461 2686 fuit,
1487 2646 1533 2678 ut
1556 2635 1654 2677 nihil
1680 2650 1741 2675 re-

389 2700 529 2742 lietum
555 2703 626 2752 sit,
659 2718 760 2756 quo,
794 2704 829 2745 si
853 2703 1055 2745 adfuisset
1079 2702 1264 2751 dictator,
1296 2715 1361 2742 res
1386 2699 1533 2742 melius
1558 2697 1645 2753 geri
1669 2710 1741 2751 po-
