1835 3226
344 200 429 240 494
641 203 794 239 LIBER
818 204 946 248 VIIII,
973 204 1027 237 46.
1056 205 1103 247 [a.
1118 215 1152 238 u.
1167 214 1196 239 e.
1211 204 1391 239 450—452

301 327 316 354 7
345 319 414 352 aut
432 312 717 364 imperatorem
736 321 860 361 posse
879 306 1077 361 templum
1097 306 1298 348 dedicare.
1331 307 1470 361 itaque
1490 323 1540 348 ex
1560 318 1699 352 aucto-

343 373 461 412 ritate
498 377 664 412 senatus
695 370 822 410 latum
854 368 906 409 ad
941 368 1142 423 populum
1173 375 1253 418 est,
1290 384 1341 410 110
1373 370 1464 423 quis
1502 370 1699 424 templum

344 448 509 475 aramve
533 433 694 473 iniussu
713 438 879 473 senatus
900 438 970 472 aut
989 430 1247 472 tribunorum
1265 431 1401 486 plebei
1425 432 1552 486 partis
1573 433 1700 473 maio-

344 496 398 537 ris
424 495 642 536 dedicaret.

300 570 319 599 3
429 557 558 598 Haud
588 555 899 597 memorabilem
923 571 1009 596 rem
1034 571 1107 610 per
1133 571 1195 605 50,
1228 557 1306 597 nisi
1332 557 1622 605 documentum
1650 558 1701 598 sit

345 620 543 661 adversus
571 618 807 674 superbiam
832 617 1031 659 nobilium
1057 617 1242 672 plebeiae
1268 618 1485 668 libertatis,
1511 619 1699 660 referam.

300 696 317 725 9
344 682 395 723 ad
427 681 627 737 collegam
659 696 829 735 aegrum
859 680 1020 721 visendi
1051 695 1175 721 causa
1200 680 1236 721 F
1238 680 1370 721 lavius
1402 695 1495 721 cum
1520 681 1701 723 venisset

345 758 631 797 consensuque
661 743 862 784 nobilium
893 742 1236 791 adulescentium,
1269 743 1339 796 qui
1364 742 1420 783 ibi
1445 743 1700 793 adsidebant,

344 806 627 847 adsurrectum
648 806 685 846 ei
709 820 792 846 non
817 811 939 855 esset,
967 805 1150 846 curulem
1176 805 1326 846 adferri
1353 805 1495 846 sellam
1517 821 1564 847 eo
1584 806 1703 848 iussit

347 883 394 909 ac
421 867 518 909 sede
543 867 709 908 honoris
736 867 968 915 suianxios
994 867 1148 908 invidia
1171 867 1360 908 inimicos
1388 869 1599 922 spectavit.

281 944 320 973 10
432 929 628 971 Ceterum
646 929 839 971 Flavium
864 929 1023 970 dix'erat
1048 929 1226 970 aedilem
1253 928 1428 971 forensis
1454 930 1590 979 factio,
1617 929 1701 985 Ap.

346 992 511 1034 Claudii
543 1007 716 1033 censura
741 992 848 1032 vires
874 998 1012 1041 nacta,
1046 992 1117 1045 qui
1148 998 1334 1033 senatum
1366 992 1524 1047 primus
1549 992 1704 1034 liberti-

280 1069 318 1098 11
345 1070 491 1096 norum
516 1055 608 1095 filiis
634 1054 750 1095 lectis
775 1054 1061 1107 inquinaverat
1081 1060 1132 1103 et,
1152 1060 1423 1108 posteaquam
1449 1069 1540 1095 eam
1564 1054 1704 1095 lectio-

344 1132 439 1158 nem
469 1132 590 1158 nemo
619 1123 751 1157 ratam
782 1116 926 1157 habuit
956 1130 1031 1157 nec
1062 1116 1105 1156 111
1136 1116 1247 1157 curia
1278 1117 1450 1171 adeptus
1483 1122 1569 1157 crat
1600 1131 1703 1170 quas

346 1179 516 1233 petierat
543 1193 662 1233 opes,
694 1178 862 1219 urbanis
888 1177 1113 1219 humilibus
1144 1193 1218 1233 per
1243 1179 1375 1220 omnis
1406 1178 1535 1220 tribus
1562 1179 1703 1220 divisis

283 1254 320 1283 12
346 1242 482 1284 forum
509 1248 547 1282 01
573 1256 763 1295 campum
790 1241 980 1295 corrupit.
1030 1247 1271 1294 tantumque
1296 1241 1430 1282 Flavii
1456 1242 1619 1282 comitia
1644 1242 1705 1282 in-

348 1303 559 1358 dignitatis
585 1302 834 1351 habucrunt,
867 1308 912 1342 ut
941 1302 1125 1357 plerique
1156 1302 1355 1343 nobilium
1387 1303 1531 1344 anulos
1558 1318 1703 1344 aureos

284 1380 321 1408 13
349 1373 389 1406 et
424 1365 615 1420 phaleras
647 1365 910 1419 deponerent.
966 1379 1017 1404 ex
1049 1379 1097 1405 co
1128 1371 1310 1418 tempore
1348 1364 1390 1404 in
1427 1364 1530 1405 duas
1567 1371 1703 1419 partes

347 1427 537 1468 discessit
568 1427 731 1467 civitas:
770 1427 882 1467 aliud
913 1426 1072 1481 integer
1109 1426 1286 1480 populus
1324 1425 1460 1467 fautor
1497 1433 1535 1467 et
1572 1426 1704 1467 0111101

284 1503 323 1532 11
347 1489 568 1538 bonorum,
600 1489 712 1529 aliud
742 1488 919 1529 forensis
950 1488 1075 1529 factio
1100 1487 1282 1538 tenebat,
1315 1488 1444 1529 (101100
1470 1487 1522 1541 Q.
1548 1487 1703 1529 Fabius

347 1557 387 1592 et
416 1550 464 1591 P.
489 1549 648 1591 Decius
681 1564 872 1591 censores
903 1549 1002 1590 sacti
1034 1556 1073 1590 et
1102 1549 1278 1598 Fabius,
1311 1549 1433 1590 simul
1464 1550 1703 1591 concordiae

347 1627 473 1653 causa
509 1611 631 1653 simul
667 1627 719 1653 ne
754 1611 1078 1652 humillimorum
1114 1611 1157 1651 in
1193 1626 1317 1651 manu
1354 1611 1518 1652 comitia
1553 1618 1703 1659 essent,

347 1689 512 1715 omnem
536 1673 744 1714 forensem
769 1672 932 1714 turbam
957 1679 1163 1713 excretam
1184 1673 1225 1712 in
1244 1679 1436 1725 quattuor
1460 1672 1588 1714 tribus
1610 1688 1705 1713 con-

285 1736 442 1780 1510011
475 1735 737 1789 urbanasque
773 1750 842 1776 eas
879 1734 1112 1789 appellavit.
1168 1734 1354 1787 adeoque
1391 1749 1481 1774 eam
1517 1749 1603 1774 rem
1639 1749 1705 1775 ac-

348 1806 509 1854 ceptam
533 1799 661 1854 gratis
687 1799 834 1840 animis
860 1798 1015 1847 ferunt,
1046 1804 1092 1838 ut
1115 1796 1293 1837 Maximi
1319 1811 1564 1852 cognomen,
1596 1796 1707 1849 quod

349 1868 407 1902 tot
442 1861 622 1902 victoriis
664 1876 746 1902 non
787 1866 1019 1915 pepererat,
1062 1859 1140 1900 hac
1183 1859 1372 1899 ordinum
1414 1858 1707 1913 temperatione

348 1931 520 1978 pareret.
570 1923 621 1965 ab
653 1924 799 1965 eodem
829 1923 1064 1964 institutum
1099 1922 1264 1971 dicitur,
1302 1928 1348 1962 ut
1379 1921 1536 1975 equites
1572 1920 1706 1962 idibus

350 1985 629 2040 Quinctilibus
655 1985 1027 2027 transveherentur.

752 2196 1041 2248 [PERIOCHA
1064 2197 1206 2234 LIBRI
1228 2194 1304 2245 X.]

420 2283 618 2327 [Coloniae
643 2283 828 2318 deductae
854 2286 940 2317 511111
966 2282 1059 2317 Sora
1078 2285 1115 2316 et
1134 2281 1234 2315 Alba
1253 2285 1291 2315 et
1312 2279 1488 2315 Carseoli.
1530 2279 1645 2313 Marsi
1671 2278 1707 2312 in

351 2335 578 2370 deditionem
597 2334 742 2379 accepti
764 2338 859 2368 sunt.
909 2334 1109 2378 collegium
1131 2344 1314 2377 augurum
1334 2331 1550 2375 ampliatum
1570 2333 1642 2372 est,
1668 2334 1709 2363 ut

351 2390 477 2421 essent
496 2397 639 2429 novem,
662 2397 743 2420 eum
764 2390 875 2419 antea
895 2384 1067 2430 quaterni
1087 2384 1258 2418 fuissent.
1296 2384 1355 2416 lex
1375 2383 1419 2416 de
1440 2380 1708 2426 provocatione

351 2438 398 2472 ad
411 2438 589 2483 populum
605 2449 626 2471 a
639 2437 795 2471 Murena
810 2436 962 2471 consule
978 2435 1087 2469 tertio
1103 2439 1191 2468 111110
1205 2435 1282 2468 lata
1297 2436 1363 2467 cst.
1397 2433 1491 2466 duae
1513 2431 1631 2466 tribus
1646 2431 1707 2465 ad-

351 2488 469 2523 iectae
495 2492 598 2532 sunt,
619 2487 795 2522 Aniensis
816 2492 852 2522 et
866 2486 1082 2522 Terentina.
1120 2485 1346 2520 Samnitibus
1367 2483 1506 2518 bellum
1530 2482 1709 2516 indictum

352 2543 408 2573 est
426 2544 464 2573 et
483 2540 661 2573 adversus
682 2550 746 2573 eos
769 2550 882 2583 saepe
901 2547 1081 2582 prospere
1101 2540 1307 2581 pugnatum
1328 2537 1394 2569 est.
1432 2544 1514 2567 cum
1529 2533 1708 2567 adversus

352 2589 542 2633 Etruscos,
558 2590 732 2633 Umbros,
749 2589 945 2632 Samnites,
962 2588 1094 2622 Gallos
1108 2588 1149 2621 P.
1164 2586 1282 2620 Decio
1299 2589 1336 2620 et
1350 2585 1393 2626 Q.
1407 2583 1527 2618 Fabio
1550 2582 1706 2616 ducibus

353 2646 582 2683 pugnaretur
601 2646 637 2675 et
655 2640 847 2675 Romanus
869 2639 1052 2674 exereitus
1072 2638 1109 2671 in
1129 2637 1286 2671 maximo
1309 2634 1520 2670 discrimine
1540 2636 1649 2673 esset,
1668 2631 1706 2665 P.

354 2690 504 2730 Decius,
521 2695 670 2725 secutus
691 2692 898 2736 exemplum
917 2689 1046 2735 patris,
1063 2688 1211 2723 devovit
1226 2699 1263 2722 se
1278 2698 1345 2732 pro
1362 2685 1527 2721 exercitu
1541 2687 1577 2718 et
1590 2685 1705 2717 morte
