1835 3226
321 227 402 267 342
613 231 768 266 LIBER
793 231 866 276 vl,
891 231 945 266 36.
964 231 1017 265 37.
1045 233 1140 275 [ω.
1156 233 1277 267 0335.
1296 232 1378 276 386]

320 352 413 377 cum
443 341 557 390 parte
589 334 840 389 collegarum
872 341 911 375 et
942 349 1024 375 uno
1056 349 1107 375 ex
1132 334 1304 376 tribunis
1331 335 1506 376 militum
1531 337 1673 387 Fabio,

320 397 494 438 artifices
531 396 613 436 iam
650 402 709 437 tot
744 411 945 437 annorum
981 411 1061 437 usu
1095 397 1295 437 tractandi
1333 397 1491 438 animos
1527 393 1672 453 plebis,

319 459 518 513 primores
536 464 700 512 patrum
720 458 941 512 productos
961 457 1250 513 interrogando
1276 459 1326 500 de
1353 459 1543 514 singulis,
1570 475 1674 514 quae

259 536 290 563 11
322 520 559 562 ferebantur
583 520 635 561 ad
658 519 877 574 populum,
903 519 1151 575 fatigabant:
1179 521 1428 561 auderentne
1453 522 1674 575 postulare,

322 589 383 631 ut,
421 596 515 623 cum
551 581 649 623 bina
683 581 828 636 iugera
857 582 945 637 agri
975 581 1086 636 plebi
1116 582 1412 633 dividerentur,
1451 583 1552 637 ipsis
1582 584 1675 638 plus

322 644 548 699 quingenta
576 644 719 699 iugera
748 643 900 684 habere
930 644 1088 694 liceret,
1120 650 1165 684 ut
1191 645 1341 699 singuli
1366 659 1493 699 prope
1519 651 1675 686 trecen-

322 715 458 747 torum
494 706 646 747 civium
680 706 941 761 possiderent
971 721 1111 761 agros,
1148 706 1310 760 plebeio
1340 706 1496 748 homini
1527 707 1596 748 vix
1626 708 1678 748 ad

321 775 475 810 tectum
516 768 795 809 necessarium
832 774 903 809 aut
936 768 1074 810 locum
1112 769 1346 823 sepulturae
1384 784 1484 810 suus
1521 776 1679 823 pateret

258 845 296 873 12
322 830 445 886 ager?
469 846 521 871 an
538 830 718 885 placeret
736 829 903 871 faenore
929 830 1249 872 circumventam
1273 830 1449 885 plebem,
1475 831 1517 871 ni
1542 831 1678 885 potius

322 909 446 947 quam
479 900 631 934 sortem
662 893 862 934 creditum
888 892 1037 941 solvat,
1072 907 1220 947 corpus
1245 893 1287 933 in
1312 908 1484 933 nervum
1509 908 1557 934 ac
1583 908 1680 948 sup-

322 955 444 1009 plicia
474 955 571 996 dare
603 961 643 995 et
672 954 874 1010 gregatim
906 954 1055 995 cotidie
1086 954 1136 995 de
1167 954 1256 995 foro
1286 955 1472 995 addictos
1509 955 1604 995 duci
1642 961 1681 995 et

322 1016 471 1071 repleri
505 1017 653 1058 vinctis
690 1016 849 1058 nobiles
892 1016 1039 1057 domus
1083 1022 1141 1066 et,
1190 1016 1441 1070 ubicumque
1484 1016 1679 1071 patricius

324 1078 496 1127 habitet,
523 1077 580 1118 ibi
604 1093 809 1119 carcerem
834 1078 1040 1132 privatum
1066 1078 1183 1119 esse?
1206 1088 1209 1090 ’

285 1155 294 1182 1
408 1139 656 1181 XXXVII.
704 1139 825 1181 Haec
860 1140 1031 1195 indigna
1066 1140 1382 1194 miserandaque
1413 1141 1555 1181 auditu
1586 1155 1680 1181 cum

327 1202 437 1256 apud
467 1202 657 1242 timentes
690 1201 854 1242 sibimet
885 1202 998 1256 ipsos
1029 1202 1181 1243 maiore
1213 1203 1468 1243 audientium
1492 1203 1680 1257 indigna-

326 1264 435 1304 tione
465 1278 590 1317 quam
615 1278 690 1304 sua
714 1263 1032 1318 increpuissent,
1065 1264 1177 1317 atqui
1202 1278 1279 1305 nec
1303 1279 1426 1319 agros
1452 1264 1678 1318 occupandi

325 1325 494 1366 modum
518 1339 595 1366 nec
619 1325 785 1366 faenore
811 1325 1042 1366 trucidandi
1060 1325 1223 1379 plebem
1243 1325 1367 1366 alium
1387 1324 1571 1379 patribus
1592 1340 1679 1365 um-

326 1401 450 1440 quam
481 1386 569 1427 fore
599 1386 888 1436 adfirmabant,
925 1387 1006 1427 nisi
1036 1387 1208 1427 alterum
1235 1402 1285 1427 ex
1310 1386 1429 1441 plebe
1455 1386 1677 1435 consulem,

283 1462 300 1489 :3
327 1448 540 1489 custodem
577 1463 675 1489 suae
705 1448 923 1498 libertatis,
960 1448 1093 1503 plebis
1130 1449 1308 1489 fecisset.
1358 1448 1563 1489 contemni
1598 1448 1678 1488 iam

327 1509 511 1550 tribunos
536 1509 687 1564 plebis,
714 1510 865 1564 quippe
891 1524 995 1563 quae
1020 1516 1202 1564 potestas
1228 1511 1310 1551 iam
1336 1525 1454 1551 suam
1479 1510 1570 1564 ipsa
1595 1510 1677 1550 rim

282 1586 301 1613 -1
328 1571 492 1626 frangat
515 1571 819 1612 intercedendo.
869 1586 950 1612 non
974 1586 1097 1626 posse
1124 1586 1255 1625 aequo
1279 1572 1366 1613 iure
1391 1572 1477 1627 agi,
1509 1571 1580 1613 ubi
1604 1571 1680 1612 im-

325 1634 485 1687 perium
516 1648 642 1688 penes
673 1633 784 1682 illos,
821 1648 948 1688 penes
982 1648 1025 1674 se
1061 1634 1259 1674 auxilium
1296 1640 1454 1674 tantum
1491 1634 1555 1674 sit.
1602 1633 1681 1674 nisi

327 1696 498 1750 imperio
530 1695 832 1736 communicato
862 1710 1088 1749 numquam
1119 1695 1282 1750 plebem
1307 1696 1347 1735 in
1372 1701 1486 1750 parte
1511 1695 1600 1749 pari
1623 1695 1681 1736 rci

326 1757 516 1811 publicae
553 1757 653 1798 fore.
702 1772 779 1797 nec
816 1771 908 1798 esse
944 1757 1055 1810 quod
1092 1758 1312 1810 quisquam
1348 1758 1446 1798 satis
1476 1762 1610 1811 putet,
1648 1757 1681 1797 si

327 1818 581 1873 plebeiorum
611 1819 714 1860 ratio
746 1819 921 1860 comitiis
954 1819 1237 1861 consularibus
1268 1818 1485 1869 habeatur3
1522 1819 1602 1859 nisi
1626 1818 1683 1859 al-

328 1890 460 1922 terum
485 1881 697 1922 consulem
715 1882 857 1935 utique
878 1897 928 1923 cx
946 1881 1066 1936 plebe
1086 1882 1174 1923 fieri
1192 1896 1362 1923 necesse
1382 1881 1450 1931 sit,
1476 1881 1682 1921 neminem

285 1959 302 1984 ῑ)
328 1943 428 1983 fore.
484 1959 536 1984 an
565 1943 648 1984 iam
678 1944 876 1985 memoria
906 1943 1060 1994 exisse,
1094 1959 1187 1984 cum
1213 1943 1397 1984 tribunos
1422 1943 1598 1983 militum
1623 1942 1684 1982 id-

329 2005 435 2046 circo
459 2005 597 2060 potius
623 2020 747 2059 quam
769 2006 960 2047 consules
982 2007 1109 2047 creari
1127 2006 1362 2061 placuisset,
1389 2012 1434 2046 ut
1453 2011 1492 2046 ct
1512 2004 1682 2059 plebeiis

327 2074 484 2122 pateret
509 2083 696 2109 suminus
715 2068 866 2118 honos,
893 2075 1084 2122 quattuor
1109 2075 1148 2110 et
1173 2068 1446 2123 quadraginta
1470 2067 1587 2107 annis
1612 2081 1684 2106 ne-

285 2144 302 2171 ‹5
329 2130 480 2171 minem
506 2144 557 2170 ex
580 2129 700 2185 plebe
726 2130 934 2172 tribunum
961 2131 1135 2171 militum
1161 2136 1343 2171 creatum
1368 2129 1485 2170 esse?
1509 2128 1578 2182 qui
1599 2142 1684 2168 cre-

329 2191 489 2241 derent,
527 2192 689 2234 duobus
721 2207 831 2233 nunc
860 2193 903 2233 in
933 2192 1033 2233 locis
1066 2208 1141 2234 sua
1176 2192 1385 2233 voluntate
1421 2191 1683 2246 inpertituros

328 2253 440 2307 plebi
469 2254 685 2304 honorem,
718 2255 788 2308 qui
813 2262 959 2296 octona
982 2255 1073 2296 loca
1097 2254 1271 2296 tribunis
1298 2253 1472 2294 militum
1498 2252 1684 2293 creandis

330 2330 530 2370 occupare
557 2316 665 2357 soliti
691 2317 790 2366 sint,
817 2323 857 2357 et
881 2317 934 2358 ad
959 2315 1217 2357 consulatum
1238 2316 1348 2357 viam
1367 2315 1455 2356 fieri
1473 2328 1683 2369 passuros,

287 2391 302 2418 ῖ
330 2378 400 2430 qui
425 2378 677 2419 tribunatum
705 2385 893 2434 saeptum
918 2384 1001 2418 tam
1026 2379 1097 2418 diu
1115 2377 1358 2419 habuerint?
1387 2377 1478 2431 lege
1498 2376 1684 2420 obtinen-

329 2440 427 2480 dum
454 2455 563 2490 esse,
590 2441 702 2495 quod
727 2441 902 2482 comitiis
921 2455 996 2495 per
1013 2440 1187 2495 gratiam
1208 2446 1397 2493 nequeat,
1425 2445 1463 2479 et
1484 2452 1684 2493 seponen-

331 2502 429 2542 dum
460 2509 575 2544 extra
605 2510 811 2545 certamen
842 2503 1014 2544 alterum
1041 2502 1318 2551 consulatum,
1351 2502 1403 2542 ad
1428 2516 1549 2555 quem
1574 2499 1684 2555 plebi

332 2563 383 2603 sit
408 2564 560 2614 aditus,
593 2565 787 2618 quoniam
811 2565 853 2605 in
878 2564 1098 2605 certamine
1123 2564 1287 2605 relictus
1319 2563 1547 2618 praemium
1579 2576 1684 2602 sem-

287 2636 305 2663 3
331 2637 402 2677 per
426 2627 665 2679 potentioris
690 2627 853 2668 futurus
880 2627 943 2668 sit.
994 2641 1070 2667 nee
1099 2626 1181 2667 iam
1211 2641 1335 2681 posse
1367 2626 1446 2666 diei
1477 2625 1537 2674 id,
1574 2623 1683 2677 quod

333 2692 450 2726 antea
474 2687 623 2730 iactare
649 2689 756 2730 soliti
783 2689 880 2739 sint,
907 2704 990 2730 non
1014 2703 1105 2730 esse
1131 2689 1171 2728 in
1193 2687 1364 2743 plebeiis
1384 2687 1553 2728 idoneos
1574 2685 1682 2725 viros

281 1276 298 1304 Ιύ
