<?xml version="1.0" encoding="UTF-8"?>
<!DOCTYPE html PUBLIC "-//W3C//DTD XHTML 1.0 Transitional//EN"
    "http://www.w3.org/TR/xhtml1/DTD/xhtml1-transitional.dtd">
<html xmlns="http://www.w3.org/1999/xhtml" xml:lang="en" lang="en">
 <head>
  <title>
</title>
<meta http-equiv="Content-Type" content="text/html;charset=utf-8" />
  <meta name='ocr-system' content='tesseract 3.04.00' />
  <meta name='ocr-capabilities' content='ocr_page ocr_carea ocr_par ocr_line ocrx_word'/>
</head>
<body>
  <div class='ocr_page' id='page_1' title='image "./aburbeconditalib01livyuoft_0270.png"; bbox 0 0 1835 3226; ppageno 0'>
   <div class='ocr_carea' id='block_1_1' title="bbox 301 333 336 360">
    <p class='ocr_par' dir='ltr' id='par_1_1' title="bbox 301 333 336 360">
     <span class='ocr_line' id='line_1_1' title="bbox 301 333 336 360; baseline 0 0"><span class='ocrx_word' id='word_1_1' title='bbox 301 333 336 360; x_wconf 70' lang='lat'>12</span> 
     </span>
    </p>
   </div>
   <div class='ocr_carea' id='block_1_2' title="bbox 298 455 334 482">
    <p class='ocr_par' dir='ltr' id='par_1_2' title="bbox 298 455 334 482">
     <span class='ocr_line' id='line_1_2' title="bbox 298 455 334 482; baseline -0.083 0"><span class='ocrx_word' id='word_1_2' title='bbox 298 455 334 482; x_wconf 68' lang='lat'>123</span> 
     </span>
    </p>
   </div>
   <div class='ocr_carea' id='block_1_3' title="bbox 294 949 331 977">
    <p class='ocr_par' dir='ltr' id='par_1_3' title="bbox 294 949 331 977">
     <span class='ocr_line' id='line_1_3' title="bbox 294 949 331 977; baseline -0.027 0"><span class='ocrx_word' id='word_1_3' title='bbox 294 949 331 977; x_wconf 66' lang='lat'>14</span> 
     </span>
    </p>
   </div>
   <div class='ocr_carea' id='block_1_4' title="bbox 295 1258 332 1285">
    <p class='ocr_par' dir='ltr' id='par_1_4' title="bbox 295 1258 332 1285">
     <span class='ocr_line' id='line_1_4' title="bbox 295 1258 332 1285; baseline 0 0"><span class='ocrx_word' id='word_1_4' title='bbox 295 1258 332 1285; x_wconf 65' lang='lat'>13</span> 
     </span>
    </p>
   </div>
   <div class='ocr_carea' id='block_1_5' title="bbox 310 2619 327 2645">
    <p class='ocr_par' dir='ltr' id='par_1_5' title="bbox 310 2619 327 2645">
     <span class='ocr_line' id='line_1_5' title="bbox 310 2619 327 2645; baseline 0 0"><span class='ocrx_word' id='word_1_5' title='bbox 310 2619 327 2645; x_wconf 67' lang='lat'>45</span> 
     </span>
    </p>
   </div>
   <div class='ocr_carea' id='block_1_6' title="bbox 370 208 1402 258">
    <p class='ocr_par' dir='ltr' id='par_1_6' title="bbox 370 208 1402 258">
     <span class='ocr_line' id='line_1_6' title="bbox 370 208 1402 258; baseline 0.001 -11"><span class='ocrx_word' id='word_1_6' title='bbox 370 208 449 248; x_wconf 79' lang='lat'>130</span> <span class='ocrx_word' id='word_1_7' title='bbox 677 212 832 247; x_wconf 83' lang='lat' dir='ltr'>LIBER</span> <span class='ocrx_word' id='word_1_8' title='bbox 856 212 930 255; x_wconf 88' lang='lat'>111,</span> <span class='ocrx_word' id='word_1_9' title='bbox 958 212 988 244; x_wconf 89' lang='grc'>5.</span> <span class='ocrx_word' id='word_1_10' title='bbox 1009 214 1038 245; x_wconf 81' lang='lat'>6.</span> <span class='ocrx_word' id='word_1_11' title='bbox 1068 213 1301 255; x_wconf 75' lang='lat' dir='ltr'>[a.u.e.290.</span> <span class='ocrx_word' id='word_1_12' title='bbox 1320 214 1402 258; x_wconf 77' lang='lat'><strong>291]</strong></span> 
     </span>
    </p>
   </div>
   <div class='ocr_carea' id='block_1_7' title="bbox 351 314 1721 2227">
    <p class='ocr_par' dir='ltr' id='par_1_7' title="bbox 357 314 1721 927">
     <span class='ocr_line' id='line_1_7' title="bbox 363 314 1719 372; baseline 0.001 -14"><span class='ocrx_word' id='word_1_13' title='bbox 363 323 565 371; x_wconf 78' lang='lat' dir='ltr'>acceptae.</span> <span class='ocrx_word' id='word_1_14' title='bbox 621 314 788 355; x_wconf 84' lang='lat' dir='ltr'>difficile</span> <span class='ocrx_word' id='word_1_15' title='bbox 820 314 872 354; x_wconf 89' lang='lat' dir='ltr'>ad</span> <span class='ocrx_word' id='word_1_16' title='bbox 902 314 1026 354; x_wconf 85' lang='lat' dir='ltr'>fidem</span> <span class='ocrx_word' id='word_1_17' title='bbox 1057 322 1119 355; x_wconf 90' lang='lat' dir='ltr'>est</span> <span class='ocrx_word' id='word_1_18' title='bbox 1143 315 1185 354; x_wconf 89' lang='lat' dir='ltr'>in</span> <span class='ocrx_word' id='word_1_19' title='bbox 1212 321 1294 355; x_wconf 89' lang='lat' dir='ltr'>tam</span> <span class='ocrx_word' id='word_1_20' title='bbox 1326 316 1494 368; x_wconf 79' lang='lat' dir='ltr'>antiqua</span> <span class='ocrx_word' id='word_1_21' title='bbox 1523 333 1584 368; x_wconf 86' lang='lat' dir='ltr'>re,</span> <span class='ocrx_word' id='word_1_22' title='bbox 1622 327 1719 372; x_wconf 75' lang='lat' dir='ltr'>quot</span> 
     </span>
     <span class='ocr_line' id='line_1_8' title="bbox 362 376 1720 432; baseline 0.002 -14"><span class='ocrx_word' id='word_1_23' title='bbox 362 377 634 432; x_wconf 83' lang='lat' dir='ltr'>pugnaverint</span> <span class='ocrx_word' id='word_1_24' title='bbox 659 376 945 425; x_wconf 83' lang='lat' dir='ltr'>ceciderintve,</span> <span class='ocrx_word' id='word_1_25' title='bbox 972 384 1117 416; x_wconf 82' lang='lat' dir='ltr'>exacto</span> <span class='ocrx_word' id='word_1_26' title='bbox 1137 377 1353 417; x_wconf 91' lang='lat' dir='ltr'>adfirmare</span> <span class='ocrx_word' id='word_1_27' title='bbox 1373 392 1554 419; x_wconf 88' lang='lat' dir='ltr'>numero.</span> <span class='ocrx_word' id='word_1_28' title='bbox 1599 381 1720 421; x_wconf 87' lang='lat' dir='ltr'>audet</span> 
     </span>
     <span class='ocr_line' id='line_1_9' title="bbox 362 437 1720 492; baseline 0.002 -13"><span class='ocrx_word' id='word_1_29' title='bbox 362 447 496 479; x_wconf 88' lang='lat' dir='ltr'>tamen</span> <span class='ocrx_word' id='word_1_30' title='bbox 522 438 672 478; x_wconf 79' lang='lat' dir='ltr'>Antias</span> <span class='ocrx_word' id='word_1_31' title='bbox 693 437 885 479; x_wconf 87' lang='lat' dir='ltr'>Valerius</span> <span class='ocrx_word' id='word_1_32' title='bbox 912 438 1126 492; x_wconf 81' lang='lat' dir='ltr'>concipere</span> <span class='ocrx_word' id='word_1_33' title='bbox 1153 453 1354 479; x_wconf 87' lang='lat' dir='ltr'>summas:</span> <span class='ocrx_word' id='word_1_34' title='bbox 1379 439 1592 480; x_wconf 83' lang='lat' dir='ltr'>Romanos</span> <span class='ocrx_word' id='word_1_35' title='bbox 1618 442 1720 482; x_wconf 87' lang='lat' dir='ltr'>ceei-</span> 
     </span>
     <span class='ocr_line' id='line_1_10' title="bbox 360 496 1721 556; baseline 0.001 -15"><span class='ocrx_word' id='word_1_36' title='bbox 360 502 470 541; x_wconf 85' lang='lat' dir='ltr'>disse</span> <span class='ocrx_word' id='word_1_37' title='bbox 494 501 537 540; x_wconf 91' lang='lat' dir='ltr'>in</span> <span class='ocrx_word' id='word_1_38' title='bbox 556 500 740 540; x_wconf 90' lang='lat' dir='ltr'>Hernico</span> <span class='ocrx_word' id='word_1_39' title='bbox 765 515 866 556; x_wconf 87' lang='lat' dir='ltr'>agro</span> <span class='ocrx_word' id='word_1_40' title='bbox 891 500 1072 554; x_wconf 87' lang='lat' dir='ltr'>quinque</span> <span class='ocrx_word' id='word_1_41' title='bbox 1093 500 1205 541; x_wconf 88' lang='lat' dir='ltr'>milia</span> <span class='ocrx_word' id='word_1_42' title='bbox 1230 515 1277 541; x_wconf 89' lang='lat' dir='ltr'>ae</span> <span class='ocrx_word' id='word_1_43' title='bbox 1297 501 1509 551; x_wconf 82' lang='lat' dir='ltr'>ducentos,</span> <span class='ocrx_word' id='word_1_44' title='bbox 1537 496 1721 556; x_wconf 52' lang='grc'>011111110-</span> 
     </span>
     <span class='ocr_line' id='line_1_11' title="bbox 359 562 1720 616; baseline -0.001 -12"><span class='ocrx_word' id='word_1_45' title='bbox 359 562 569 604; x_wconf 81' lang='lat' dir='ltr'>datoribus</span> <span class='ocrx_word' id='word_1_46' title='bbox 596 562 853 615; x_wconf 81' lang='lat' dir='ltr'><strong>Aequorum,</strong></span> <span class='ocrx_word' id='word_1_47' title='bbox 880 562 950 615; x_wconf 87' lang='lat' dir='ltr'>qui</span> <span class='ocrx_word' id='word_1_48' title='bbox 975 562 1258 616; x_wconf 83' lang='lat' dir='ltr'>populabundi</span> <span class='ocrx_word' id='word_1_49' title='bbox 1283 563 1324 603; x_wconf 89' lang='lat' dir='ltr'>in</span> <span class='ocrx_word' id='word_1_50' title='bbox 1349 563 1500 604; x_wconf 84' lang='lat' dir='ltr'>finibus</span> <span class='ocrx_word' id='word_1_51' title='bbox 1520 564 1720 605; x_wconf 78' lang='lat' dir='ltr'>Romanis</span> 
     </span>
     <span class='ocr_line' id='line_1_12' title="bbox 359 624 1721 680; baseline 0.001 -15"><span class='ocrx_word' id='word_1_52' title='bbox 359 625 628 680; x_wconf 73' lang='lat' dir='ltr'>vagabantur,</span> <span class='ocrx_word' id='word_1_53' title='bbox 656 625 707 666; x_wconf 89' lang='lat' dir='ltr'>ab</span> <span class='ocrx_word' id='word_1_54' title='bbox 727 624 780 665; x_wconf 85' lang='lat' dir='ltr'>A.</span> <span class='ocrx_word' id='word_1_55' title='bbox 796 624 1014 666; x_wconf 88' lang='lat' dir='ltr'>Postumio</span> <span class='ocrx_word' id='word_1_56' title='bbox 1039 625 1207 665; x_wconf 89' lang='lat' dir='ltr'>consule</span> <span class='ocrx_word' id='word_1_57' title='bbox 1233 626 1314 666; x_wconf 88' lang='lat' dir='ltr'>duo</span> <span class='ocrx_word' id='word_1_58' title='bbox 1340 626 1452 666; x_wconf 84' lang='lat' dir='ltr'>milia</span> <span class='ocrx_word' id='word_1_59' title='bbox 1471 633 1509 666; x_wconf 86' lang='lat' dir='ltr'>et</span> <span class='ocrx_word' id='word_1_60' title='bbox 1529 627 1721 679; x_wconf 83' lang='lat' dir='ltr'>quadrin—</span> 
     </span>
     <span class='ocr_line' id='line_1_13' title="bbox 357 686 1718 742; baseline 0.001 -15"><span class='ocrx_word' id='word_1_61' title='bbox 357 694 504 742; x_wconf 89' lang='lat' dir='ltr'>gentos</span> <span class='ocrx_word' id='word_1_62' title='bbox 536 701 698 736; x_wconf 89' lang='lat' dir='ltr'>caesos,</span> <span class='ocrx_word' id='word_1_63' title='bbox 737 692 916 727; x_wconf 75' lang='lat' dir='ltr'>ceteram</span> <span class='ocrx_word' id='word_1_64' title='bbox 947 686 1253 727; x_wconf 87' lang='lat' dir='ltr'>multitudinem</span> <span class='ocrx_word' id='word_1_65' title='bbox 1283 687 1480 741; x_wconf 84' lang='lat' dir='ltr'>praedam</span> <span class='ocrx_word' id='word_1_66' title='bbox 1516 694 1718 742; x_wconf 88' lang='lat' dir='ltr'>agentem,</span> 
     </span>
     <span class='ocr_line' id='line_1_14' title="bbox 358 747 1719 803; baseline 0.001 -16"><span class='ocrx_word' id='word_1_67' title='bbox 358 763 463 801; x_wconf 87' lang='lat' dir='ltr'>quae</span> <span class='ocrx_word' id='word_1_68' title='bbox 488 748 675 789; x_wconf 86' lang='lat' dir='ltr'>inciderit</span> <span class='ocrx_word' id='word_1_69' title='bbox 700 749 742 788; x_wconf 90' lang='lat' dir='ltr'>in</span> <span class='ocrx_word' id='word_1_70' title='bbox 768 747 1031 801; x_wconf 83' lang='lat' dir='ltr'>Quinctium,</span> <span class='ocrx_word' id='word_1_71' title='bbox 1070 762 1332 801; x_wconf 82' lang='lat' dir='ltr'>nequaquam</span> <span class='ocrx_word' id='word_1_72' title='bbox 1362 749 1450 803; x_wconf 89' lang='lat' dir='ltr'>pari</span> <span class='ocrx_word' id='word_1_73' title='bbox 1482 749 1719 790; x_wconf 83' lang='lat' dir='ltr'>defunctam</span> 
     </span>
     <span class='ocr_line' id='line_1_15' title="bbox 360 810 1719 864; baseline 0.001 -13"><span class='ocrx_word' id='word_1_74' title='bbox 360 825 451 851; x_wconf 85' lang='lat' dir='ltr'>esse</span> <span class='ocrx_word' id='word_1_75' title='bbox 478 811 621 860; x_wconf 83' lang='lat' dir='ltr'>eaede3</span> <span class='ocrx_word' id='word_1_76' title='bbox 653 810 869 851; x_wconf 88' lang='lat' dir='ltr'>interfecta</span> <span class='ocrx_word' id='word_1_77' title='bbox 893 810 988 850; x_wconf 89' lang='lat' dir='ltr'>inde</span> <span class='ocrx_word' id='word_1_78' title='bbox 1015 816 1208 862; x_wconf 88' lang='lat' dir='ltr'>quattuor</span> <span class='ocrx_word' id='word_1_79' title='bbox 1238 810 1351 850; x_wconf 87' lang='lat' dir='ltr'>milia</span> <span class='ocrx_word' id='word_1_80' title='bbox 1381 817 1438 860; x_wconf 86' lang='lat' dir='ltr'>et,</span> <span class='ocrx_word' id='word_1_81' title='bbox 1477 812 1719 864; x_wconf 79' lang='lat' dir='ltr'>exequendo</span> 
     </span>
     <span class='ocr_line' id='line_1_16' title="bbox 362 872 1396 927; baseline 0 -15"><span class='ocrx_word' id='word_1_82' title='bbox 362 872 567 913; x_wconf 78' lang='lat' dir='ltr'>subtiliter</span> <span class='ocrx_word' id='word_1_83' title='bbox 590 887 820 921; x_wconf 87' lang='lat' dir='ltr'>numerum,</span> <span class='ocrx_word' id='word_1_84' title='bbox 848 872 1046 912; x_wconf 88' lang='lat' dir='ltr'>ducentos</span> <span class='ocrx_word' id='word_1_85' title='bbox 1073 872 1129 912; x_wconf 89' lang='lat' dir='ltr'>ait</span> <span class='ocrx_word' id='word_1_86' title='bbox 1153 878 1193 912; x_wconf 93' lang='lat' dir='ltr'>et</span> <span class='ocrx_word' id='word_1_87' title='bbox 1218 872 1396 927; x_wconf 86' lang='lat' dir='ltr'>triginta.</span> 
     </span>
    </p>

    <p class='ocr_par' dir='ltr' id='par_1_8' title="bbox 357 933 1720 1486">
     <span class='ocr_line' id='line_1_17' title="bbox 441 933 1720 984; baseline -0.001 -9"><span class='ocrx_word' id='word_1_88' title='bbox 441 933 502 975; x_wconf 82' lang='lat' dir='ltr'>Ut</span> <span class='ocrx_word' id='word_1_89' title='bbox 519 934 698 975; x_wconf 87' lang='lat' dir='ltr'>Romam</span> <span class='ocrx_word' id='word_1_90' title='bbox 723 935 900 976; x_wconf 86' lang='lat' dir='ltr'>reditum</span> <span class='ocrx_word' id='word_1_91' title='bbox 926 941 966 974; x_wconf 85' lang='lat' dir='ltr'>et</span> <span class='ocrx_word' id='word_1_92' title='bbox 990 934 1192 974; x_wconf 86' lang='lat' dir='ltr'>iustitium</span> <span class='ocrx_word' id='word_1_93' title='bbox 1214 934 1435 974; x_wconf 88' lang='lat' dir='ltr'>remissum</span> <span class='ocrx_word' id='word_1_94' title='bbox 1461 941 1534 984; x_wconf 91' lang='lat' dir='ltr'>est,</span> <span class='ocrx_word' id='word_1_95' title='bbox 1561 935 1720 976; x_wconf 87' lang='lat' dir='ltr'>caelum</span> 
     </span>
     <span class='ocr_line' id='line_1_18' title="bbox 357 996 1720 1051; baseline 0.001 -14"><span class='ocrx_word' id='word_1_96' title='bbox 357 996 492 1037; x_wconf 81' lang='lat' dir='ltr'>visum</span> <span class='ocrx_word' id='word_1_97' title='bbox 517 1003 578 1037; x_wconf 87' lang='lat' dir='ltr'>est</span> <span class='ocrx_word' id='word_1_98' title='bbox 603 997 746 1037; x_wconf 88' lang='lat' dir='ltr'>ardere</span> <span class='ocrx_word' id='word_1_99' title='bbox 771 996 948 1050; x_wconf 88' lang='lat' dir='ltr'>plurimo</span> <span class='ocrx_word' id='word_1_100' title='bbox 974 997 1060 1051; x_wconf 90' lang='lat' dir='ltr'>igni</span> <span class='ocrx_word' id='word_1_101' title='bbox 1085 1002 1356 1050; x_wconf 86' lang='lat' dir='ltr'>portentaque</span> <span class='ocrx_word' id='word_1_102' title='bbox 1382 997 1462 1037; x_wconf 90' lang='lat' dir='ltr'>alia</span> <span class='ocrx_word' id='word_1_103' title='bbox 1487 1005 1555 1037; x_wconf 86' lang='lat' dir='ltr'>aut</span> <span class='ocrx_word' id='word_1_104' title='bbox 1575 997 1720 1038; x_wconf 81' lang='lat' dir='ltr'>obver-</span> 
     </span>
     <span class='ocr_line' id='line_1_19' title="bbox 357 1058 1719 1112; baseline 0.001 -14"><span class='ocrx_word' id='word_1_105' title='bbox 357 1064 446 1098; x_wconf 90' lang='lat' dir='ltr'>sata</span> <span class='ocrx_word' id='word_1_106' title='bbox 475 1058 603 1099; x_wconf 84' lang='lat' dir='ltr'>oeulis</span> <span class='ocrx_word' id='word_1_107' title='bbox 636 1064 706 1098; x_wconf 87' lang='lat' dir='ltr'>aut</span> <span class='ocrx_word' id='word_1_108' title='bbox 741 1074 870 1099; x_wconf 67' lang='lat' dir='ltr'>vanas</span> <span class='ocrx_word' id='word_1_109' title='bbox 908 1058 1111 1099; x_wconf 82' lang='lat' dir='ltr'>exterritis</span> <span class='ocrx_word' id='word_1_110' title='bbox 1144 1064 1403 1099; x_wconf 77' lang='lat' dir='ltr'>ostentavere</span> <span class='ocrx_word' id='word_1_111' title='bbox 1434 1059 1606 1112; x_wconf 86' lang='lat' dir='ltr'>species.</span> <span class='ocrx_word' id='word_1_112' title='bbox 1655 1058 1719 1099; x_wconf 86' lang='lat' dir='ltr'>his</span> 
     </span>
     <span class='ocr_line' id='line_1_20' title="bbox 357 1119 1718 1175; baseline 0.001 -16"><span class='ocrx_word' id='word_1_113' title='bbox 357 1120 588 1159; x_wconf 81' lang='lat' dir='ltr'>avertendis</span> <span class='ocrx_word' id='word_1_114' title='bbox 615 1119 838 1160; x_wconf 85' lang='lat' dir='ltr'>terroribus</span> <span class='ocrx_word' id='word_1_115' title='bbox 863 1120 904 1160; x_wconf 91' lang='lat' dir='ltr'>in</span> <span class='ocrx_word' id='word_1_116' title='bbox 930 1120 1112 1161; x_wconf 86' lang='lat' dir='ltr'>triduum</span> <span class='ocrx_word' id='word_1_117' title='bbox 1138 1120 1264 1161; x_wconf 89' lang='lat' dir='ltr'>feriae</span> <span class='ocrx_word' id='word_1_118' title='bbox 1290 1120 1487 1170; x_wconf 87' lang='lat' dir='ltr'>indictae,</span> <span class='ocrx_word' id='word_1_119' title='bbox 1520 1135 1593 1175; x_wconf 88' lang='lat' dir='ltr'>per</span> <span class='ocrx_word' id='word_1_120' title='bbox 1616 1135 1718 1174; x_wconf 85' lang='lat' dir='ltr'>quas</span> 
     </span>
     <span class='ocr_line' id='line_1_21' title="bbox 357 1181 1719 1236; baseline 0.001 -15"><span class='ocrx_word' id='word_1_121' title='bbox 357 1181 494 1222; x_wconf 84' lang='lat' dir='ltr'>onmia</span> <span class='ocrx_word' id='word_1_122' title='bbox 518 1181 689 1223; x_wconf 85' lang='lat' dir='ltr'>delubra</span> <span class='ocrx_word' id='word_1_123' title='bbox 713 1197 858 1236; x_wconf 83' lang='lat' dir='ltr'>pacem</span> <span class='ocrx_word' id='word_1_124' title='bbox 884 1183 1007 1222; x_wconf 88' lang='lat' dir='ltr'>deum</span> <span class='ocrx_word' id='word_1_125' title='bbox 1033 1183 1346 1236; x_wconf 76' lang='lat' dir='ltr'>exposcentium</span> <span class='ocrx_word' id='word_1_126' title='bbox 1370 1183 1550 1223; x_wconf 65' lang='lat' dir='ltr'>virorum</span> <span class='ocrx_word' id='word_1_127' title='bbox 1576 1182 1719 1222; x_wconf 89' lang='lat' dir='ltr'>mulie-</span> 
     </span>
     <span class='ocr_line' id='line_1_22' title="bbox 358 1243 1718 1298; baseline -0.001 -14"><span class='ocrx_word' id='word_1_128' title='bbox 358 1257 531 1296; x_wconf 88' lang='lat' dir='ltr'>rumque</span> <span class='ocrx_word' id='word_1_129' title='bbox 558 1243 677 1285; x_wconf 89' lang='lat' dir='ltr'>turba</span> <span class='ocrx_word' id='word_1_130' title='bbox 700 1243 975 1298; x_wconf 74' lang='lat' dir='ltr'>implebantur.</span> <span class='ocrx_word' id='word_1_131' title='bbox 1020 1244 1207 1284; x_wconf 88' lang='lat' dir='ltr'>cohortes</span> <span class='ocrx_word' id='word_1_132' title='bbox 1242 1244 1336 1284; x_wconf 89' lang='lat' dir='ltr'>inde</span> <span class='ocrx_word' id='word_1_133' title='bbox 1361 1244 1540 1285; x_wconf 85' lang='lat' dir='ltr'>Latinae</span> <span class='ocrx_word' id='word_1_134' title='bbox 1564 1243 1718 1284; x_wconf 90' lang='lat' dir='ltr'>Herni-</span> 
     </span>
     <span class='ocr_line' id='line_1_23' title="bbox 357 1305 1716 1361; baseline -0.001 -15"><span class='ocrx_word' id='word_1_135' title='bbox 357 1319 510 1359; x_wconf 88' lang='lat' dir='ltr'>caeque</span> <span class='ocrx_word' id='word_1_136' title='bbox 536 1305 587 1346; x_wconf 88' lang='lat' dir='ltr'>ab</span> <span class='ocrx_word' id='word_1_137' title='bbox 613 1312 759 1347; x_wconf 85' lang='lat' dir='ltr'>senatu</span> <span class='ocrx_word' id='word_1_138' title='bbox 785 1306 928 1361; x_wconf 84' lang='lat' dir='ltr'>gratiis</span> <span class='ocrx_word' id='word_1_139' title='bbox 949 1305 1000 1346; x_wconf 92' lang='lat' dir='ltr'>ob</span> <span class='ocrx_word' id='word_1_140' title='bbox 1021 1306 1225 1361; x_wconf 80' lang='lat' dir='ltr'>inpigram</span> <span class='ocrx_word' id='word_1_141' title='bbox 1244 1305 1431 1346; x_wconf 86' lang='lat' dir='ltr'>militiam</span> <span class='ocrx_word' id='word_1_142' title='bbox 1452 1306 1552 1346; x_wconf 89' lang='lat' dir='ltr'>actis</span> <span class='ocrx_word' id='word_1_143' title='bbox 1572 1305 1716 1346; x_wconf 86' lang='lat' dir='ltr'>remis-</span> 
     </span>
     <span class='ocr_line' id='line_1_24' title="bbox 357 1367 1716 1420; baseline -0.001 -12"><span class='ocrx_word' id='word_1_144' title='bbox 357 1382 427 1408; x_wconf 87' lang='lat' dir='ltr'>sae</span> <span class='ocrx_word' id='word_1_145' title='bbox 452 1368 609 1408; x_wconf 87' lang='lat' dir='ltr'>domos.</span> <span class='ocrx_word' id='word_1_146' title='bbox 657 1367 851 1408; x_wconf 86' lang='lat' dir='ltr'>Antiates</span> <span class='ocrx_word' id='word_1_147' title='bbox 878 1368 988 1408; x_wconf 89' lang='lat' dir='ltr'>mille</span> <span class='ocrx_word' id='word_1_148' title='bbox 1019 1368 1189 1417; x_wconf 81' lang='lat' dir='ltr'>milites,</span> <span class='ocrx_word' id='word_1_149' title='bbox 1227 1368 1324 1420; x_wconf 86' lang='lat' dir='ltr'>quia</span> <span class='ocrx_word' id='word_1_150' title='bbox 1350 1382 1487 1407; x_wconf 88' lang='lat' dir='ltr'>serum</span> <span class='ocrx_word' id='word_1_151' title='bbox 1519 1367 1716 1407; x_wconf 82' lang='lat' dir='ltr'>auxilium</span> 
     </span>
     <span class='ocr_line' id='line_1_25' title="bbox 357 1430 1629 1486; baseline -0.002 -15"><span class='ocrx_word' id='word_1_152' title='bbox 357 1440 450 1484; x_wconf 87' lang='lat' dir='ltr'>post</span> <span class='ocrx_word' id='word_1_153' title='bbox 474 1431 675 1486; x_wconf 88' lang='lat' dir='ltr'>proelium</span> <span class='ocrx_word' id='word_1_154' title='bbox 701 1438 908 1479; x_wconf 64' lang='lat' dir='ltr'>venerant,</span> <span class='ocrx_word' id='word_1_155' title='bbox 935 1445 1062 1484; x_wconf 87' lang='lat' dir='ltr'>prope</span> <span class='ocrx_word' id='word_1_156' title='bbox 1089 1445 1182 1470; x_wconf 88' lang='lat' dir='ltr'>eum</span> <span class='ocrx_word' id='word_1_157' title='bbox 1207 1430 1433 1485; x_wconf 83' lang='lat' dir='ltr'>ignominia</span> <span class='ocrx_word' id='word_1_158' title='bbox 1459 1430 1629 1470; x_wconf 76' lang='lat' dir='ltr'>dimissi.</span> 
     </span>
    </p>

    <p class='ocr_par' dir='ltr' id='par_1_9' title="bbox 351 1491 1716 2227">
     <span class='ocr_line' id='line_1_26' title="bbox 443 1491 1715 1540; baseline -0.002 -7"><span class='ocrx_word' id='word_1_159' title='bbox 443 1491 518 1533; x_wconf 80' lang='lat' dir='ltr'>VI.</span> <span class='ocrx_word' id='word_1_160' title='bbox 570 1492 750 1534; x_wconf 89' lang='lat' dir='ltr'>Comitia</span> <span class='ocrx_word' id='word_1_161' title='bbox 774 1492 868 1533; x_wconf 86' lang='lat' dir='ltr'>inde</span> <span class='ocrx_word' id='word_1_162' title='bbox 894 1492 1044 1540; x_wconf 87' lang='lat' dir='ltr'>habita,</span> <span class='ocrx_word' id='word_1_163' title='bbox 1073 1492 1197 1533; x_wconf 89' lang='lat' dir='ltr'>creati</span> <span class='ocrx_word' id='word_1_164' title='bbox 1217 1492 1406 1532; x_wconf 86' lang='grc'>0011511105</span> <span class='ocrx_word' id='word_1_165' title='bbox 1426 1492 1479 1532; x_wconf 88' lang='lat' dir='ltr'>L.</span> <span class='ocrx_word' id='word_1_166' title='bbox 1495 1491 1715 1538; x_wconf 74' lang='lat' dir='ltr'>Aebutius,</span> 
     </span>
     <span class='ocr_line' id='line_1_27' title="bbox 354 1552 1715 1608; baseline -0.001 -15"><span class='ocrx_word' id='word_1_167' title='bbox 354 1553 403 1593; x_wconf 90' lang='lat' dir='ltr'>P.</span> <span class='ocrx_word' id='word_1_168' title='bbox 427 1552 642 1595; x_wconf 72' lang='lat' dir='ltr'>Servilius.</span> <span class='ocrx_word' id='word_1_169' title='bbox 680 1553 868 1594; x_wconf 83' lang='lat' dir='ltr'>kalendis</span> <span class='ocrx_word' id='word_1_170' title='bbox 891 1552 1132 1602; x_wconf 79' lang='lat' dir='ltr'>Sextilibus,</span> <span class='ocrx_word' id='word_1_171' title='bbox 1160 1560 1205 1593; x_wconf 84' lang='lat' dir='ltr'>ut</span> <span class='ocrx_word' id='word_1_172' title='bbox 1229 1560 1325 1593; x_wconf 86' lang='lat' dir='ltr'>tune</span> <span class='ocrx_word' id='word_1_173' title='bbox 1349 1554 1595 1608; x_wconf 87' lang='lat' dir='ltr'>principium</span> <span class='ocrx_word' id='word_1_174' title='bbox 1622 1554 1715 1594; x_wconf 90' lang='lat' dir='ltr'>anni</span> 
     </span>
     <span class='ocr_line' id='line_1_28' title="bbox 356 1615 1716 1670; baseline 0 -15"><span class='ocrx_word' id='word_1_175' title='bbox 356 1615 567 1670; x_wconf 86' lang='lat' dir='ltr'>agebatur,</span> <span class='ocrx_word' id='word_1_176' title='bbox 594 1615 854 1657; x_wconf 85' lang='lat' dir='ltr'>consulatum</span> <span class='ocrx_word' id='word_1_177' title='bbox 872 1615 1026 1655; x_wconf 91' lang='lat' dir='ltr'>ineunt.</span> <span class='ocrx_word' id='word_1_178' title='bbox 1059 1629 1186 1669; x_wconf 84' lang='lat' dir='ltr'>grave</span> <span class='ocrx_word' id='word_1_179' title='bbox 1207 1621 1369 1668; x_wconf 88' lang='lat' dir='ltr'>tempus</span> <span class='ocrx_word' id='word_1_180' title='bbox 1391 1622 1431 1655; x_wconf 85' lang='lat' dir='ltr'>et</span> <span class='ocrx_word' id='word_1_181' title='bbox 1456 1615 1560 1656; x_wconf 90' lang='lat' dir='ltr'>forte</span> <span class='ocrx_word' id='word_1_182' title='bbox 1585 1630 1716 1656; x_wconf 83' lang='lat' dir='ltr'>annus</span> 
     </span>
     <span class='ocr_line' id='line_1_29' title="bbox 353 1676 1716 1731; baseline -0.001 -14"><span class='ocrx_word' id='word_1_183' title='bbox 353 1677 549 1730; x_wconf 85' lang='lat' dir='ltr'>pestilens</span> <span class='ocrx_word' id='word_1_184' title='bbox 581 1683 668 1717; x_wconf 89' lang='lat' dir='ltr'>erat</span> <span class='ocrx_word' id='word_1_185' title='bbox 698 1676 789 1717; x_wconf 86' lang='lat' dir='ltr'>urbi</span> <span class='ocrx_word' id='word_1_186' title='bbox 822 1676 1014 1731; x_wconf 87' lang='lat' dir='ltr'>agrisque</span> <span class='ocrx_word' id='word_1_187' title='bbox 1045 1690 1121 1716; x_wconf 90' lang='grc'>1100</span> <span class='ocrx_word' id='word_1_188' title='bbox 1151 1676 1386 1717; x_wconf 88' lang='lat' dir='ltr'>hominibus</span> <span class='ocrx_word' id='word_1_189' title='bbox 1423 1677 1556 1731; x_wconf 88' lang='lat' dir='ltr'>magis</span> <span class='ocrx_word' id='word_1_190' title='bbox 1593 1690 1716 1729; x_wconf 89' lang='lat' dir='ltr'>quam</span> 
     </span>
     <span class='ocr_line' id='line_1_30' title="bbox 352 1737 1715 1793; baseline -0.001 -14"><span class='ocrx_word' id='word_1_191' title='bbox 352 1738 502 1792; x_wconf 85' lang='lat' dir='ltr'>pecori,</span> <span class='ocrx_word' id='word_1_192' title='bbox 531 1744 571 1779; x_wconf 87' lang='lat' dir='ltr'>et</span> <span class='ocrx_word' id='word_1_193' title='bbox 595 1753 747 1779; x_wconf 83' lang='lat' dir='ltr'>auxere</span> <span class='ocrx_word' id='word_1_194' title='bbox 772 1738 855 1778; x_wconf 69' lang='lat' dir='ltr'>vim</span> <span class='ocrx_word' id='word_1_195' title='bbox 876 1737 1010 1778; x_wconf 90' lang='lat' dir='ltr'>morbi</span> <span class='ocrx_word' id='word_1_196' title='bbox 1029 1744 1181 1779; x_wconf 87' lang='lat' dir='ltr'>terrore</span> <span class='ocrx_word' id='word_1_197' title='bbox 1201 1737 1479 1793; x_wconf 82' lang='lat' dir='ltr'>populationis</span> <span class='ocrx_word' id='word_1_198' title='bbox 1498 1737 1715 1792; x_wconf 88' lang='lat' dir='ltr'>pecoribus</span> 
     </span>
     <span class='ocr_line' id='line_1_31' title="bbox 353 1799 1716 1854; baseline -0.001 -14"><span class='ocrx_word' id='word_1_199' title='bbox 353 1799 670 1854; x_wconf 87' lang='lat' dir='ltr'>agrestibusque</span> <span class='ocrx_word' id='word_1_200' title='bbox 700 1800 743 1840; x_wconf 87' lang='lat' dir='ltr'>iu</span> <span class='ocrx_word' id='word_1_201' title='bbox 773 1799 917 1841; x_wconf 88' lang='lat' dir='ltr'>urbem</span> <span class='ocrx_word' id='word_1_202' title='bbox 951 1800 1143 1854; x_wconf 87' lang='lat' dir='ltr'>acceptis.</span> <span class='ocrx_word' id='word_1_203' title='bbox 1194 1814 1243 1840; x_wconf 88' lang='lat' dir='ltr'>ea</span> <span class='ocrx_word' id='word_1_204' title='bbox 1276 1799 1465 1840; x_wconf 74' lang='lat' dir='ltr'>conluvio</span> <span class='ocrx_word' id='word_1_205' title='bbox 1497 1799 1716 1840; x_wconf 80' lang='lat' dir='ltr'>mixtorum</span> 
     </span>
     <span class='ocr_line' id='line_1_32' title="bbox 352 1861 1716 1917; baseline 0 -15"><span class='ocrx_word' id='word_1_206' title='bbox 352 1862 486 1903; x_wconf 89' lang='grc'>01111115</span> <span class='ocrx_word' id='word_1_207' title='bbox 518 1862 682 1917; x_wconf 86' lang='lat' dir='ltr'>generis</span> <span class='ocrx_word' id='word_1_208' title='bbox 719 1862 989 1903; x_wconf 88' lang='lat' dir='ltr'>animantium</span> <span class='ocrx_word' id='word_1_209' title='bbox 1025 1869 1064 1902; x_wconf 88' lang='lat' dir='ltr'>et</span> <span class='ocrx_word' id='word_1_210' title='bbox 1101 1862 1226 1903; x_wconf 90' lang='lat' dir='ltr'>odore</span> <span class='ocrx_word' id='word_1_211' title='bbox 1261 1861 1426 1903; x_wconf 87' lang='lat' dir='ltr'>insolito</span> <span class='ocrx_word' id='word_1_212' title='bbox 1462 1861 1642 1903; x_wconf 89' lang='lat' dir='ltr'>urbanos</span> <span class='ocrx_word' id='word_1_213' title='bbox 1678 1869 1716 1902; x_wconf 90' lang='lat' dir='ltr'>et</span> 
     </span>
     <span class='ocr_line' id='line_1_33' title="bbox 352 1923 1716 1979; baseline 0.001 -15"><span class='ocrx_word' id='word_1_214' title='bbox 352 1931 559 1979; x_wconf 80' lang='lat' dir='ltr'>agrestem</span> <span class='ocrx_word' id='word_1_215' title='bbox 585 1924 815 1965; x_wconf 88' lang='lat' dir='ltr'>confertum</span> <span class='ocrx_word' id='word_1_216' title='bbox 840 1924 883 1964; x_wconf 90' lang='lat' dir='ltr'>in</span> <span class='ocrx_word' id='word_1_217' title='bbox 907 1930 995 1964; x_wconf 83' lang='lat' dir='ltr'>arta</span> <span class='ocrx_word' id='word_1_218' title='bbox 1019 1930 1127 1965; x_wconf 88' lang='lat' dir='ltr'>tecta</span> <span class='ocrx_word' id='word_1_219' title='bbox 1152 1930 1269 1965; x_wconf 85' lang='lat' dir='ltr'>aestu</span> <span class='ocrx_word' id='word_1_220' title='bbox 1295 1939 1342 1965; x_wconf 90' lang='lat' dir='ltr'>ae</span> <span class='ocrx_word' id='word_1_221' title='bbox 1368 1924 1518 1979; x_wconf 70' lang='lat' dir='ltr'>vigiliis</span> <span class='ocrx_word' id='word_1_222' title='bbox 1538 1923 1716 1979; x_wconf 86' lang='lat' dir='ltr'>angebat</span> 
     </span>
     <span class='ocr_line' id='line_1_34' title="bbox 352 1986 1716 2042; baseline 0 -16"><span class='ocrx_word' id='word_1_223' title='bbox 352 1986 662 2039; x_wconf 88' lang='lat' dir='ltr'>ministeriaque</span> <span class='ocrx_word' id='word_1_224' title='bbox 699 1986 876 2027; x_wconf 81' lang='lat' dir='ltr'>invicem</span> <span class='ocrx_word' id='word_1_225' title='bbox 914 2000 962 2027; x_wconf 87' lang='lat' dir='ltr'>ae</span> <span class='ocrx_word' id='word_1_226' title='bbox 999 1987 1191 2042; x_wconf 86' lang='lat' dir='ltr'>contagio</span> <span class='ocrx_word' id='word_1_227' title='bbox 1227 1986 1319 2040; x_wconf 89' lang='lat' dir='ltr'>ipsa</span> <span class='ocrx_word' id='word_1_228' title='bbox 1355 1986 1579 2041; x_wconf 66' lang='lat' dir='ltr'>volgabant</span> <span class='ocrx_word' id='word_1_229' title='bbox 1609 2000 1716 2026; x_wconf 91' lang='lat' dir='ltr'>mor-</span> 
     </span>
     <span class='ocr_line' id='line_1_35' title="bbox 351 2047 1716 2103; baseline 0 -15"><span class='ocrx_word' id='word_1_230' title='bbox 351 2047 441 2089; x_wconf 86' lang='lat' dir='ltr'>bos.</span> <span class='ocrx_word' id='word_1_231' title='bbox 478 2047 549 2088; x_wconf 84' lang='lat' dir='ltr'>vix</span> <span class='ocrx_word' id='word_1_232' title='bbox 572 2047 773 2089; x_wconf 87' lang='lat' dir='ltr'>instantes</span> <span class='ocrx_word' id='word_1_233' title='bbox 801 2048 1099 2089; x_wconf 87' lang='lat' dir='ltr'>sustinentibus</span> <span class='ocrx_word' id='word_1_234' title='bbox 1120 2048 1257 2089; x_wconf 88' lang='lat' dir='ltr'>clades</span> <span class='ocrx_word' id='word_1_235' title='bbox 1277 2057 1444 2102; x_wconf 90' lang='lat' dir='ltr'>repente</span> <span class='ocrx_word' id='word_1_236' title='bbox 1462 2047 1588 2103; x_wconf 86' lang='lat' dir='ltr'>legati</span> <span class='ocrx_word' id='word_1_237' title='bbox 1606 2047 1716 2088; x_wconf 89' lang='lat' dir='ltr'>Her-</span> 
     </span>
     <span class='ocr_line' id='line_1_36' title="bbox 351 2109 1713 2165; baseline -0.001 -15"><span class='ocrx_word' id='word_1_238' title='bbox 351 2110 433 2151; x_wconf 88' lang='lat' dir='ltr'>nici</span> <span class='ocrx_word' id='word_1_239' title='bbox 458 2110 665 2161; x_wconf 90' lang='lat' dir='ltr'>nuntiant,</span> <span class='ocrx_word' id='word_1_240' title='bbox 699 2110 742 2150; x_wconf 88' lang='lat' dir='ltr'>in</span> <span class='ocrx_word' id='word_1_241' title='bbox 767 2125 867 2165; x_wconf 86' lang='lat' dir='ltr'>agro</span> <span class='ocrx_word' id='word_1_242' title='bbox 893 2125 968 2151; x_wconf 90' lang='lat' dir='ltr'>suo</span> <span class='ocrx_word' id='word_1_243' title='bbox 994 2109 1168 2164; x_wconf 89' lang='lat' dir='ltr'>Aequos</span> <span class='ocrx_word' id='word_1_244' title='bbox 1194 2110 1455 2163; x_wconf 82' lang='lat' dir='ltr'>Volscosque</span> <span class='ocrx_word' id='word_1_245' title='bbox 1487 2109 1713 2150; x_wconf 85' lang='lat' dir='ltr'>coniunctis</span> 
     </span>
     <span class='ocr_line' id='line_1_37' title="bbox 351 2171 1715 2227; baseline -0.001 -15"><span class='ocrx_word' id='word_1_246' title='bbox 351 2171 482 2226; x_wconf 82' lang='lat' dir='ltr'>copiis</span> <span class='ocrx_word' id='word_1_247' title='bbox 508 2177 642 2212; x_wconf 88' lang='lat' dir='ltr'>castra</span> <span class='ocrx_word' id='word_1_248' title='bbox 665 2172 870 2226; x_wconf 88' lang='lat' dir='ltr'>posuisse,</span> <span class='ocrx_word' id='word_1_249' title='bbox 896 2172 992 2213; x_wconf 88' lang='lat' dir='ltr'>inde</span> <span class='ocrx_word' id='word_1_250' title='bbox 1018 2172 1199 2213; x_wconf 83' lang='lat' dir='ltr'>exercitu</span> <span class='ocrx_word' id='word_1_251' title='bbox 1225 2172 1381 2227; x_wconf 87' lang='lat' dir='ltr'>ingenti</span> <span class='ocrx_word' id='word_1_252' title='bbox 1399 2171 1503 2212; x_wconf 91' lang='lat' dir='ltr'>fines</span> <span class='ocrx_word' id='word_1_253' title='bbox 1529 2186 1625 2212; x_wconf 88' lang='lat' dir='ltr'>suos</span> <span class='ocrx_word' id='word_1_254' title='bbox 1645 2171 1715 2211; x_wconf 88' lang='lat' dir='ltr'>de-</span> 
     </span>
    </p>
   </div>
   <div class='ocr_carea' id='block_1_8' title="bbox 310 2233 1714 2289">
    <p class='ocr_par' dir='ltr' id='par_1_10' title="bbox 310 2233 1714 2289">
     <span class='ocr_line' id='line_1_38' title="bbox 310 2233 1714 2289; baseline -0.001 -15"><span class='ocrx_word' id='word_1_255' title='bbox 310 2249 318 2259; x_wconf 60' lang='grc'>-“</span> <span class='ocrx_word' id='word_1_256' title='bbox 350 2234 550 2288; x_wconf 88' lang='lat' dir='ltr'>populari.</span> <span class='ocrx_word' id='word_1_257' title='bbox 610 2241 899 2289; x_wconf 88' lang='lat' dir='ltr'>praeterquam</span> <span class='ocrx_word' id='word_1_258' title='bbox 936 2235 1047 2288; x_wconf 87' lang='lat' dir='ltr'>quod</span> <span class='ocrx_word' id='word_1_259' title='bbox 1083 2234 1322 2288; x_wconf 87' lang='lat' dir='ltr'>infrequens</span> <span class='ocrx_word' id='word_1_260' title='bbox 1361 2240 1527 2275; x_wconf 90' lang='lat' dir='ltr'>senatus</span> <span class='ocrx_word' id='word_1_261' title='bbox 1563 2233 1714 2274; x_wconf 86' lang='lat' dir='ltr'>indicio</span> 
     </span>
    </p>
   </div>
   <div class='ocr_carea' id='block_1_9' title="bbox 351 2295 1713 2722">
    <p class='ocr_par' dir='ltr' id='par_1_11' title="bbox 351 2295 1713 2599">
     <span class='ocr_line' id='line_1_39' title="bbox 351 2295 1712 2351; baseline -0.001 -15"><span class='ocrx_word' id='word_1_262' title='bbox 351 2303 437 2336; x_wconf 87' lang='lat' dir='ltr'>erat</span> <span class='ocrx_word' id='word_1_263' title='bbox 463 2295 604 2345; x_wconf 89' lang='lat' dir='ltr'>sociis,</span> <span class='ocrx_word' id='word_1_264' title='bbox 637 2295 844 2337; x_wconf 85' lang='lat' dir='ltr'>adflictam</span> <span class='ocrx_word' id='word_1_265' title='bbox 869 2296 1076 2337; x_wconf 77' lang='lat' dir='ltr'>civitatem</span> <span class='ocrx_word' id='word_1_266' title='bbox 1102 2296 1336 2351; x_wconf 88' lang='lat' dir='ltr'>pestilentia</span> <span class='ocrx_word' id='word_1_267' title='bbox 1367 2310 1478 2344; x_wconf 89' lang='lat' dir='ltr'>esse,</span> <span class='ocrx_word' id='word_1_268' title='bbox 1510 2302 1712 2336; x_wconf 88' lang='lat' dir='ltr'>maestum</span> 
     </span>
     <span class='ocr_line' id='line_1_40' title="bbox 352 2357 1712 2413; baseline -0.001 -16"><span class='ocrx_word' id='word_1_269' title='bbox 352 2357 474 2398; x_wconf 88' lang='lat' dir='ltr'>etiam</span> <span class='ocrx_word' id='word_1_270' title='bbox 498 2372 744 2412; x_wconf 86' lang='lat' dir='ltr'>responsum</span> <span class='ocrx_word' id='word_1_271' title='bbox 763 2358 904 2407; x_wconf 87' lang='lat' dir='ltr'>tulere,</span> <span class='ocrx_word' id='word_1_272' title='bbox 931 2365 975 2398; x_wconf 92' lang='lat' dir='ltr'>ut</span> <span class='ocrx_word' id='word_1_273' title='bbox 994 2373 1067 2413; x_wconf 90' lang='lat' dir='ltr'>per</span> <span class='ocrx_word' id='word_1_274' title='bbox 1087 2373 1130 2399; x_wconf 88' lang='lat' dir='ltr'>se</span> <span class='ocrx_word' id='word_1_275' title='bbox 1149 2358 1228 2412; x_wconf 87' lang='lat' dir='ltr'>ipsi</span> <span class='ocrx_word' id='word_1_276' title='bbox 1247 2357 1418 2398; x_wconf 86' lang='lat' dir='ltr'>Hernici</span> <span class='ocrx_word' id='word_1_277' title='bbox 1438 2372 1531 2398; x_wconf 87' lang='lat' dir='ltr'>eum</span> <span class='ocrx_word' id='word_1_278' title='bbox 1550 2357 1712 2397; x_wconf 90' lang='lat' dir='ltr'>Latinis</span> 
     </span>
     <span class='ocr_line' id='line_1_41' title="bbox 352 2418 1713 2469; baseline -0.001 -10"><span class='ocrx_word' id='word_1_279' title='bbox 352 2433 416 2460; x_wconf 89' lang='lat' dir='ltr'>res</span> <span class='ocrx_word' id='word_1_280' title='bbox 454 2434 550 2460; x_wconf 89' lang='lat' dir='ltr'>suas</span> <span class='ocrx_word' id='word_1_281' title='bbox 587 2425 832 2460; x_wconf 86' lang='lat' dir='ltr'>tutarentur:</span> <span class='ocrx_word' id='word_1_282' title='bbox 870 2419 1016 2461; x_wconf 88' lang='lat' dir='ltr'>urbem</span> <span class='ocrx_word' id='word_1_283' title='bbox 1053 2420 1287 2461; x_wconf 85' lang='lat' dir='ltr'>Romanam</span> <span class='ocrx_word' id='word_1_284' title='bbox 1324 2419 1461 2460; x_wconf 89' lang='lat' dir='ltr'>subita</span> <span class='ocrx_word' id='word_1_285' title='bbox 1496 2419 1619 2460; x_wconf 89' lang='lat' dir='ltr'>deum</span> <span class='ocrx_word' id='word_1_286' title='bbox 1652 2418 1713 2469; x_wconf 82' lang='lat' dir='ltr'>ira</span> 
     </span>
     <span class='ocr_line' id='line_1_42' title="bbox 353 2480 1710 2536; baseline -0.001 -15"><span class='ocrx_word' id='word_1_287' title='bbox 353 2480 495 2522; x_wconf 90' lang='lat' dir='ltr'>morbo</span> <span class='ocrx_word' id='word_1_288' title='bbox 519 2482 727 2536; x_wconf 84' lang='lat' dir='ltr'>populari3</span> <span class='ocrx_word' id='word_1_289' title='bbox 765 2482 800 2523; x_wconf 91' lang='lat' dir='ltr'>si</span> <span class='ocrx_word' id='word_1_290' title='bbox 824 2497 906 2536; x_wconf 87' lang='lat' dir='ltr'>qua</span> <span class='ocrx_word' id='word_1_291' title='bbox 940 2483 1028 2523; x_wconf 88' lang='lat' dir='ltr'>eius</span> <span class='ocrx_word' id='word_1_292' title='bbox 1060 2483 1157 2523; x_wconf 90' lang='lat' dir='ltr'>mali</span> <span class='ocrx_word' id='word_1_293' title='bbox 1188 2482 1305 2535; x_wconf 88' lang='lat' dir='ltr'>quies</span> <span class='ocrx_word' id='word_1_294' title='bbox 1336 2481 1492 2530; x_wconf 80' lang='lat' dir='ltr'>veniat,</span> <span class='ocrx_word' id='word_1_295' title='bbox 1530 2489 1575 2521; x_wconf 85' lang='lat' dir='ltr'>ut</span> <span class='ocrx_word' id='word_1_296' title='bbox 1604 2494 1710 2520; x_wconf 91' lang='lat' dir='ltr'>anno</span> 
     </span>
     <span class='ocr_line' id='line_1_43' title="bbox 352 2544 1331 2599; baseline 0.002 -17"><span class='ocrx_word' id='word_1_297' title='bbox 352 2551 457 2591; x_wconf 89' lang='lat' dir='ltr'>ante,</span> <span class='ocrx_word' id='word_1_298' title='bbox 484 2550 529 2584; x_wconf 86' lang='lat' dir='ltr'>ut</span> <span class='ocrx_word' id='word_1_299' title='bbox 555 2558 717 2598; x_wconf 89' lang='lat' dir='ltr'>semper</span> <span class='ocrx_word' id='word_1_300' title='bbox 742 2544 842 2586; x_wconf 88' lang='lat' dir='ltr'>alias</span> <span class='ocrx_word' id='word_1_301' title='bbox 869 2545 991 2586; x_wconf 86' lang='lat' dir='ltr'>sociis</span> <span class='ocrx_word' id='word_1_302' title='bbox 1018 2559 1139 2599; x_wconf 88' lang='lat' dir='ltr'>opem</span> <span class='ocrx_word' id='word_1_303' title='bbox 1163 2544 1331 2585; x_wconf 87' lang='lat' dir='ltr'>laturos.</span> 
     </span>
    </p>

    <p class='ocr_par' dir='ltr' id='par_1_12' title="bbox 354 2604 1709 2722">
     <span class='ocr_line' id='line_1_44' title="bbox 436 2604 1709 2660; baseline -0.003 -15"><span class='ocrx_word' id='word_1_304' title='bbox 436 2605 682 2647; x_wconf 89' lang='lat' dir='ltr'>Discessere</span> <span class='ocrx_word' id='word_1_305' title='bbox 708 2606 809 2647; x_wconf 88' lang='lat' dir='ltr'>socii</span> <span class='ocrx_word' id='word_1_306' title='bbox 834 2621 907 2660; x_wconf 88' lang='lat' dir='ltr'>pro</span> <span class='ocrx_word' id='word_1_307' title='bbox 932 2607 1038 2647; x_wconf 84' lang='lat' dir='ltr'>tristi</span> <span class='ocrx_word' id='word_1_308' title='bbox 1058 2606 1200 2647; x_wconf 89' lang='lat' dir='ltr'>nuntio</span> <span class='ocrx_word' id='word_1_309' title='bbox 1221 2605 1442 2646; x_wconf 89' lang='lat' dir='ltr'>tristiorem</span> <span class='ocrx_word' id='word_1_310' title='bbox 1460 2604 1628 2644; x_wconf 84' lang='lat' dir='ltr'>domum</span> <span class='ocrx_word' id='word_1_311' title='bbox 1648 2617 1709 2642; x_wconf 87' lang='lat' dir='ltr'>re-</span> 
     </span>
     <span class='ocr_line' id='line_1_45' title="bbox 354 2664 1708 2722; baseline 0 -18"><span class='ocrx_word' id='word_1_312' title='bbox 354 2666 551 2715; x_wconf 80' lang='lat' dir='ltr'>ferentes,</span> <span class='ocrx_word' id='word_1_313' title='bbox 589 2668 740 2721; x_wconf 88' lang='lat' dir='ltr'>quippe</span> <span class='ocrx_word' id='word_1_314' title='bbox 766 2667 916 2720; x_wconf 89' lang='lat' dir='ltr'>quibus</span> <span class='ocrx_word' id='word_1_315' title='bbox 942 2683 1015 2722; x_wconf 89' lang='lat' dir='ltr'>per</span> <span class='ocrx_word' id='word_1_316' title='bbox 1040 2682 1083 2709; x_wconf 88' lang='lat' dir='ltr'>se</span> <span class='ocrx_word' id='word_1_317' title='bbox 1115 2666 1401 2708; x_wconf 88' lang='lat' dir='ltr'>sustinendum</span> <span class='ocrx_word' id='word_1_318' title='bbox 1431 2664 1584 2705; x_wconf 84' lang='lat' dir='ltr'>bellum</span> <span class='ocrx_word' id='word_1_319' title='bbox 1610 2671 1708 2713; x_wconf 88' lang='lat' dir='ltr'>erat,</span> 
     </span>
    </p>
   </div>
  </div>
 </body>
</html>
