1835 3226
308 211 390 252 352
601 214 755 249 LIBER
780 213 869 258 vn,
897 213 926 246 1.
947 211 978 246 52.
1007 212 1357 257 [a.u.0.3ss-391]

307 321 458 362 aediles
491 317 653 360 curules
685 317 824 358 creari.
873 316 1006 371 primo
1037 323 1082 356 ut
1114 315 1280 357 alternis
1312 316 1429 357 annis
1461 330 1511 357 ex
1540 317 1660 373 plebe

305 382 448 422 fierent
473 385 718 421 convenerat
727 395 738 429 3
763 385 907 433 postea
932 377 1185 432 promiscum
1208 377 1298 418 fuit.

389 442 493 483 Inde
517 442 570 482 L.
594 438 782 482 Genucio
808 447 848 481 et
873 439 925 493 Q.
949 439 1124 482 Servilio
1150 439 1388 482 consulibus
1414 446 1453 481 et
1478 439 1530 482 ab
1556 440 1664 482 sedi-

305 505 414 545 tione
440 511 480 545 et
504 519 528 544 a
552 503 659 544 bello
685 503 833 557 quietis
859 502 1002 551 rebus,
1034 516 1085 542 ne
1111 502 1275 555 quando
1301 517 1325 542 a
1349 509 1461 543 metu
1485 517 1533 543 ac
1557 503 1664 557 peri-

259 579 278 609 S
306 567 407 608 culis
432 573 638 615 vacarent,
665 565 899 620 pestilentia
923 565 1069 620 ingens
1096 572 1195 605 orta.
1234 579 1460 614 censorem,
1487 565 1662 606 aedilem

304 628 499 678 curulem,
526 635 607 669 tres
633 627 818 668 tribunos
842 626 976 682 plebis
1001 633 1184 667 mortuos
1211 626 1359 676 ferunt,
1384 641 1459 681 pro
1477 627 1663 681 portione

304 698 343 732 et
374 705 425 732 ex
455 690 714 731 multitudine
746 689 825 730 alia
855 689 985 729 multa
1015 688 1163 729 funera
1194 688 1338 730 fuisse.
1387 702 1663 743 maxumeque

304 769 394 795 eam
419 752 695 808 pestilentiam
719 752 925 807 insignem
950 766 1060 792 mors
1086 765 1210 805 quam
1229 757 1391 792 matura
1411 758 1494 792 tam
1515 750 1664 793 acerba

259 830 276 859 9
304 816 363 856 M.
377 815 414 857 F
416 815 479 856 uri
503 815 612 856 fecit.
663 814 742 855 fuit
767 814 876 855 enim
900 828 996 854 vere
1022 813 1084 854 vir
1107 814 1254 854 unicus
1280 813 1322 853 in
1348 813 1459 854 omni
1483 812 1661 861 fortuna,

303 878 492 933 princeps
518 892 619 932 paee
651 876 842 930 belloque
872 876 1113 930 priusquam
1145 875 1356 916 exulatum
1386 875 1481 925 iret3
1519 875 1664 916 clarior

303 941 344 981 in
376 940 497 982 exilio
529 939 594 980 vel
626 939 830 980 desiderio
862 938 1058 988 civitatis,
1096 952 1202 991 quae
1234 944 1355 993 capta
1390 936 1572 979 absentis
1603 937 1664 978 in-

302 1003 477 1058 ploravit
502 1017 635 1057 opem,
664 1001 728 1043 vel
753 1001 960 1050 felicitate,
987 1015 1069 1055 qua
1093 1000 1307 1041 restitutus
1333 1000 1376 1041 in
1399 999 1575 1055 patriam
1601 1014 1666 1041 se-

240 1079 278 1107 lo
304 1080 397 1106 cum
427 1065 601 1120 patriam
632 1064 767 1119 ipsam
797 1063 993 1113 restituit3
1030 1077 1105 1118 par
1135 1062 1283 1103 deinde
1313 1077 1388 1117 per
1418 1061 1599 1115 quinque
1624 1069 1666 1103 et

304 1127 451 1182 viginti
482 1141 611 1168 annos
643 1151 697 1155 —
730 1133 791 1167 tot
828 1126 936 1166 enim
974 1132 1117 1180 postea
1151 1124 1252 1165 vixit
1287 1149 1342 1154 —
1379 1123 1495 1164 titulo
1528 1130 1664 1165 tantae

303 1189 456 1244 gloriae
481 1188 559 1229 fuit
584 1188 816 1243 dignusque
842 1187 1018 1236 habitus,
1046 1201 1169 1240 quem
1196 1187 1422 1227 secundum
1442 1201 1466 1227 a
1485 1185 1664 1228 Romulo

305 1251 557 1292 conditorem
582 1250 695 1291 urbis
721 1249 935 1290 Romanae
960 1248 1125 1289 ferrent.

264 1328 272 1355 1
389 1313 446 1354 II.
499 1312 555 1354 Et
581 1312 659 1353 hoc
685 1318 722 1352 et
748 1311 978 1365 insequenti
1004 1325 1111 1351 anno
1139 1309 1187 1351 C.
1216 1308 1401 1364 Sulpicio
1426 1308 1582 1358 Petico,
1612 1308 1661 1350 C.

261 1390 278 1418 ·2
305 1375 469 1417 Licinio
504 1373 673 1417 Stolone
711 1373 951 1415 consulibus
982 1371 1216 1427 pestilentia
1245 1371 1336 1412 fuit.
1393 1386 1440 1412 eo
1472 1371 1571 1412 nihil
1604 1372 1664 1411 di-

305 1453 435 1493 gnum
461 1437 657 1478 memoria
684 1443 833 1485 actum,
860 1435 938 1476 nisi
958 1435 1068 1488 quod
1087 1434 1200 1489 pacis
1227 1433 1349 1474 deum
1377 1434 1661 1488 exposcendae

307 1515 433 1541 causa
458 1499 575 1539 tertio
601 1506 687 1538 tum
712 1504 806 1552 post
832 1497 1039 1538 conditam
1069 1496 1213 1537 urbem
1244 1495 1538 1536 lectisternium
1570 1495 1660 1535 suit.

261 1577 278 1602 :z
306 1568 345 1603 et
376 1576 469 1602 cum
499 1560 561 1601 vis
594 1560 727 1601 morbi
755 1573 832 1600 nee
868 1559 1059 1599 humanis
1092 1558 1273 1599 consiliis
1309 1572 1387 1598 nee
1417 1572 1494 1612 ope
1525 1558 1664 1598 divina

305 1624 524 1673 levaretur,
567 1623 686 1664 victis
719 1622 1006 1677 superstitione
1044 1621 1190 1661 animis
1226 1620 1314 1661 ludi
1349 1634 1512 1674 quoque
1550 1635 1664 1661 scae-

305 1687 403 1736 nici,
440 1701 550 1726 nova
573 1700 638 1726 res
665 1684 863 1726 bellicoso
892 1682 1047 1738 populo
1072 1707 1126 1712 —
1151 1697 1248 1722 nam
1273 1681 1369 1722 circi
1400 1682 1522 1723 modo
1549 1696 1665 1737 spec-

305 1748 485 1790 taculum
510 1747 646 1788 fuerat
671 1772 744 1796 —,
775 1747 882 1787 inter
912 1745 992 1786 alia
1017 1744 1205 1786 caelestis
1237 1743 1320 1784 irae
1350 1743 1580 1798 placamina
1605 1744 1665 1784 in-

262 1826 279 1853 4
308 1811 437 1851 stituti
462 1810 665 1851 dicuntur.
705 1815 885 1850 ceterum
905 1822 1033 1862 parva
1052 1821 1228 1860 quoque,
1254 1812 1301 1846 ut
1319 1805 1447 1846 ferme
1467 1805 1664 1860 principia

307 1873 462 1922 onmia,
500 1879 539 1914 et
571 1887 619 1913 ea
648 1873 740 1927 ipsa
770 1870 989 1926 peregrina
1018 1884 1084 1910 res
1115 1868 1212 1909 fuit:
1252 1868 1339 1909 sine
1365 1867 1543 1908 carmine
1567 1867 1664 1917 ullo,

307 1936 394 1977 sine
418 1935 710 1975 imitandorum
737 1933 964 1975 carminum
990 1938 1084 1972 actu
1108 1931 1297 1972 ludiones
1329 1945 1381 1970 ex
1405 1929 1574 1970 Etruria
1599 1943 1667 1970 ae-

308 1999 376 2039 citi
433 1998 486 2038 ad
517 1997 695 2038 tibicinis
727 1996 872 2037 modos
905 1995 1102 2036 saltantes
1138 1993 1251 2034 haud
1281 1993 1496 2033 indecoros
1527 1998 1663 2033 motus

262 2075 279 2104 5
306 2076 418 2102 more
445 2060 585 2101 Tusco
616 2059 782 2101 dabant.
830 2057 980 2098 imitari
1011 2057 1159 2098 deinde
1191 2071 1262 2097 eos
1293 2056 1505 2104 iuventus,
1544 2053 1665 2096 simul

307 2122 524 2164 inconditis
549 2122 655 2163 inter
681 2136 724 2163 se
749 2120 945 2162 iocularia
976 2119 1197 2160 fundentes
1228 2117 1436 2167 versibus,
1473 2130 1644 2171 coepere
1653 2132 1665 2167 3

263 2199 280 2227 6
308 2201 382 2227 nec
408 2185 554 2227 absoni
585 2200 609 2226 a
638 2199 739 2225 voce
770 2190 907 2224 motus
940 2188 1067 2224 erant.
1117 2186 1286 2235 accepta
1315 2180 1453 2233 itaque
1483 2193 1550 2220 res
1576 2193 1666 2220 sae-

306 2248 482 2303 piusque
512 2246 750 2302 usurpando
781 2245 970 2286 excitata.
1025 2243 1256 2285 vernaculis
1289 2241 1532 2290 artificibus,
1569 2240 1666 2294 quia

307 2312 405 2352 ister
423 2310 562 2351 Tusco
588 2308 713 2351 verbo
737 2308 850 2349 ludio
876 2306 1112 2355 vocabatur,
1139 2319 1290 2346 nomen
1314 2303 1580 2344 histrionibus
1604 2302 1666 2343 in-

308 2373 456 2422 ditum,
483 2372 553 2426 qui
577 2387 672 2421 non,
701 2371 805 2412 sicut
831 2376 943 2418 ante,
969 2368 1230 2410 Fescennino
1255 2381 1379 2407 versu
1405 2364 1581 2407 similem
1605 2364 1666 2405 in-

307 2434 578 2490 compositum
594 2441 745 2475 temere
760 2447 806 2473 ac
820 2432 964 2473 rudem
983 2430 1147 2472 alternis
1162 2428 1377 2477 iaciebant,
1405 2428 1477 2469 sed
1491 2426 1664 2482 inpletas

307 2497 441 2538 modis
469 2503 627 2538 saturas
653 2495 859 2549 descripto
885 2494 966 2534 iam
994 2493 1046 2534 ad
1071 2491 1283 2533 tibicinem
1315 2497 1438 2531 cantu
1469 2495 1664 2543 motuque

265 2573 282 2602 s
310 2559 549 2615 congruenti
572 2557 839 2614 peragebant.
882 2556 1033 2597 Livius
1057 2561 1153 2610 post
1177 2554 1333 2608 aliquot
1358 2553 1489 2602 anm's,
1516 2551 1587 2605 qui
1611 2550 1663 2591 ab

309 2622 456 2662 saturis
483 2636 608 2662 ausus
634 2627 695 2661 est
720 2619 877 2675 primus
904 2622 1146 2674 argumento
1171 2615 1356 2657 fabulam
1381 2628 1528 2663 serere,
1553 2613 1661 2653 idem

311 2683 475 2731 scilicet,
502 2683 544 2723 id
569 2682 680 2736 quod
704 2695 847 2723 omnes
873 2686 961 2721 tum
987 2684 1119 2727 erant,
1147 2691 1316 2719 suorum
1342 2675 1570 2716 carminum
1595 2687 1663 2713 ac-
