1780 3204
411 253 564 288 LIBER
589 254 644 297 11,
673 254 726 287 64.
746 252 799 286 65.
830 255 878 296 [a.
895 251 1144 295 emo—468]
1387 244 1467 284 123

110 360 236 408 initia,
262 357 371 399 bello
397 357 543 397 deinde
569 363 738 397 externo
763 355 993 409 tranquilla.
1046 354 1203 404 Sabini,
1232 353 1465 395 Crustumi-

110 436 184 462 nos
211 435 378 475 campos
405 420 526 460 citato
552 419 716 474 agmine
742 418 1008 473 transgressi,
1046 432 1140 458 cum
1171 418 1318 458 caedes
1344 423 1384 458 et
1408 419 1466 459 in-

110 483 255 524 cendia
286 483 438 523 circum
463 480 670 521 Anienem
701 480 855 520 flumen
885 480 1100 529 fecissent,
1139 495 1162 519 a
1192 485 1310 533 porta
1339 494 1467 535 prope

111 544 274 586 Collina
298 543 596 597 moenibusque
620 543 742 597 pulsi,
768 543 956 597 ingentes
982 547 1119 582 tamen
1143 541 1316 595 praedas
1336 542 1468 582 homi-

109 622 208 646 num
244 620 522 660 pecorumque
559 619 692 659 egere.
752 619 856 657 quos
895 602 1096 645 Servilius
1134 603 1279 643 consul
1314 603 1466 644 infesto
1492 620 1509 646 4

110 668 292 708 exercitu
315 667 544 716 insecutus,
581 667 718 720 ipsum
749 666 915 719 quidem
941 679 1089 720 agmen
1120 665 1293 719 adipisci
1324 665 1466 718 aequis

109 730 209 770 locis
235 744 317 770 non
340 729 490 783 potuit,
527 728 836 783 populationem
861 727 963 767 adeo
988 726 1119 768 effuse
1144 727 1259 776 fecit,
1295 733 1341 767 ut
1365 727 1465 767 nihil

109 791 216 832 bello
263 791 462 831 intactum
509 790 755 843 relinqueret
801 789 1098 843 multiplicique
1147 796 1266 842 capta
1313 789 1466 843 praeda

110 853 272 893 rediret.

193 914 250 954 Et
273 914 315 954 in
334 912 499 954 Volscis
524 927 589 953 res
615 912 779 966 publica
804 911 968 966 egregie
986 918 1105 966 gesta
1124 926 1217 951 cum
1237 911 1354 952 ducis
1374 918 1461 951 tum
1491 927 1509 954 5

108 976 283 1016 militurn
308 989 442 1029 opera.
479 974 669 1029 primum,
696 988 827 1026 aequo
847 987 992 1027 campo
1019 973 1148 1028 signis
1175 973 1361 1022 conlatis,
1388 987 1464 1027 pu·
1504 1024 1506 1026 ‚

109 1044 278 1092 gnatum
303 1036 458 1091 ingenti
483 1036 607 1076 caede
632 1035 848 1088 utrimque,
875 1035 1050 1088 plurimo
1076 1035 1290 1089 sanguine.
1324 1041 1363 1075 et
1380 1035 1465 1075 Ro-
1492 1048 1508 1074 ι’;

108 1099 230 1147 mani,
257 1099 352 1151 quia
376 1098 560 1152 paucitas
580 1097 730 1137 damno
750 1096 962 1136 sentiendo
981 1097 1147 1150 propior
1165 1104 1263 1145 erat,
1289 1097 1462 1150 gradum

107 1160 358 1209 retulissent,
389 1160 431 1199 ni
455 1158 607 1199 salubri
633 1158 846 1198 mendacio
878 1157 1040 1205 consul,
1073 1157 1218 1212 fugere
1243 1157 1384 1198 hostes
1412 1158 1463 1198 ab

108 1237 233 1263 cornu
259 1221 385 1262 altero
417 1220 649 1269 clamitans,
682 1219 928 1260 concitasset
959 1219 1101 1259 aciem.
1151 1219 1308 1273 impetu
1339 1219 1462 1268 facto,

106 1284 204 1323 dum
230 1297 273 1323 se
297 1288 444 1336 putant
468 1281 645 1330 vincere,
671 1281 818 1321 vicere.
868 1280 1012 1321 consul
1037 1287 1238 1330 metuens,
1265 1296 1315 1321 ne
1339 1281 1462 1322 nimis
1491 1296 1506 1323 7

105 1344 293 1385 instando
319 1350 532 1385 renovaret
558 1350 780 1391 certamen,
814 1343 977 1397 signum
1009 1343 1192 1398 receptui
1223 1344 1346 1384 dedit.
1402 1344 1464 1384 in-
1489 1361 1508 1387 s

105 1412 326 1446 tcrcessere
345 1405 466 1460 pauci
485 1405 585 1454 dies,
612 1405 724 1445 velut
743 1405 877 1445 tacitis
902 1405 1068 1445 indutiis
1094 1405 1300 1458 utrimque
1326 1406 1462 1459 quiete

106 1475 280 1521 sumpta,
306 1482 380 1522 per
398 1482 501 1521 quos
521 1467 667 1521 ingens
689 1466 750 1507 vis
771 1466 986 1507 hominum
1007 1482 1059 1507 cx
1082 1467 1273 1508 omnibus
1295 1467 1460 1509 Volscis

104 1528 344 1582 Aequisque
368 1529 531 1583 populis
556 1529 599 1568 in
624 1535 758 1569 castra
782 1528 912 1577 venit,
944 1528 1043 1569 haut
1069 1529 1280 1578 dubitans,
1309 1530 1343 1570 si
1370 1544 1462 1569 sen-

105 1590 247 1640 serint,
279 1591 490 1632 Romanos
516 1597 635 1631 nocte
661 1590 856 1632 abituros.
905 1591 1042 1643 itaque
1069 1591 1187 1632 tertia
1212 1592 1297 1632 fere
1322 1592 1463 1647 vigilia
1489 1608 1505 1634 ει

104 1652 157 1691 ad
182 1661 316 1692 castra
339 1653 616 1707 oppugnanda
640 1652 820 1692 veniunt.
860 1651 1079 1704 Quinctius
1106 1653 1249 1693 sedato
1270 1653 1459 1702 tumultu,
1491 1668 1528 1695 io

105 1727 228 1765 quem
263 1720 391 1754 terror
422 1713 580 1754 subitus
611 1713 834 1762 exciverat,
874 1728 964 1754 cum
998 1729 1163 1754 manere
1198 1714 1241 1754 in
1277 1715 1460 1755 tentoriis

106 1775 292 1826 quietum
321 1775 489 1814 militem
515 1775 721 1823 iussisset,
760 1775 1035 1815 Hernicorum
1067 1775 1275 1815 cohortem
1307 1776 1349 1815 in
1381 1782 1463 1816 sta-

106 1836 258 1876 tionem
283 1836 437 1884 educit,
470 1836 695 1877 cornicines
727 1836 1012 1889 tubicinesque
1036 1836 1079 1876 in
1104 1851 1232 1889 equos
1258 1837 1458 1890 inpositos

106 1911 250 1937 canere
275 1903 368 1936 ante
393 1897 547 1936 vallum
577 1897 691 1937 iubet
722 1897 1024 1949 sollicitumque
1054 1897 1216 1938 hostem
1241 1898 1293 1937 ad
1323 1898 1458 1938 lucem

105 1965 254 1998 tencre.
307 1958 476 1998 relicum
513 1959 642 1998 noctis
680 1958 783 1999 adeo
824 1959 1043 2011 tranquilla
1073 1959 1212 1999 omnia
1241 1959 1283 1999 in
1315 1960 1458 2001 castris
1489 1974 1520 2002 11

107 2019 239 2069 fuere,
280 2026 323 2059 ut
351 2019 483 2059 somni
519 2033 682 2072 quoque
713 2019 912 2060 Romanis
950 2020 1068 2074 copia
1103 2026 1224 2061 esset.
1281 2020 1456 2062 Volscos

106 2081 263 2135 species
295 2087 543 2121 armatorum
571 2080 775 2133 peditum,
814 2095 917 2133 quos
948 2087 988 2121 et
1016 2081 1154 2135 plures
1186 2096 1278 2123 esse
1310 2089 1350 2123 et
1373 2083 1458 2124 Ro·
1491 2098 1494 2102 ·

104 2156 246 2183 manos
272 2141 481 2196 putabant,
508 2141 694 2182 fremitus
720 2141 984 2195 hinnitusque
1010 2157 1222 2196 equorum,
1249 2144 1320 2197 qui
1339 2150 1378 2184 et
1397 2145 1458 2184 in-

105 2210 220 2244 sueto
247 2204 414 2244 sedente
439 2203 574 2256 equite
600 2210 639 2243 et
663 2203 831 2256 insuper
855 2218 974 2244 aures
1000 2204 1179 2258 agitante
1206 2205 1343 2246 sonitu
1369 2221 1458 2248 sae-

103 2265 280 2313 viebant,
307 2265 484 2305 intentos
510 2265 622 2305 velut
646 2265 698 2304 ad
719 2264 919 2319 impetum
944 2265 1125 2306 hostium
1150 2268 1291 2308 tenuit.

181 2326 325 2367 LXV.
352 2326 437 2367 Ubi
450 2324 843 2375 inluxitAEbmanus,
857 2327 1016 2381 integer
1030 2329 1283 2382 satiatusque
1298 2345 1454 2380 somno,
1485 2346 1496 2373 1

102 2388 325 2441 productus
339 2388 381 2428 in
394 2388 535 2437 aciem,
561 2388 719 2428 fessum
733 2389 877 2429 stando
892 2395 931 2429 et
943 2389 1094 2444 vigiliis
1109 2390 1309 2432 Volscum
1322 2393 1454 2446 primo

102 2449 258 2503 impetu
270 2449 453 2504 perculit,
474 2463 724 2502 quamquam
738 2464 898 2491 cessere
912 2451 1044 2506 magis
1058 2467 1179 2505 quam
1194 2453 1301 2507 pulsi
1315 2454 1453 2496 hostes

85 2518 213 2561 ,sunt,
240 2511 337 2564 quia
361 2510 412 2552 ab
437 2517 552 2566 tergo
577 2517 691 2552 erant
716 2512 827 2561 clivi,
858 2513 901 2553 in
925 2528 1028 2567 quos
1054 2520 1147 2568 post
1171 2515 1369 2569 principia
1393 2517 1454 2557 in-

100 2573 225 2627 tegris
241 2573 450 2614 ordinibus
465 2579 576 2614 tutus
589 2580 777 2628 receptus
796 2575 885 2615 fuit.
925 2576 1080 2625 consul,
1107 2576 1177 2617 ubi
1197 2578 1249 2617 ad
1267 2578 1452 2632 iniquum

98 2633 234 2676 locum
258 2641 428 2676 ventum
453 2641 532 2684 est,
565 2635 671 2676 sistit
695 2636 838 2677 aciem.
886 2637 1004 2678 miles
1036 2652 1157 2694 aegre
1188 2641 1333 2690 teneri,
1371 2641 1453 2682 cla-

99 2712 208 2738 mare
234 2704 272 2739 et
296 2712 477 2752 poscere,
504 2704 548 2738 ut
566 2698 765 2752 perculsis
784 2699 935 2741 instare
953 2699 1085 2742 liceat.
1124 2700 1302 2743 ferocius
1322 2709 1451 2759 agunt
1477 2716 1495 2746 3

1494 371 1511 399 ΒΟ

1480 2468 1498 2497 Ν.)
