1780 3204
385 219 538 255 LIBER
562 221 653 265 VII,
681 221 735 256 18.
758 220 812 255 19.
842 222 892 264 [a.
910 219 1158 264 ΘΒΜ-353]
1371 210 1453 251 369

99 327 249 375 solum,
283 324 503 366 sedetiam
529 323 673 365 urbem
705 331 867 378 captam
899 330 1021 377 atque
1053 338 1294 378 oppressam
1324 337 1452 378 regno

96 388 377 444 patriciorum,
410 392 567 426 maesta
590 385 724 440 plebis
752 393 1000 439 sequeretur.
1050 385 1238 426 consules
1269 385 1399 426 relicti
1429 401 1453 426 a

97 457 210 505 parte
235 448 376 503 populi
400 462 474 502 per
498 448 815 501 infrequentiam
841 449 1006 489 comitia
1025 449 1152 489 nihilo
1173 448 1340 503 segnius
1360 462 1453 502 per-

96 512 249 552 ficiunt.
282 511 406 551 creati
427 510 616 550 consules
638 510 758 551 ambo
778 510 949 564 patricii,
971 510 1032 550 M.
1047 510 1202 551 Fabius
1218 510 1452 550 Ambustus

98 574 280 622 tertium,
318 572 367 613 T.
401 571 632 624 Quinctius.
682 572 723 612 in
759 572 1008 625 quibusdam
1045 572 1260 614 annalibus
1298 587 1371 627 pro
1403 571 1452 612 T.

100 635 294 689 Quinctio
318 634 379 675 M.
406 634 614 688 Popilium
641 634 851 675 consulem
877 634 1054 675 invenio.

177 696 371 738 XVIIII.
420 696 518 737 Duo
544 696 652 737 bella
677 711 725 737 eo
751 711 857 737 anno
882 711 1077 751 prospere
1102 703 1239 752 gesta,
1267 711 1362 737 cum
1382 696 1454 736 Ti-

100 759 367 812 burtibusque
388 759 439 799 ad
458 758 705 799 deditionem
726 767 968 813 pugnatum.
1009 757 1182 800 Sassula
1203 774 1253 799 ex
1274 759 1336 800 his
1356 758 1454 799 urbs

100 830 236 876 capta3
274 828 487 874 ceteraque
514 821 664 875 oppida
690 822 862 861 eandem
887 822 1094 862 fortunam
1120 821 1381 871 habuissent,
1413 821 1456 861 ni

99 885 290 924 universa
324 898 426 939 gens
463 883 606 937 positis
643 884 766 924 armis
802 884 845 923 in
880 884 1004 924 fidem
1041 884 1220 925 consulis
1259 884 1452 925 venisset.

100 945 394 1000 triumphatum
425 945 474 985 de
507 945 768 995 Tiburtibus,
807 946 989 999 alioquin
1019 946 1129 987 mitis
1162 946 1331 986 victoria
1363 946 1452 987 fuit.

98 1008 140 1047 in
172 1007 491 1060 Tarquinienses
529 1007 674 1048 acerbe
706 1008 925 1048 saevitum:
963 1008 1102 1048 multis
1134 1008 1376 1049 mortalibus
1413 1008 1454 1048 in

99 1070 185 1110 acie
211 1070 342 1110 caesis
374 1084 425 1109 ex
454 1069 610 1123 ingenti
649 1070 901 1123 captivorum
935 1084 1104 1110 numero
1136 1070 1305 1110 trecenti
1336 1070 1455 1122 quin-

99 1132 296 1186 quaginta
326 1139 418 1172 octo
450 1132 614 1180 delecti,
647 1132 927 1172 nobilissimus
955 1132 1147 1184 quisquc,
1181 1131 1251 1183 qui
1276 1131 1453 1171 Romam

98 1194 366 1241 mitterentur,
394 1193 540 1247 volgus
561 1193 672 1232 aliud
692 1193 952 1233 trucidatum.
1002 1207 1077 1233 nec
1097 1193 1275 1246 populus
1301 1193 1341 1233 in
1369 1208 1452 1242 eos,

98 1255 167 1308 qui
193 1255 309 1295 missi
327 1254 503 1294 Romam
531 1261 661 1303 erant,
690 1254 826 1295 mitior
845 1254 940 1294 fuit:
967 1254 1103 1295 medio
1127 1255 1169 1294 in
1194 1255 1284 1295 foro
1311 1270 1453 1296 omnes

97 1316 223 1370 virgis
256 1316 365 1356 caesi
395 1330 442 1356 ac
475 1316 607 1356 securi
637 1316 835 1370 percussi.
886 1317 927 1356 id
951 1331 1025 1370 pro
1051 1317 1272 1358 immolatis
1298 1317 1339 1357 in
1366 1318 1454 1358 foro

97 1377 459 1431 Tarquiniensium
483 1377 682 1418 Romanis
714 1392 871 1432 poenae
903 1378 1090 1419 hostibus
1122 1380 1338 1420 redditum.
1388 1395 1453 1421 res

96 1441 202 1483 bello
227 1441 330 1482 bene
349 1448 509 1496 gestae,
535 1447 580 1481 ut
601 1440 809 1482 Samnites
831 1456 994 1495 quoque
1015 1442 1236 1483 amicitiam
1256 1449 1453 1497 peterent,

97 1503 332 1544 effecerunt.
381 1503 528 1557 legatis
561 1517 700 1543 eorum
733 1503 903 1544 comiter
934 1503 986 1544 ab
1019 1512 1165 1545 senatu
1194 1520 1453 1559 responsum,

97 1565 261 1607 foedere
286 1565 329 1605 in
354 1565 590 1606 societatem
616 1566 787 1620 accepti.

180 1627 274 1668 Non
299 1628 443 1668 eadem
468 1627 578 1668 domi
603 1642 708 1680 quae
734 1628 901 1668 militiae
926 1628 1093 1669 fortuna
1118 1635 1203 1669 erat
1234 1628 1345 1682 plebi
1369 1628 1454 1669 Ro-

98 1704 256 1730 manae.
304 1705 400 1729 nam
420 1690 496 1729 etsi
516 1689 696 1730 unciario
718 1690 885 1730 faenore
910 1689 1020 1731 facto
1044 1690 1180 1730 levata
1204 1705 1329 1730 usura
1355 1697 1452 1740 erat,

100 1758 206 1792 sorte
230 1751 321 1805 ipsa
346 1750 624 1791 obruebantur
648 1751 791 1805 inopes
817 1766 1052 1804 nexumque
1084 1751 1260 1792 inibant:
1299 1766 1346 1792 eo
1377 1767 1453 1792 nec

99 1812 290 1867 patricios
323 1811 444 1852 ambo
477 1812 664 1852 consules
696 1827 828 1865 neque
860 1813 1116 1853 comitiorum
1149 1828 1288 1854 curam
1318 1813 1455 1868 publi-

101 1890 200 1916 cave
232 1875 366 1915 studia
395 1889 492 1929 prae
522 1874 692 1928 privatis
723 1875 995 1916 incommodis
1026 1875 1144 1930 plebs
1181 1876 1233 1916 ad
1271 1877 1453 1917 animum

100 1937 353 1979 admittebat.
414 1937 649 1977 consulatus
693 1944 862 1990 uterque
905 1938 1015 1992 apud
1055 1938 1248 1992 patricios
1291 1946 1452 1980 manet:

101 1999 289 2040 consules
316 1998 440 2039 creati
462 1997 510 2039 C.
532 1997 740 2053 Sulpicius
760 1998 927 2040 Peticus
949 2007 1158 2053 quartum,
1184 2000 1246 2040 M.
1262 2000 1453 2043 Valerius

105 2061 316 2102 Publicola
340 2060 499 2101 iterum.

185 2123 235 2163 In
253 2122 407 2163 bellum
426 2122 651 2163 Etruscum
668 2123 864 2164 intentam
886 2124 1109 2173 civitatem,
1137 2125 1232 2178 quia
1248 2124 1454 2166 Caeritem

101 2185 297 2239 populum
318 2184 597 2225 misericordia
617 2186 983 2240 consanguinitatis
998 2186 1367 2240 Tarquiniensibus
1383 2188 1455 2228 ad-

101 2246 283 2286 iunctum
303 2246 415 2286 fama
432 2245 608 2295 ferebat,
634 2246 758 2302 legati
778 2248 920 2288 Latini
939 2248 992 2288 ad
1006 2247 1181 2289 Volscos
1203 2256 1451 2300 convertere,

102 2307 355 2357 nuntiantes,
386 2308 610 2349 exercitum
635 2310 911 2364 conscriptum
938 2317 1223 2364 armatumque
1254 2311 1335 2352 iam
1367 2312 1451 2353 suis

102 2369 251 2410 finibus
276 2370 492 2419 inminere,
525 2370 619 2411 inde
643 2372 958 2426 populabundos
984 2373 1025 2412 in
1051 2388 1196 2428 agrum
1216 2374 1453 2415 Romanum

103 2438 296 2472 venturos
322 2446 425 2473 esse.
475 2433 633 2473 censuit
658 2433 783 2488 igitur
808 2442 992 2483 senatus,
1020 2442 1205 2476 neutram
1232 2436 1454 2492 neglegen-

101 2493 195 2533 dam
220 2508 307 2534 rem
331 2509 441 2544 esse,
467 2502 640 2548 utroque
659 2496 842 2551 legiones
869 2497 992 2538 scribi
1017 2498 1290 2552 consulesque
1319 2501 1453 2541 sortiri

100 2556 330 2609 provincias
366 2557 497 2598 iussit.
546 2558 755 2599 inclinavit
791 2560 938 2600 deinde
974 2575 1069 2614 pars
1102 2561 1230 2602 maior
1260 2577 1381 2604 curae
1411 2563 1453 2604 in

101 2617 324 2659 Etruscum
349 2618 521 2669 bellum,
547 2627 767 2675 postquam
792 2621 935 2662 litteris
964 2621 1137 2677 Sulpicii
1162 2625 1359 2674 consulis,
1387 2627 1451 2667 cui

103 2679 314 2733 Tarquinii
338 2681 549 2735 provincia
574 2690 782 2733 evenerat,
816 2684 1025 2739 cognitum
1052 2692 1131 2736 est,
1158 2686 1450 2742 depopulatum

171 2758 233 2784 Liri
255 2759 307 2784 rol.
324 2758 343 2784 1.
1182 2751 1226 2786 24

1481 398 1520 428 10

1481 959 1498 987 10
