1780 3204
496 242 650 276 LIBER
675 242 720 285 V,
748 242 777 275 7.
795 241 825 275 8.
856 243 904 285 [a.
920 240 961 275 C.
974 240 1054 274 403.
1071 239 1154 281 402]
1425 230 1506 270 259

154 362 224 389 cae
250 347 508 396 insultarent,
535 360 629 387 eum
654 350 820 400 repente
845 343 995 397 quibus
1021 359 1169 385 census
1196 348 1385 397 equester
1410 351 1507 391 erat,
1535 356 1554 386 5

155 410 247 463 equi
272 409 426 464 publici
450 423 531 449 non
557 414 671 448 erant
695 406 918 462 adsignati,
952 406 1121 447 consilio
1146 406 1260 460 prius
1285 406 1390 447 inter
1420 420 1512 447 sese

155 473 293 514 habito
321 479 506 513 senatum
533 471 685 512 adeunt
709 470 900 522 factaque
926 469 1087 510 dicendi
1111 474 1312 523 potestate
1332 469 1447 523 equis
1468 483 1512 510 se

155 535 240 575 suis
267 534 469 589 stipendia
494 533 676 574 facturos
702 532 956 587 promittunt.
1006 530 1156 585 quibus
1183 546 1276 572 cum
1307 531 1512 586 amplissi-
1538 545 1556 574 6

155 598 231 638 mis
257 596 393 638 verbis
419 596 574 651 gratiae
600 595 651 636 ab
679 600 824 636 senatu
848 600 963 635 actae
988 600 1125 634 essent
1150 593 1342 646 famaque
1373 608 1421 634 ea
1451 592 1514 634 fo-

155 675 244 700 rum
269 665 391 712 atque
415 657 560 698 urbem
585 657 853 712 pervasisset,
881 655 1016 697 subito
1042 656 1093 696 ad
1114 656 1268 696 curiam
1288 670 1511 696 concursus

155 721 197 761 fit
221 720 353 775 plebis
363 737 373 769 3
399 719 600 774 pedestris
627 719 779 760 ordinis
805 732 849 759 se
874 718 988 759 aiunt
1012 732 1121 758 nune
1147 732 1238 758 esse
1264 731 1512 772 operamque
1539 732 1556 760 7

154 783 208 823 rei
228 783 416 837 publicae
442 791 557 823 extra
575 781 759 822 ordinem
778 781 977 836 polliceri,
1006 795 1079 821 seu
1092 779 1220 821 Veios
1242 795 1315 820 seu
1334 795 1414 834 quo
1435 780 1512 821 alio

154 845 301 886 ducere
331 845 469 885 velint.
519 844 553 885 si
578 843 705 885 Veios
738 844 849 884 ducti
881 843 979 892 sint,
1015 848 1169 897 negant
1200 857 1243 883 se
1273 842 1368 883 inde
1398 843 1512 896 prius

154 921 278 960 quam
304 912 424 961 capta
453 905 554 946 urbe
586 905 767 946 hostium
796 905 998 946 redituros
1031 919 1136 945 esse.
1185 910 1272 944 tum
1303 918 1400 944 vero
1431 904 1511 944 iam
1538 917 1558 947 8

154 968 466 1023 superfundenti
493 982 535 1008 se
560 967 737 1008 laetitiae
764 966 834 1007 vix
864 972 1136 1021 temperatum
1168 972 1241 1007 est.
1291 981 1374 1007 non
1404 966 1513 1006 enim

155 1032 260 1072 sicut
280 1031 435 1084 equites
458 1030 553 1071 dato
574 1029 881 1084 magistratibus
902 1029 1069 1083 negotio
1086 1028 1243 1069 laudari
1264 1028 1365 1069 iussi
1379 1043 1513 1081 neque

155 1093 285 1134 autin
304 1093 457 1134 curiam
471 1092 617 1142 vocati,
644 1091 794 1145 quibus
814 1105 1060 1145 responsum
1081 1091 1258 1138 daretur,
1285 1096 1355 1130 aut
1373 1089 1511 1130 limine
1539 1102 1556 1132 9

153 1156 288 1196 curiae
315 1154 599 1196 continebatur
624 1160 808 1202 senatus,
843 1153 916 1193 sed
945 1167 1019 1206 pro
1045 1166 1089 1192 se
1114 1151 1289 1204 quisque
1315 1165 1366 1192 ex
1392 1165 1514 1205 supe-

151 1218 253 1259 riore
278 1217 368 1258 loco
393 1217 444 1257 ad
470 1216 772 1256 multitudinem
796 1214 839 1255 in
864 1214 1029 1255 comitio
1055 1220 1231 1254 stantem
1256 1228 1357 1254 voce
1383 1214 1514 1254 mani-

151 1279 309 1332 busque
336 1278 564 1333 significare
590 1277 798 1332 publicam
822 1276 1036 1325 laetitiam,
1070 1275 1232 1317 beatam
1257 1275 1402 1317 urbem
1427 1276 1513 1317 Ro·
1540 1290 1580 1319 10

150 1356 315 1382 manain
357 1348 397 1381 et
438 1341 633 1381 invictam
676 1346 715 1380 et
757 1346 964 1380 aeternam
1001 1339 1070 1379 illa
1107 1339 1326 1380 concordia
1361 1339 1510 1389 dicere,

149 1403 315 1444 laudare
352 1402 528 1455 equites,
572 1402 739 1442 laudare
770 1401 952 1456 plebem,
999 1401 1107 1441 diem
1143 1401 1282 1456 ipsum
1317 1401 1510 1443 laudibus

150 1465 274 1514 ferre,
300 1464 450 1504 victam
477 1478 568 1504 esse
594 1464 713 1504 fateri
740 1463 974 1504 comitatem
993 1462 1372 1519 benignitatemque
1394 1478 1512 1505 sena-

151 1535 230 1567 tus.
279 1526 463 1567 certatim
494 1525 679 1581 patribus
712 1525 905 1580 plebique
932 1541 1098 1566 manare
1123 1525 1276 1581 gaudio
1301 1525 1507 1575 lacrimae,
1539 1540 1577 1569 11

149 1589 279 1630 donec
313 1588 516 1629 revocatis
554 1588 596 1628 in
638 1588 793 1629 curiam
836 1587 1021 1642 patribus
1066 1595 1232 1629 senatus
1276 1588 1510 1629 consultum

148 1650 303 1691 factum
328 1657 408 1699 est,
440 1657 485 1690 ut
510 1650 663 1691 tribuni
687 1650 882 1690 militares
915 1650 1102 1691 contione
1133 1650 1334 1690 advocata
1364 1649 1510 1704 pediti·
1537 1662 1577 1692 12

148 1713 225 1754 bus
245 1713 534 1766 equitibusque
554 1713 706 1768 gratias
727 1719 913 1767 agerent,
940 1727 1164 1753 memorem
1183 1712 1346 1767 pietatis
1369 1726 1511 1753 eorum

150 1790 248 1829 erga
271 1775 446 1828 patriam
471 1775 651 1815 dicerent
678 1781 864 1815 senatum
884 1774 990 1823 fore3
1016 1774 1178 1828 placere
1198 1780 1353 1822 autem,
1381 1773 1505 1814 omni-

150 1836 228 1877 bus
253 1836 317 1876 his
343 1836 614 1876 voluntariam
640 1842 754 1876 extra
779 1836 963 1877 ordinem
988 1835 1187 1889 professis
1208 1835 1395 1875 militiam
1416 1849 1511 1876 aera

150 1898 382 1952 procedere.
433 1904 473 1937 et
503 1898 629 1950 equiti
655 1903 789 1938 certus
814 1912 1010 1938 numerus
1036 1896 1141 1938 aeris
1167 1903 1230 1938 est
1254 1897 1508 1952 adsignatus.

153 1967 239 2000 tum
263 1959 441 2013 primum
468 1959 584 2012 equis
609 1973 764 2000 merere
791 1959 949 2012 equites
975 1965 1210 2013 coeperunt.
1254 1959 1509 2000 voluntarius
1537 1971 1578 2002 13

153 2021 299 2061 ductus
332 2020 535 2061 exercitus
561 2020 688 2061 Veios
719 2036 801 2061 non
831 2021 986 2061 amissa
1016 2021 1140 2061 modo
1170 2020 1348 2061 restituit
1372 2035 1508 2075 opera,

152 2083 223 2124 sed
259 2097 365 2123 nova
403 2082 525 2123 etiam
561 2082 746 2123 instituit.
796 2081 847 2123 ab
878 2082 979 2123 urbe
1011 2088 1263 2124 commeatus
1294 2083 1510 2124 intentiore

151 2159 275 2197 quam
300 2150 420 2185 antea
445 2143 618 2185 subvehi
643 2158 758 2193 cura,
786 2159 837 2185 ne
863 2144 962 2198 quid
987 2151 1070 2185 tam
1096 2143 1200 2186 bene
1225 2145 1369 2186 merito
1395 2151 1510 2186 exer-

152 2206 251 2246 citui
276 2206 328 2246 ad
352 2221 474 2247 usum
500 2206 674 2247 deesset.

235 2267 357 2308 VIII.
395 2268 624 2321 Insequcns
645 2283 775 2323 annus
796 2267 981 2309 tribunos
1008 2268 1182 2309 militum
1208 2268 1412 2310 consulari
1436 2283 1510 2323 po-
1536 2284 1551 2312 1

152 2336 296 2370 testate
316 2329 459 2370 habuit
481 2329 528 2370 C.
552 2328 771 2371 Servilium
791 2329 973 2370 Ahalam
993 2330 1176 2380 tertium,
1204 2329 1256 2383 Q.
1274 2329 1507 2379 Servilium,

153 2392 203 2432 L.
218 2391 476 2446 Verginium,
500 2391 551 2444 Q.
570 2390 813 2446 Sulpicium,
835 2391 889 2433 A.
904 2391 1111 2432 Manlium
1130 2393 1291 2441 iterum,
1317 2392 1389 2433 M'.
1413 2391 1509 2434 Ser-

151 2453 265 2507 gium
295 2453 455 2494 iterum.
504 2453 568 2493 his
600 2453 792 2503 tribunis,
825 2454 924 2494 dum
956 2468 1053 2494 eura
1078 2454 1261 2495 omnium
1286 2454 1329 2494 in
1352 2453 1506 2495 Veiens
1532 2468 1550 2497 2

151 2515 303 2555 bellum
333 2515 488 2556 intenta
519 2522 598 2564 est,
634 2516 867 2570 neglectum
898 2515 1064 2556 Anxuri
1099 2517 1349 2571 praesidium
1387 2531 1508 2557 vaca-

151 2577 328 2618 tionibus
359 2577 534 2617 militum
565 2584 604 2618 et
628 2577 805 2619 Volscos
837 2584 1083 2619 mercatores
1109 2578 1235 2633 vulgo
1259 2579 1506 2633 receptando

152 2640 321 2694 proditis
346 2646 513 2694 repente
538 2647 747 2694 portarum
773 2640 1014 2682 custodibus
1041 2655 1284 2695 oppressum
1309 2646 1383 2682 est.
1431 2641 1507 2681 mi-
1531 2653 1550 2683 3

151 2717 226 2743 nus
253 2702 425 2742 militum
451 2703 586 2756 periit,
614 2702 710 2756 quia
733 2708 893 2757 praeter
918 2717 1063 2758 aegros
1082 2703 1256 2744 lixarum
1275 2703 1317 2743 in
1336 2703 1503 2744 modum

1214 2768 1282 2802 17*
