1780 3204
437 226 590 261 LIBER
614 226 704 270 vn,
728 226 782 260 33.
800 225 857 260 34.
885 228 934 270 [a.
950 223 988 260 0.
1001 225 1083 270 343]
1356 219 1438 260 385

88 334 240 374 micant
265 332 426 380 hastae,
452 329 658 385 patefacta
683 335 819 385 strage
838 336 955 371 vasta
973 330 1172 371 cernetis?
1208 330 1310 372 haee
1329 331 1438 373 dieta

87 396 272 444 dederat,
305 408 399 435 cum
423 393 581 446 equites
606 393 786 433 consulis
811 393 928 434 iussu
952 393 1184 434 discurrunt
1213 394 1254 434 in
1287 409 1438 436 cornua

86 456 398 512 legionibusque
434 455 476 495 in
511 454 690 495 mediam
720 454 850 496 aciem
882 455 1069 509 aperiunt
1099 455 1220 496 viam.
1279 456 1437 510 primus

86 519 269 558 omnium
300 517 443 558 consul
473 516 629 557 invadit
659 516 819 557 hostem
850 523 889 557 et
913 531 1007 557 cum
1032 531 1113 570 quo
1138 517 1243 558 forte
1267 518 1438 559 contulit

85 581 277 635 gradum,
310 579 537 620 obtruncat.
587 578 664 619 1100
690 578 922 632 spectaculo
947 579 1110 620 accensi
1135 580 1278 620 dextra
1301 580 1438 621 laeva—

85 657 164 695 que
196 648 288 682 ante
320 656 362 682 se
394 641 568 694 quisque
599 641 908 681 memorandum
939 641 1140 696 proelium
1176 642 1266 682 ciet.
1328 648 1437 683 stant

85 703 226 744 obnixi
253 702 477 751 Samnites,
516 717 765 756 quamquam
795 703 913 757 plura
944 703 1149 758 accipiunt
1178 718 1302 757 quam
1333 704 1437 746 infe-

84 771 177 804 runt
202 765 382 805 vulnera.
432 765 683 817 aliquamdiu
707 765 788 805 iam
813 771 1042 819 pugnatum
1068 772 1171 815 erat,
1204 772 1319 807 atrox
1345 781 1436 807 eae-

84 827 156 867 1105
183 827 289 867 circa
315 827 433 882 signa
460 826 725 875 Samnitium,
753 826 854 881 fuga
878 827 929 868 ab
954 827 1166 868 nulladum
1191 835 1305 882 parte
1331 835 1434 869 erat:

83 889 186 928 adeo
217 895 345 929 morte
377 888 464 929 sola
494 888 601 929 vinei
631 888 935 929 destinaverant
965 889 1124 929 animis.
1183 890 1321 943 itaque
1351 890 1436 931 Ro-

84 951 211 999 mani,
238 965 331 991 eum
357 957 396 991 et
420 950 545 991 fluere
570 950 652 990 iam
677 950 918 991 lassitudine
943 950 1050 991 vires
1077 951 1272 992 sentirent
1297 958 1336 992 et
1354 952 1434 992 dici

83 1012 193 1052 haud
212 1013 385 1052 multum
405 1027 632 1066 superesse,
660 1012 821 1053 accensi
839 1013 899 1052 ira
918 1013 1121 1053 concitant
1136 1028 1179 1054 se
1198 1013 1239 1053 in
1259 1013 1432 1054 hostem.

83 1081 169 1114 tum
200 1074 376 1128 primum
406 1074 548 1114 referri
577 1074 724 1128 pedem
756 1081 878 1126 atque
903 1074 1089 1114 inclinari
1112 1089 1200 1114 rem
1224 1075 1265 1114 in
1290 1075 1432 1129 fugam

81 1137 280 1191 apparuit,
302 1144 387 1177 tum
409 1137 511 1190 capi,
533 1136 662 1177 occidi
678 1135 863 1185 Samnis3
890 1150 964 1176 nee
985 1136 1283 1189 superfuissent
1302 1137 1431 1185 multi,

80 1199 121 1238 ni
146 1213 228 1238 nox
252 1198 463 1238 victoriam
488 1198 620 1252 magis
646 1212 768 1250 quam
789 1197 989 1250 proelium
1009 1197 1251 1237 diremisset.
1290 1204 1329 1237 et
1349 1197 1432 1238 Ro-

1466 347 1500 376 11

1464 594 1502 623 12

1464 781 1501 809 13

1463 904 1501 932 11

1462 1089 1500 1117 ΙΣ)

1461 1213 1499 1241 16

79 1260 189 1299 1110111
214 1259 459 1308 fatebantur,
485 1273 710 1312 numquam
730 1273 823 1299 cum
843 1259 1111 1312 pertinaciore
1131 1259 1249 1300 hoste
1268 1260 1433 1300 00111110-
1490 1274 1492 1277 ·

79 1327 183 1369 tum,
211 1327 250 1360 et
271 1319 490 1369 Sanmites,
517 1334 610 1360 eum
631 1327 904 1373 quaereretur,
932 1335 1135 1374 quaenam
1153 1321 1284 1375 prima
1305 1336 1433 1363 causa

77 1387 160 1422 tam
181 1381 406 1423 obstinatos
426 1382 622 1423 movisset
643 1382 684 1422 in
703 1382 864 1437 fugam,
892 1383 1032 1424 oeulos
1054 1383 1131 1424 sibi
1147 1383 1429 1425 Romanorum

77 1443 217 1484 ardere
255 1444 365 1484 visos
402 1443 566 1485 aiebant
601 1459 859 1498 vesanosque
891 1445 1029 1486 vultus
1060 1452 1101 1486 et
1131 1445 1309 1487 furentia
1340 1462 1428 1495 ora3

76 1505 169 1545 inde
194 1505 286 1559 plus
313 1520 436 1559 quam
462 1520 511 1546 ex
537 1505 616 1546 alia
641 1506 723 1547 ulla
746 1521 789 1547 re
815 1507 979 1548 terroris
1006 1514 1152 1548 ortum.
1203 1523 1325 1561 quem
1352 1515 1431 1549 ter-

76 1582 208 1608 rorem
233 1582 315 1608 non
335 1583 498 1623 pugnae
518 1568 651 1609 solum
671 1576 838 1618 eventu,
867 1570 939 1610 sed
959 1576 1158 1610 nocturna
1177 1570 1430 1623 profectione

76 1629 255 1670 confessi
288 1637 393 1670 sunt.
454 1637 618 1684 postero
644 1631 708 1671 die
735 1631 875 1672 vacuis
900 1631 1081 1672 hostium
1105 1632 1251 1672 castris
1276 1631 1430 1673 Roma-

76 1706 152 1732 nus
176 1692 341 1745 potitur,
374 1706 455 1744 quo
481 1706 524 1732 se
549 1692 682 1732 omnis
710 1691 1017 1747 Campanorum
1043 1693 1260 1733 multitudo
1291 1700 1430 1747 gratu-

75 1752 256 1793 labunda
282 1753 437 1793 effudit.
1004 1804 1011 1806 ‚

159 1814 410 1854 XXXIIIL
450 1814 644 1856 Ceterum
664 1815 742 1856 1100
760 1816 958 1870 gaudium
983 1831 1134 1871 magna
1157 1831 1284 1870 prope
1311 1817 1426 1858 clade

75 1876 118 1915 in
145 1874 314 1917 Samnio
340 1876 549 1917 foedatum
575 1883 648 1917 est.
691 1892 787 1917 nam
813 1877 864 1918 ab
887 1876 1071 1918 Saticula
1094 1878 1303 1932 profectus
1326 1878 1428 1920 Cor-

75 1937 206 1977 nelius
234 1938 376 1978 consul
402 1939 626 1979 exercitum
650 1939 811 1980 incaute
836 1939 879 1980 111
905 1940 1055 1981 saltum
1080 1955 1182 1981 cava
1205 1941 1310 1982 valle
1335 1956 1428 1995 per-

76 1999 188 2039 vium
214 2000 402 2053 circaque
427 2000 633 2041 insessum
657 2000 710 2042 ab
735 2001 853 2042 hoste
872 2002 1050 2051 induxit,
1076 2017 1152 2043 1100
1169 2003 1282 2057 prius
1303 2018 1426 2056 quam

76 2061 202 2115 recipi
227 2068 313 2102 tuto
340 2062 459 2116 signa
483 2077 564 2103 non
589 2069 792 2116 poterant,
823 2063 1091 2104 inminentem
1117 2065 1240 2118 capiti
1263 2064 1426 2106 hostem

1460 1399 1496 1427 1ῖ

1461 1646 1497 1675 18

1452 2018 1470 2046 '0

75 2122 187 2163 vidit.
226 2123 325 2164 dum
350 2124 391 2163 id
411 2138 549 2165 morae
571 2123 826 2166 Samnitibus
851 2131 931 2175 est,
958 2126 1095 2179 quoad
1119 2132 1249 2167 totum
1274 2127 1317 2167 in
1341 2127 1469 2171 val-'3

75 2184 156 2224 lem
174 2185 355 2226 infimam
377 2186 606 2226 demitteret
622 2201 784 2241 agmen,
806 2186 853 2227 P.
868 2187 1025 2229 Decius
1046 2188 1233 2229 tribunus
1254 2188 1428 2229 militum

76 2247 274 2299 conspicit
294 2262 420 2287 unum
440 2248 594 2288 editum
613 2248 654 2288 in
669 2248 773 2289 saltu
788 2249 946 2298 collem,
967 2250 1233 2290 inminentem
1247 2250 1425 2291 hostium

75 2309 238 2357 eastris,
265 2309 377 2349 aditu
403 2310 575 2350 arduum
600 2310 780 2364 inpedito
800 2312 970 2367 agmini,
998 2312 1198 2366 expeditis
1218 2312 1328 2353 haud
1347 2312 1426 2352 dif-

74 2369 234 2410 ficilem.
283 2371 420 2423 itaque
451 2371 609 2413 consuli
640 2373 777 2413 territo
809 2373 934 2414 animi
966 2374 1154 2415 ‘videsne
1180 2374 1255 2423 tu,’
1293 2375 1425 2428 inquit

76 2431 142 2472 ‘A.
165 2431 347 2482 Corneli,
375 2448 571 2475 cacumen
595 2434 695 2475 illud
721 2450 844 2490 supra
868 2436 1052 2477 hostem?
1076 2452 1150 2477 arx
1167 2436 1235 2477 illa
1257 2443 1318 2477 est
1338 2437 1425 2491 spei

75 2494 300 2547 salutisque
326 2503 506 2545 nostrae,
535 2496 569 2536 si
595 2511 702 2546 eam,
730 2497 923 2550 quon-iam
949 2498 1059 2539 caeci
1083 2498 1282 2551 reliquere
1304 2497 1424 2540 Sam-

74 2556 196 2604 nites,
222 2556 380 2611 inpigre
400 2557 596 2611 eapimus.
633 2573 684 2599 ne
704 2565 747 2600 tu
767 2559 865 2600 mihi
885 2559 976 2614 plus
1002 2574 1125 2613 quam
1150 2561 1271 2601 unius
1296 2560 1424 2615 legio-

73 2618 135 2659 nis
155 2618 359 2673 principes
380 2619 644 2673 hastatosque
664 2621 844 2671 dcdcris3
872 2637 965 2662 eum
984 2622 1133 2676 quibus
1160 2623 1230 2663 ubi
1255 2638 1424 2664 evasero

73 2681 113 2721 in
139 2697 364 2731 summum,
391 2697 516 2737 perge
542 2683 636 2724 hine
661 2684 771 2725 0111111
795 2684 899 2726 liber
923 2691 1035 2726 metu
1060 2691 1180 2739 teque
1206 2691 1245 2727 et
1270 2686 1423 2728 exerei-

141 2758 203 2785 mm·
225 2759 276 2785 m.
294 2758 315 2784 l.
1154 2752 1198 2785 25

1450 2571 1469 2600 εἰ
