1780 3204
468 287 621 322 LIBER
645 287 690 332 v,
715 287 758 320 25
790 287 843 321 ⁵26.
872 289 922 331 [a.
940 286 1068 321 C.395.
1089 287 1170 330 394]
1416 278 1495 318 277

145 400 333 434 testatem
362 391 504 446 populi
534 391 712 432 Romani
741 391 940 439 venisset,
978 391 1066 431 eius
1102 396 1261 445 partem
1297 390 1497 430 decimam

144 454 330 509 Apollini
360 468 518 495 sacrani
549 467 652 494 esse.
699 453 757 493 ita
779 452 822 492 in
847 452 1172 493 aestimationem
1196 451 1294 493 urbs
1320 465 1498 507 agerque

143 516 266 557 venit.
325 516 500 570 pecunia
535 530 587 556 ex
622 515 777 556 aerario
813 521 1004 569 prompta
1040 520 1079 555 et
1115 513 1288 554 tribunis
1324 514 1500 554 militum

144 577 445 626 consularibus,
472 584 515 618 ut
535 592 680 618 aurum
699 591 751 617 ex
769 591 817 617 ea
837 583 1088 625 coemerent,
1113 576 1325 631 negotium
1344 576 1497 616 datum.

144 640 259 681 cuius
282 654 375 680 cum
395 639 513 693 copia
530 653 614 679 non
633 646 754 688 esset,
781 645 1003 688 matronae,
1028 637 1212 679 coetibus
1233 639 1285 679 ad
1304 652 1395 678 eam
1413 653 1500 678 rem

144 701 455 742 consultandam
479 700 648 749 habitis,
676 700 884 741 communi
908 701 1071 741 decreto
1095 700 1299 755 pollicitae
1325 699 1499 741 tribunis

143 763 318 803 militum
344 777 488 803 aurum
513 770 553 803 et
577 762 714 803 omnia
738 773 976 802 ornamenta
1002 777 1076 803 sua
1100 762 1143 802 in
1163 762 1363 803 aerarium
1384 762 1500 802 detu—

143 825 287 865 lerunt.
325 831 442 880 grata
461 839 509 865 ea
526 839 591 865 res
613 830 658 864 ut
677 838 782 877 quae
802 824 979 864 maxime
999 825 1160 865 senatui
1184 839 1382 877 umquam
1407 824 1496 874 fuit,

143 887 421 940 honoremque
453 886 504 927 ob
536 900 627 926 eam
657 885 977 925 munificentiam
1001 885 1139 926 ferunt
1162 886 1360 926 matronis
1385 885 1500 926 habi-

143 956 248 998 tum,
285 955 330 989 ut
359 948 510 1003 pilento
541 948 594 988 ad
624 962 741 988 sacra
769 947 988 1000 ludosque,
1027 947 1232 1001 carpentis
1263 947 1370 988 festo
1406 963 1501 1002 pro-

143 1011 330 1064 festoque
375 1017 596 1051 uterentur.
657 1010 838 1064 pondere
886 1010 937 1051 ab
986 1010 1159 1065 singulis
1202 1011 1291 1051 auri
1332 1017 1499 1065 accepto
1554 1026 1559 1027 ⁷

143 1074 456 1127 aestimatoque,
493 1080 539 1113 ut
568 1073 766 1127 pecuniae
800 1072 1066 1120 solverentur,
1105 1079 1303 1113 crateram
1335 1088 1500 1113 auream

142 1135 229 1176 fieri
257 1135 428 1190 placuit,
455 1149 560 1188 quae
586 1135 740 1175 donum
763 1133 951 1188 Apollini
975 1133 1164 1188 Delphos
1189 1140 1431 1187 portaretur.

229 1196 363 1239 Simul
388 1196 438 1237 ab
463 1197 661 1251 religione
687 1196 845 1236 animos
870 1196 1133 1244 remiserunt,
1159 1196 1366 1250 integrant
1392 1197 1499 1237 sedi-

142 1260 293 1300 tionem
325 1258 476 1299 tribuni
504 1258 637 1312 plebis
647 1274 657 1307 3
694 1258 887 1298 incitatur
911 1257 1129 1298 multitudo
1154 1257 1197 1297 in
1223 1272 1365 1298 omnes
1390 1258 1500 1312 prin-

140 1321 268 1374 cipes,
302 1326 394 1360 ante
419 1319 520 1360 alios
545 1320 588 1359 in
614 1319 854 1360 Camillum:
887 1334 980 1359 eum
1005 1319 1201 1373 praedam
1226 1318 1498 1360 Veientanam
1549 1342 1564 1363 ·.

138 1381 386 1436 publicando
424 1381 705 1434 sacrandoque
742 1381 795 1421 ad
830 1380 1004 1421 nihilum
1032 1381 1258 1436 redegisse.
1307 1381 1498 1422 absentes

137 1443 326 1484 ferociter
343 1443 572 1497 increpant:
598 1443 895 1497 praesentium,
923 1457 1018 1483 cum
1038 1457 1082 1483 se
1106 1443 1214 1484 ultro
1239 1443 1353 1484 iratis
1379 1443 1500 1484 offer-

138 1511 244 1554 rent,
269 1504 560 1546 verecundiam
580 1504 746 1546 habent.
797 1504 919 1546 simul
945 1505 1104 1545 extrahi
1128 1520 1217 1546 rem
1242 1520 1294 1546 ex
1319 1520 1367 1546 eo
1393 1520 1499 1546 anno

141 1567 344 1617 viderunt,
383 1567 568 1608 tribunos
598 1567 731 1622 plebis
762 1567 912 1608 latores
943 1567 1048 1622 legis
1080 1567 1123 1608 in
1154 1583 1305 1608 annum
1332 1568 1501 1609 eosdem

140 1629 335 1670 reficiunt.
391 1637 431 1670 et
453 1636 591 1684 patres
618 1629 696 1670 hoc
720 1630 831 1670 idem
857 1630 907 1670 de
931 1629 1273 1671 intercessoribus
1299 1629 1403 1684 legis
1429 1630 1501 1670 ad-

140 1692 228 1734 nisi.
276 1692 333 1732 ita
357 1691 509 1733 tribuni
532 1691 664 1746 plebis
690 1707 842 1747 magna
867 1706 919 1732 ex
943 1699 1058 1746 parte
1082 1692 1193 1732 idem
1217 1691 1373 1732 refecti.

222 1753 396 1794 XXVI.
448 1753 637 1795 Comitiis
669 1754 926 1795 tribunorum
956 1755 1132 1794 militum
1161 1760 1299 1808 patres
1337 1769 1499 1794 summa

142 1830 216 1870 ope
241 1816 469 1864 evicerunt,
503 1824 546 1856 ut
571 1815 633 1856 M.
659 1816 812 1857 Furius
840 1816 1042 1857 Camillus
1069 1822 1285 1857 crearetur.
1334 1823 1500 1870 propter

141 1877 246 1918 bella
278 1877 525 1918 simulabant
553 1878 689 1931 parari
719 1878 884 1927 ducem,
923 1879 998 1919 sed
1026 1878 1234 1933 largitioni
1258 1878 1498 1919 tribuniciae

141 1939 399 1979 adver-sarius
425 1938 710 1992 quaerebatur.
749 1954 843 1980 cum
864 1939 1041 1980 Camillo
1067 1940 1193 1980 creati
1217 1939 1370 1981 tn'buni
1394 1940 1499 1980 mili-

141 2008 228 2040 tum
254 2000 458 2041 consulari
482 2007 684 2054 potestate
710 2002 765 2041 L.
785 2001 936 2042 Furius
956 2001 1213 2043 Medullinus
1240 2008 1420 2051 sextum,
1448 2001 1497 2043 C.

141 2062 367 2111 Aemilius,
393 2063 446 2103 L.
467 2062 659 2103 Valerius
679 2062 915 2112 Publicola,
944 2063 1017 2118 Sp.
1038 2063 1298 2113 Postumius,
1324 2064 1373 2105 P.
1397 2063 1499 2105 Cor-

141 2124 271 2164 nelius
291 2124 449 2164 iterum.
486 2125 686 2178 principio
705 2125 801 2165 anni
821 2124 972 2166 tribuni
990 2125 1122 2180 plebis
1143 2126 1244 2166 nihil
1268 2133 1496 2175 moverunt,

141 2186 270 2226 donec
290 2185 351 2226 M.
372 2186 521 2227 Furius
543 2185 744 2227 Camillus
764 2187 806 2227 in
825 2187 1023 2237 Faliscos,
1051 2188 1118 2228 cui
1140 2188 1182 2228 id
1206 2188 1360 2229 bellun]
1384 2203 1500 2228 man-

141 2248 281 2288 datum
302 2254 404 2297 erat,
430 2248 768 2302 proficisce1·et1u·.
806 2249 1032 2290 differendo
1052 2250 1200 2290 deinde
1226 2250 1408 2305 elanguit
1431 2265 1497 2291 res

142 2317 182 2351 et
197 2309 384 2359 Camillo,
405 2324 529 2363 quem
548 2310 827 2351 adversarium
845 2312 1024 2352 maxime
1044 2318 1284 2361 metuerant,
1307 2312 1438 2367 gloria
1455 2312 1497 2352 in

141 2372 317 2414 Faliscis
338 2372 476 2412 crevit.
514 2388 611 2413 nam
636 2387 730 2413 cum
754 2373 886 2427 primo
911 2373 1125 2415 moenibus
1153 2389 1197 2415 se
1221 2374 1360 2415 hostes
1386 2381 1498 2414 tene-

141 2441 232 2475 ient
256 2434 507 2474 tutissimum
525 2434 568 2474 id
586 2435 681 2484 rati,
706 2435 968 2490 populatione
995 2451 1188 2491 aororum
1213 2442 1334 2489 atque
1360 2436 1498 2476 incen-

142 2497 221 2549 diis
239 2496 427 2536 xillarum
447 2497 581 2552 coegit
600 2511 669 2537 eos
690 2498 829 2552 egredi
848 2497 961 2538 urbe.
994 2499 1068 2539 sed
1086 2498 1208 2539 timor
1224 2497 1388 2552 longius
1404 2512 1498 2552 pro-

1527 1522 1565 1550 13

1524 1954 1542 1983 Ν.)

141 2558 258 2614 gredi
274 2558 494 2612 prohibuit.
526 2559 636 2600 mille
655 2559 741 2600 fere
759 2574 929 2614 passum
950 2559 1001 2601 ab
1022 2560 1173 2615 oppido
1194 2567 1327 2601 castra
1344 2560 1494 2610 locant,
1521 2575 1539 2602 5

140 2619 253 2660 nulla
282 2635 326 2661 re
357 2620 436 2661 alia
464 2621 638 2662 fidentes
670 2636 718 2662 ea
749 2622 846 2663 satis
878 2628 965 2663 tuta
990 2637 1080 2663 esse
1106 2637 1230 2676 quam
1255 2622 1495 2664 difficultate

141 2681 275 2723 aditus
307 2683 462 2736 asperis
494 2683 833 2738 confragosisque
858 2684 965 2725 circa
990 2692 1029 2725 et
1052 2685 1201 2739 partim
1226 2684 1323 2725 artis
1347 2684 1495 2739 partim

141 2743 278 2785 arduis
306 2744 394 2786 viis.
443 2752 623 2787 ceterum
646 2745 846 2788 Camillus
873 2747 1081 2802 captivum
1104 2746 1282 2788 indicem
1308 2761 1359 2788 ex
1383 2747 1493 2803 agris
1521 2761 1538 2790 6
