1835 3226
250 1235 265 1263 ⁸1

231 1789 269 1818 10

230 1977 266 2005 ll

252 2471 270 2500 10

295 242 378 283 296
655 247 807 281 LIBER
835 248 878 291 V,
904 248 959 281 46.
978 248 1032 281 47.
1060 250 1107 291 [a.
1122 260 1158 282 u.
1175 260 1204 283 c.
1218 250 1299 293 364]

294 353 561 401 deseruisset,
604 351 646 391 in
683 350 935 405 Capitolium
978 351 1030 391 ad
1073 365 1170 392 suos
1205 351 1325 393 rediit
1361 367 1435 394 seu
1470 356 1650 398 attonitis

296 413 427 456 Gallis
453 413 650 454 miraculo
675 413 873 454 audaciae
899 427 973 454 seu
996 413 1194 468 religione
1219 415 1343 455 etiam
1367 415 1507 466 motis,
1534 418 1650 459 euius

293 475 613 528 haudquaquam
638 474 863 529 neglegens
889 489 992 545 gens
1018 482 1093 516 est.

377 535 494 577 Veiis
529 536 693 577 interim
727 551 811 577 non
847 537 974 577 animi
1009 543 1169 578 tantum
1203 538 1246 578 in
1281 538 1388 588 dies,
1427 539 1501 580 sed
1531 540 1652 582 etiam

293 598 402 639 vires
434 597 686 639 crescebant.
734 612 811 639 nec
834 597 1036 640 Romanis
1069 599 1202 640 solum
1232 614 1282 641 eo
1313 601 1652 643 convenientibus

293 675 345 701 ex
375 659 505 715 agris,
543 660 615 713 qui
644 665 716 701 aut
744 660 900 714 proelio
931 661 1106 702 adverso
1136 668 1206 702 aut
1231 661 1345 704 clade
1371 670 1514 718 captae
1539 663 1653 705 urbis

294 723 420 777 palati
450 720 632 772 fuerant,
666 723 739 764 sed
770 723 894 764 etiam
920 737 972 764 ex
996 723 1122 765 Latio
1146 724 1387 766 voluntariis
1413 726 1654 767 confluenti-

292 785 388 834 bus,
420 792 465 825 ut
488 785 531 825 in
554 792 670 839 parte
694 785 872 839 praedae
897 792 1053 834 essent,
1085 792 1291 827 maturum
1316 787 1398 828 iam
1423 787 1651 836 videbatur,

292 847 421 902 repeti
445 847 620 902 patriam
645 847 828 902 eripique
853 862 905 888 ex
929 847 1111 889 hostium
1136 848 1340 890 manibus.
1390 849 1464 890 sed
1494 849 1653 904 corpori

294 910 429 950 valido
449 916 572 964 caput
590 909 741 950 deerat.
766 909 882 951 loeus
902 910 991 965 ipse
1011 910 1257 952 admonebat
1273 910 1438 951 Camilli
1452 917 1491 952 et
1504 926 1655 967 magna

291 986 387 1025 pars
412 971 589 1011 militum
614 977 718 1020 erat,
745 971 815 1025 qui
834 971 961 1013 ductu
980 972 1247 1027 auspicioque
1267 972 1355 1012 eius
1375 987 1439 1014 res
1458 987 1653 1028 prospere

292 1038 525 1087 gesserant3
551 1039 591 1073 et
611 1031 833 1074 Caedicius
849 1032 1023 1088 negare,
1052 1048 1095 1074 se
1122 1034 1456 1083 commissurum,
1483 1049 1556 1075 eur
1576 1034 1654 1076 sibi

296 1105 367 1136 aut
396 1096 567 1136 deorum
598 1102 669 1137 aut
698 1095 913 1137 hominum
937 1097 1159 1151 quisquam
1183 1097 1401 1151 imperium
1426 1097 1559 1138 finiret
1583 1112 1656 1152 po-

296 1158 376 1199 tius
408 1172 532 1211 quam
562 1158 651 1212 ipse
682 1173 841 1200 memor
871 1159 1025 1200 ordinis
1051 1159 1116 1200 sui
1139 1166 1328 1214 posceret
1352 1159 1654 1214 imperatorem.

294 1235 500 1262 consensu
526 1221 710 1262 omnium
734 1221 889 1275 placuit
904 1220 965 1262 ‘ab
990 1221 1133 1263 Ardea
1159 1221 1382 1263 Camillum
1407 1222 1548 1272 acciri,
1581 1222 1656 1263 sed

293 1290 416 1323 antea
452 1282 640 1323 consulto
679 1290 842 1332 senatu,
880 1283 952 1336 qui
980 1283 1141 1324 Romae
1177 1290 1304 1324 esset:
1348 1284 1450 1324 adeo
1486 1283 1656 1338 regebat

293 1344 431 1385 omnia
459 1344 610 1398 pudor,
648 1344 967 1398 discriminaque
996 1359 1132 1386 rerum
1162 1360 1290 1400 prope
1325 1345 1495 1399 perditis
1530 1344 1654 1386 rebus

296 1405 528 1447 servabant.
588 1406 745 1462 ingenti
786 1406 969 1461 periculo
1011 1407 1306 1447 transeundum
1354 1421 1428 1460 per
1473 1406 1654 1447 hostium

298 1468 506 1509 custodias
545 1475 643 1509 erat.
693 1468 746 1509 ad
782 1482 873 1509 cam
909 1482 995 1509 rem
1029 1467 1204 1509 Pontius
1244 1468 1458 1510 Cominius
1494 1468 1656 1524 inpiger

296 1529 456 1571 iuvenis
483 1544 650 1584 operam
674 1530 899 1584 pollicitus,
925 1529 1125 1571 incubans
1151 1530 1292 1571 cortici
1312 1531 1493 1571 secundo
1513 1530 1653 1571 Tiberi

297 1591 349 1632 ad
373 1591 518 1632 urbem
544 1592 738 1632 defertur.
787 1592 901 1641 inde,
933 1606 1017 1646 qua
1039 1592 1273 1646 proximum
1298 1592 1376 1632 fuit
1400 1608 1424 1633 a
1447 1593 1554 1647 ripa,
1580 1607 1652 1647 per

292 1659 558 1706 praeruptum
583 1667 715 1706 eoque
738 1653 973 1708 neglectum
999 1653 1180 1694 hostium
1205 1654 1416 1695 custodiae
1442 1669 1588 1695 saxum
1613 1655 1655 1695 in

295 1714 548 1768 Capitolium
575 1715 712 1756 evadit
736 1722 775 1756 et
799 1716 852 1756 ad
876 1716 1142 1771 magistratus
1162 1716 1309 1757 ductus
1330 1717 1521 1757 mandata
1541 1731 1656 1758 exer-

295 1776 399 1817 citus
426 1776 520 1817 edit.
558 1784 727 1831 accepto
752 1777 848 1817 inde
875 1785 1041 1818 senatus
1067 1777 1274 1826 consulto,
1300 1777 1361 1817 uti
1386 1778 1560 1819 comitiis
1586 1793 1656 1819 cu-

294 1838 409 1879 riatis
439 1845 657 1880 revocatus
689 1839 740 1880 de
772 1839 894 1880 exilio
923 1839 1041 1880 iussu
1071 1839 1213 1894 populi
1245 1838 1447 1880 Camillus
1483 1839 1657 1880 dictator

296 1900 504 1955 extemplo
529 1900 733 1942 diceretur
757 1901 990 1955 militesque
1008 1901 1206 1943 haberent
1226 1901 1514 1956 imperatorem
1533 1916 1655 1955 quem

295 1962 464 2013 vellent,
497 1964 643 2005 eadem
671 1964 894 2019 degressus
919 1964 1088 2006 nuntius
1113 1964 1242 2006 Veios
1269 1965 1494 2014 contendit,
1521 1964 1657 2006 missi-

294 2039 374 2078 que
404 2023 592 2066 Ardeam
620 2025 747 2081 legati
777 2027 830 2067 ad
862 2025 1086 2068 Camillum
1116 2025 1243 2068 Veios
1280 2041 1373 2067 eum
1409 2027 1651 2081 perduxere,

295 2101 369 2127 seu
393 2111 449 2116 -—
473 2088 586 2141 quod
609 2088 744 2143 magis
770 2088 935 2129 credere
959 2088 1075 2138 libet,
1101 2103 1184 2129 non
1207 2088 1320 2143 prius
1346 2088 1578 2142 profectum
1603 2087 1654 2129 ab

293 2148 437 2190 Ardea
467 2163 591 2202 quam
622 2150 805 2204 conperit
829 2150 965 2206 legem
988 2150 1133 2200 latam,
1165 2150 1277 2203 quod
1300 2165 1375 2190 nec
1400 2150 1559 2190 iniussu
1583 2164 1656 2204 po-

294 2210 381 2264 puli
405 2211 555 2252 mutari
578 2211 730 2253 finibus
755 2219 897 2267 posset
922 2226 998 2253 nec
1022 2212 1102 2252 nisi
1127 2212 1300 2252 dictator
1318 2212 1451 2252 dictus
1472 2211 1656 2266 auspicia

295 2273 337 2312 in
362 2273 544 2313 exercitu
567 2273 721 2315 habere
745 2299 800 2303 ——
823 2274 892 2315 lex
916 2274 1072 2315 curiata
1095 2274 1178 2315 lata
1208 2280 1271 2315 est
1301 2274 1554 2327 dictatorque
1584 2272 1656 2314 ab-

299 2349 393 2376 sens
419 2335 567 2377 dictus.

381 2397 679 2439 XXXXVII.
721 2397 839 2439 Dum
862 2398 966 2439 haec
986 2398 1103 2440 Veiis
1129 2398 1370 2454 agebantur,
1395 2398 1557 2439 interim
1582 2413 1655 2440 arx

297 2458 455 2500 Romae
488 2459 823 2515 Capitoliumque
854 2461 896 2501 in
926 2461 1085 2516 ingenti
1114 2461 1298 2516 periculo
1334 2460 1423 2501 fuit.
1477 2475 1654 2514 namque

298 2518 409 2562 Galli
439 2536 514 2562 seu
543 2522 720 2577 vestigio
750 2529 890 2564 notato
922 2522 1122 2572 humano,
1160 2536 1243 2576 qua.
1276 2522 1445 2563 nuntius
1483 2538 1507 2563 a
1537 2521 1653 2563 Veiis

296 2590 554 2635 pervenerat,
604 2598 680 2625 seu
715 2599 791 2626 sua
827 2591 972 2640 sponte
1008 2585 1295 2626 animadverso
1332 2584 1386 2625 ad
1422 2583 1653 2625 Carmentis

299 2659 398 2685 saxo
434 2660 609 2688 ascensu
643 2661 794 2701 aequo,
836 2653 956 2689 nocte
993 2647 1208 2697 sublustri,
1251 2662 1346 2689 eum
1379 2646 1512 2701 primo
1547 2646 1654 2686 iner—

297 2719 424 2755 mem,
456 2708 526 2761 qui
552 2714 771 2763 temptaret
794 2709 922 2760 ziam,
960 2709 1289 2765 praemisissent,
1321 2707 1528 2749 tradentes
1558 2705 1652 2746 inde
