1780 3204
487 198 640 234 LIBER
665 199 720 244 X,
745 200 798 234 28.
817 199 873 233 29.
901 201 950 243 [a.
966 197 1003 233 0.
1017 198 1100 243 ⁶295]
1389 188 1473 230 525

120 303 328 358 perculsos
368 303 567 344 sustinere
604 309 780 358 poterat,
817 308 977 357 patrem
1010 301 1060 342 P.
1091 301 1271 342 Decium
1307 301 1472 341 nomine

120 365 378 419 conpellans:
418 364 536 418 ‘quid
566 365 673 405 ultra
701 364 858 405 moror’
894 364 1026 417 inquit
1064 363 1286 404 ‘familiare
1316 362 1472 403 fatum?

120 428 260 467 datum
284 427 362 468 hoe
386 433 526 468 nostro
551 427 691 482 generi
716 433 789 476 est,
815 432 861 466 ut
883 425 1044 466 luendis
1074 425 1266 479 periculis
1296 424 1470 480 publicis

118 489 281 543 piacula
307 489 455 529 simus:
481 489 562 529 iam
589 503 666 544 ego
692 502 853 528 mecum
877 487 1057 528 hostium
1081 487 1264 542 legiones
1290 492 1471 527 mactan-

119 551 193 591 das
210 551 363 591 Telluri
384 565 431 591 ac
451 550 527 590 diis
554 549 743 591 manibus
763 549 895 591 dabo?
930 549 1033 590 haec
1050 549 1211 590 locutus
1224 548 1286 589 M.
1301 548 1471 589 Livium

120 612 369 666 pontificem,
390 626 513 665 quem
538 611 792 653 descendens
817 611 860 652 in
883 611 1012 652 aciem
1033 611 1192 667 digredi
1218 617 1400 652 vetuerat
1419 609 1470 650 ab

122 689 185 723 se,
217 675 373 729 praeire
409 675 529 715 iussit
558 674 702 724 verba,
735 674 885 728 quibus
918 689 961 715 se
991 675 1256 729 legionesque
1292 675 1471 715 hostium

119 750 194 790 pro
220 736 401 777 exercitu
424 736 565 790 populi
583 736 761 777 Romani
776 736 997 789 Quiritium
1023 738 1254 778 devoveret.
1298 737 1471 777 devotus

119 799 215 839 inde
253 799 396 839 eadem
432 799 665 853 precatione
704 799 931 852 eodemque
966 799 1127 848 habitu,
1160 814 1241 852 quo
1277 806 1392 853 pater
1420 797 1470 838 P.

120 861 278 901 Decius
299 861 351 901 ad
364 860 554 901 Veserim
579 860 686 901 bello
705 861 858 901 Latino
885 875 928 901 se
953 861 1129 902 iusserat
1154 861 1357 910 devoveri,
1378 875 1472 900 cum

121 924 346 964 secundum
372 924 589 965 sollemnes
615 924 870 978 precationes
896 924 1131 973 adiecisset,
1158 939 1254 978 prae
1281 939 1323 964 sc
1349 937 1471 978 agere

120 999 210 1025 sese
242 985 502 1026 formidinem
532 1000 580 1026 30
611 986 755 1040 fugam
786 986 1035 1038 caedemque
1066 1000 1114 1026 ac
1145 1000 1347 1034 cruorem,
1381 999 1471 1025 cae-

118 1046 282 1087 lestium
301 1047 524 1088 inferorum
542 1047 636 1096 iras,
658 1053 939 1091 contacturum
959 1046 1201 1087 funebribus
1221 1046 1318 1086 diris
1339 1046 1469 1099 signa,

118 1107 216 1157 tela,
243 1124 355 1149 arma
380 1109 557 1150 hostium
583 1109 801 1161 locumque
827 1108 1001 1148 eundem
1028 1123 1126 1149 suae
1152 1109 1278 1162 pestis
1304 1122 1351 1148 ae
1372 1106 1471 1148 Gal-

117 1169 248 1210 lorum
276 1185 322 1211 ac
350 1169 597 1211 Samnitium
622 1170 722 1219 fore,
738 1193 791 1197 —
811 1169 911 1210 haec
938 1176 1151 1210 execratus
1177 1169 1219 1209 in
1245 1184 1288 1209 se
1313 1169 1473 1209 hostes-

117 1245 197 1283 que
223 1246 304 1284 qua
329 1231 672 1272 confertissimam
698 1230 889 1271 cernebat
905 1229 1120 1271 Gallorum
1147 1231 1276 1270 aciem
1296 1230 1472 1270 concitat

116 1307 279 1346 equum,
305 1292 566 1345 inferensque
592 1307 636 1333 se
661 1292 749 1346 ipse
775 1292 936 1333 infestis
964 1292 1053 1333 telis
1080 1298 1142 1332 est
1166 1291 1418 1332 interfectus.

198 1353 442 1394 XXVIIII.
480 1353 564 1394 Vix
594 1354 799 1394 humanae
830 1353 925 1394 inde
956 1353 1045 1407 opis
1071 1353 1200 1393 videri
1230 1368 1370 1408 pugna
1399 1360 1471 1407 po-

114 1416 201 1456 tuit.
255 1415 434 1456 Romani
470 1415 574 1456 duce
611 1416 784 1465 amisso,
822 1430 927 1469 quae
963 1430 1028 1456 res
1066 1415 1207 1455 terrori
1242 1415 1342 1455 alias
1380 1429 1470 1455 esse

115 1477 236 1526 solet,
267 1477 409 1518 sistere
434 1477 577 1533 fugam
605 1493 652 1519 ac
677 1493 827 1518 novam
853 1478 903 1518 de
928 1478 1088 1532 integro
1114 1477 1218 1518 velle
1244 1477 1470 1518 instaurare

113 1554 319 1593 pugnam:
358 1538 487 1588 Galli,
520 1547 559 1580 et
590 1540 767 1581 maxime
803 1539 952 1594 globus
990 1540 1259 1580 circumstans
1291 1539 1470 1579 consulis
1496 1556 1503 1564 ⁴

115 1617 281 1656 corpus,
308 1602 420 1642 velut
445 1602 621 1643 alienata
645 1610 780 1643 mente
806 1617 913 1642 vana
937 1602 979 1641 in
1005 1616 1170 1642 cassum
1194 1601 1345 1641 iactare
1370 1601 1469 1650 tela3

114 1670 274 1717 torpere
305 1663 472 1716 quidam
503 1670 543 1703 ct
572 1678 648 1704 nec
678 1678 841 1718 pugnae
872 1663 1108 1704 meminisse
1139 1677 1214 1703 nec
1244 1662 1380 1717 fugae.
1430 1670 1469 1702 at

115 1739 166 1765 ex
190 1731 305 1778 parte
331 1724 457 1765 altera
481 1725 670 1779 pontifex
695 1725 857 1774 Livius,
885 1725 950 1765 cui
975 1725 1137 1765 lictores
1163 1724 1321 1765 Decius
1347 1724 1470 1765 tradi-

115 1786 229 1826 derat
265 1785 521 1839 iusseratque
564 1801 637 1841 pro
678 1793 864 1841 praetore
901 1801 1010 1835 esse,
1048 1787 1282 1836 vociferari,
1319 1787 1468 1827 vicisse

114 1848 325 1888 Romanos
368 1848 585 1889 defunctos
628 1849 810 1890 consulis
853 1848 956 1898 fato,
995 1848 1140 1890 Gallos
1179 1848 1467 1902 Samnitesque

115 1909 293 1950 Telluris
318 1910 459 1951 matris
485 1925 533 1951 30
558 1911 727 1952 deorum
751 1911 941 1951 Manium
967 1926 1076 1961 esse,
1107 1926 1249 1966 rapere
1275 1912 1327 1952 ad
1352 1926 1395 1952 se
1421 1926 1468 1951 30

114 1987 261 2013 vocare
274 1973 453 2013 Decium
479 1974 670 2015 devotam
696 1989 835 2015 secum
860 1974 988 2015 aciem
1014 1974 1294 2027 furiarumque
1314 1988 1362 2015 30
1386 1974 1469 2014 for-

116 2035 280 2075 midinis
306 2035 428 2089 plena
453 2036 590 2076 onmia
615 2036 667 2076 ad
691 2036 831 2077 hostes
858 2050 962 2076 csse.
1002 2036 1295 2090 superveniunt
1320 2035 1466 2076 deinde

114 2096 178 2137 his
203 2096 511 2137 restituentibus
536 2112 720 2152 pugnam
745 2098 798 2138 L.
821 2097 1036 2138 Cornelius
1065 2096 1205 2152 Scipio
1231 2104 1270 2138 et
1290 2096 1338 2138 C.
1354 2097 1468 2137 Mar-

115 2158 201 2198 cius
228 2173 320 2198 cum
347 2158 541 2200 subsidiis
568 2174 618 2200 ex
642 2160 867 2200 novissima
897 2160 983 2200 acie
1015 2160 1131 2201 iussu
1158 2159 1209 2212 Q.
1235 2159 1341 2200 Fabi
1371 2174 1467 2200 con-

116 2220 215 2260 sulis
241 2221 292 2260 ad
322 2221 571 2274 praesidium
602 2222 783 2277 collegae
814 2221 941 2263 missi.
995 2221 1054 2263 ibi
1084 2222 1247 2263 auditur
1270 2221 1318 2262 P.
1344 2221 1467 2262 Decii

114 2289 297 2331 eventus,
317 2283 462 2337 ingens
479 2283 690 2325 hortamen
708 2283 909 2325 adomnia
925 2298 999 2338 pro
1019 2298 1061 2324 re
1080 2284 1246 2338 publica
1265 2284 1464 2325 audenda.

113 2344 250 2397 itaque
281 2358 373 2384 cum
405 2343 515 2386 Galli
547 2345 710 2387 structis
747 2351 839 2386 ante
872 2360 914 2386 se
948 2346 1073 2386 scutis
1111 2345 1281 2386 conferti
1313 2351 1465 2386 starent

114 2420 188 2445 nec
214 2405 345 2446 facilis
369 2406 474 2460 pede
500 2407 662 2447 conlato
687 2407 893 2447 videretur
917 2422 1068 2462 pugna,
1095 2407 1213 2448 iussn
1236 2407 1465 2462 legatorum

114 2467 297 2507 conlecta
321 2467 435 2508 humi
460 2468 560 2522 pila,
592 2482 697 2521 quae
724 2474 849 2509 strata
874 2469 977 2508 inter
1001 2469 1103 2510 duas
1130 2469 1238 2509 acies
1263 2468 1462 2517 iacebant,

113 2536 235 2580 atque
265 2528 307 2568 in
337 2530 584 2570 testudinem
620 2529 799 2570 hostium
833 2530 1029 2570 coniecta.
1079 2529 1228 2583 quibus
1258 2530 1464 2584 plerisque

112 2590 155 2629 in
186 2597 302 2635 scuta
331 2591 513 2644 rarisque
544 2591 586 2631 in
617 2606 787 2646 corpora
817 2592 908 2646 ipsa
943 2591 1035 2632 fixis
1067 2592 1259 2633 sternitur
1295 2606 1462 2641 cuneus,

112 2651 168 2692 ita
193 2658 236 2692 ut
255 2667 405 2707 magna
429 2668 523 2707 pars
549 2653 717 2708 integris
743 2653 980 2708 corporibus
1007 2654 1166 2694 attoniti
1191 2653 1462 2695 conciderent.

1500 563 1538 591 14

1500 749 1539 778 15

1501 873 1538 902 16

1499 1060 1536 1087 17

1503 1183 1538 1209 18
