1780 3204
425 227 577 262 LIBER
602 228 671 272 vl,
698 227 751 262 35.
770 227 824 261 36.
853 225 956 270 [ac.
973 227 1220 273 amabam]
1419 219 1496 259 341

156 337 234 371 lsta
267 331 435 381 “veto‚''
472 345 553 384 qua
582 345 690 372 nunc
721 330 978 371 concinentes
1011 330 1189 386 collegas
1220 336 1381 372 nostros
1418 337 1500 371 tarn

156 393 249 433 laeti
276 393 449 433 auditis.'

238 454 367 495 Haud
390 454 534 495 inritae
560 454 742 495 cecidere
768 454 920 495 minae:
947 455 1110 495 comitia
1127 462 1288 509 praeter
1307 455 1497 496 aedilium
1529 470 1567 499 10

155 515 490 570 tribunorumque
514 516 625 570 plebi
649 516 761 557 nulla
785 522 880 556 sunt
903 515 1055 557 habita.
1102 516 1292 558 Licinius
1314 515 1502 558 Sextius-

155 592 233 631 que
259 578 409 619 tribuni
432 578 564 633 plebis
588 578 731 618 refecti
754 577 888 618 nullos
909 578 1069 618 curules
1089 578 1354 634 magistratus
1374 580 1501 620 creari

154 641 266 695 passi
298 647 409 691 sunt,
447 655 575 694 eaque
607 640 782 682 solitudo
814 640 1147 696 magistratuum,
1185 648 1224 682 et
1253 641 1374 696 plebe
1409 641 1502 682 refi-

154 703 283 744 ciente
320 703 422 744 duos
461 703 645 744 tribunos
682 710 722 744 et
757 703 806 744 iis
842 703 1006 744 comitia
1041 703 1295 745 tribunorum
1326 703 1499 744 militum

154 764 407 814 tollentibus,
433 779 506 819 per
530 765 852 818 quinquennium
878 765 1022 806 urbem
1046 765 1187 806 tenuit.

236 826 458 868 XXXVI.
496 827 594 867 Alia
616 826 723 867 bella
748 833 946 881 oportune
971 827 1180 880 quievere:
1206 826 1406 868 Veliterni
1432 842 1499 868 co-
1529 842 1539 869 1

152 889 235 929 loni
259 889 480 944 gestientes
506 889 606 938 otio,
632 888 742 941 quod
766 888 902 929 nullus
922 889 1124 929 exercitus
1142 888 1356 930 Romanus
1377 896 1497 939 esset,

153 957 191 990 et
223 965 366 1005 agrum
390 950 625 991 Romanum
650 950 893 1003 aliquotiens
918 950 1178 991 incursavere
1205 957 1244 991 et
1268 950 1497 992 Tusculum

152 1026 388 1067 oppugnare
419 1012 549 1052 adorti
586 1018 691 1052 sunt.
741 1026 870 1064 eaque
906 1025 970 1052 res
1004 1011 1252 1052 Tusculanis
1290 1012 1496 1053 veteribus

151 1073 291 1122 sociis,
328 1073 444 1114 novis
477 1072 635 1114 civibus
666 1087 786 1126 opem
812 1072 1022 1113 orantibus
1048 1073 1295 1113 verecundia.
1318 1073 1497 1113 maxime

150 1148 229 1174 non
253 1141 390 1188 patres
415 1134 554 1182 modo,
582 1133 654 1174 sed
680 1134 800 1173 etiam
825 1133 987 1187 plebem
1013 1134 1152 1174 movit.
1195 1133 1496 1175 remittentibus
1524 1149 1542 1178 3

150 1195 320 1236 tribunis
346 1195 495 1249 plebis,
529 1194 691 1235 comitia
716 1209 788 1249 per
811 1195 1056 1249 interregem
1082 1201 1177 1236 sunt
1201 1195 1358 1244 habita,
1387 1210 1498 1237 crea-

148 1257 257 1309 tique
283 1256 432 1297 tribuni
456 1256 647 1296 militum:
684 1256 737 1296 L.
762 1256 932 1304 Furius,
964 1257 1018 1298 A.
1044 1256 1249 1307 BIanlius,
1285 1257 1373 1299 Ser.
1403 1257 1498 1299 Sul-

146 1318 293 1372 picius,
324 1317 411 1359 Ser.
435 1317 669 1367 Cornelius,
695 1317 744 1359 P.
771 1324 811 1359 et
832 1317 879 1360 C.
895 1318 1050 1359 Valerii
1070 1319 1388 1374 haudquaquam
1412 1327 1494 1361 tam

145 1379 427 1420 oboedientem
452 1380 492 1419 in
519 1380 669 1420 dilectu
694 1395 817 1434 quam
842 1380 883 1421 in
910 1381 1084 1422 comitiis
1109 1382 1273 1436 plebem
1293 1382 1492 1433 habuere3

144 1441 378 1496 ingentique
415 1442 672 1483 contentione
709 1442 892 1483 exercitu
928 1443 1078 1497 scripto
1113 1444 1288 1498 profecti
1323 1459 1405 1486 non
1441 1445 1492 1486 ab
1519 1458 1538 1486 4

147 1503 328 1544 Tusculo
358 1504 481 1544 modo
512 1519 770 1545 summovere
801 1504 979 1554 hostem,
1018 1506 1090 1546 sed
1120 1506 1227 1547 intra
1252 1513 1411 1547 suamet
1434 1507 1497 1561 ip-

145 1580 236 1606 sum
266 1566 426 1606 moenia
457 1566 687 1620 conpulere.
737 1566 1112 1620 obsidebanturque
1147 1568 1259 1608 haud
1293 1569 1416 1622 paulo
1453 1569 1494 1608 vi
1520 1583 1538 1611 5

143 1627 294 1667 maiore
323 1626 504 1668 Velitrae
541 1642 665 1681 quam
701 1628 930 1669 Tusculum
967 1629 1182 1670 obsessum
1219 1629 1364 1670 suerat.
1419 1645 1494 1671 nec

144 1696 280 1728 tamen
304 1688 355 1729 ab
382 1689 459 1737 eis,
486 1704 508 1729 a
534 1689 683 1742 quibus
709 1689 888 1730 obsideri
913 1697 1081 1744 coeptae
1107 1697 1238 1740 erant,
1267 1692 1494 1746 expugnari

143 1755 323 1802 potuere.
372 1757 463 1789 ante
488 1750 585 1790 novi
611 1751 734 1790 creati
759 1758 853 1791 sunt
878 1751 1029 1792 tribuni
1053 1752 1245 1792 militum:
1280 1752 1331 1804 Q.
1356 1752 1494 1794 Servi-
1520 1768 1538 1797 G

143 1810 234 1859 lius,
263 1808 393 1851 Gaius
407 1810 616 1860 Veturius,
642 1810 778 1852 Aulus
799 1819 837 1852 et
856 1812 1026 1853 Marcus
1042 1812 1235 1863 Cornelii,
1264 1813 1315 1866 Q.
1339 1814 1494 1867 Quinc-

146 1871 242 1919 tius,
267 1870 328 1911 M.
348 1871 517 1912 Fabius.
565 1873 665 1912 nihil
689 1888 740 1913 ne
766 1873 817 1914 ab
842 1873 891 1914 iis
917 1874 1081 1927 quidem
1108 1875 1282 1916 tribunis
1308 1876 1360 1916 ad
1378 1875 1493 1917 Veli-

146 1943 227 1972 tras
252 1932 515 1973 memorabile
541 1933 708 1974 factum.

227 1992 278 2033 In
318 1993 471 2034 maiore
514 1994 747 2036 discrimine
789 1996 900 2036 domi
946 2011 1012 2038 res
1060 1998 1335 2040 vertebantur.
1395 2016 1488 2041 nam
1519 2015 1533 2043 7

144 2061 304 2108 praeter
324 2053 512 2096 Sextium
531 2056 821 2110 Liciniumque
840 2058 989 2100 latores
1009 2059 1167 2115 legum,
1193 2061 1274 2102 iam
1300 2068 1491 2108 octavum

144 2115 326 2157 tribunos
351 2117 482 2171 plebis
507 2118 702 2168 refectos,
727 2119 883 2161 Fabius
903 2135 1065 2175 quoque
1090 2122 1276 2164 tribunus
1302 2124 1489 2174 militum,

147 2176 327 2219 Stolonis
360 2194 486 2228 socer,
518 2194 690 2233 quarum
721 2181 860 2236 legum
886 2190 1026 2224 auctor
1050 2183 1200 2234 fuerat,
1233 2200 1371 2225 earum
1398 2201 1491 2227 sua-

145 2253 279 2280 sorem
310 2254 353 2280 se
382 2240 494 2281 haud
525 2241 696 2282 dubium
720 2243 890 2284 ferebat.
940 2250 980 2286 et
1003 2259 1098 2286 cum
1123 2253 1215 2286 octo
1240 2261 1291 2287 ex
1316 2247 1488 2302 collegio
1515 2262 1533 2291 s

144 2300 396 2342 tribunorum
414 2302 524 2356 plebi
543 2303 672 2357 primo
692 2304 982 2347 intercessores
1001 2306 1141 2362 legum
1159 2308 1347 2357 fuissent,
1373 2310 1491 2362 quin-

143 2377 222 2415 que
248 2363 323 2403 soli
348 2371 459 2404 erant
469 2380 479 2414 3
517 2371 573 2414 et,
605 2372 650 2405 ut
673 2366 800 2406 ferme
827 2367 958 2408 solent
982 2369 1051 2421 qui
1076 2384 1099 2409 a
1125 2369 1210 2410 suis
1241 2370 1487 2420 desciscunt,

143 2424 250 2478 capti
281 2431 320 2465 et
351 2432 559 2480 stupentes
591 2427 715 2468 animi
744 2427 914 2469 vocibus
951 2429 1093 2471 alienis
1128 2431 1172 2471 id
1201 2432 1341 2481 modo,
1379 2433 1489 2486 quod

142 2486 252 2526 domi
281 2494 545 2541 praeceptum
575 2495 677 2537 erat,
714 2489 995 2531 intercessioni
1026 2507 1124 2533 suae
1147 2494 1486 2548 praetendebant:

141 2546 309 2588 Velitris
334 2548 376 2588 in
401 2550 580 2590 exercitu
603 2550 735 2604 plebis
761 2566 953 2606 magnam
977 2560 1134 2607 partem
1160 2554 1323 2605 abesse,
1349 2556 1391 2596 in
1416 2557 1487 2597 ad·
1512 2571 1529 2600 9

140 2615 307 2649 ventum
333 2610 506 2651 militum
527 2612 689 2653 comitia
707 2613 861 2654 differri
880 2613 1045 2663 debere,
1072 2622 1116 2656 ut
1135 2617 1326 2658 universa
1343 2618 1485 2672 plebes

140 2670 189 2711 de
216 2671 300 2713 suis
326 2673 550 2715 commodis
577 2674 819 2730 suffragium
843 2675 978 2718 ferret.
1029 2675 1196 2720 Sextius
1215 2679 1484 2735 Liciniusque
1513 2696 1551 2724 10

1524 1027 1541 1054 Ν)
