1835 3226
301 226 384 267 374
584 231 739 265 LIBER
762 229 854 274 vn,
880 229 933 263 24.
953 229 1006 263 25.
1036 231 1133 273 [ω.
1149 239 1178 263 ο.
1191 229 1269 264 404.
1287 230 1370 274 405]

299 338 496 377 victorem
527 334 688 375 hostem
719 332 865 374 ciebat.
915 333 1106 386 stetitque
1139 347 1360 387 suppresso
1391 334 1547 389 impetu
1571 336 1654 378 Ro-

254 414 273 442 3
300 413 464 446 manus,
503 403 543 437 et
573 396 670 450 quia
700 396 848 437 iterum
878 395 1001 437 fessis
1035 395 1249 436 subeunda
1274 396 1481 438 dimicatio
1507 404 1593 438 crat
1617 405 1655 439 et

253 597 273 625 4

298 460 410 515 quod
435 459 597 509 consul,
635 458 735 499 dum
765 459 870 499 inter
899 458 1098 513 primores
1130 459 1319 499 incautus
1351 459 1500 514 agitat,
1537 459 1656 502 laevo

298 536 441 563 umero
478 521 624 561 matari
653 535 780 575 prope
812 520 982 561 traiecto
1013 528 1191 561 cesserat
1222 535 1444 576 parumper
1474 536 1526 562 cx
1556 522 1655 563 acie.

299 585 462 638 iamque
487 583 641 624 omissa
666 583 899 624 cunctando
924 583 1095 623 victoria
1126 589 1229 632 crat,
1268 594 1362 624 culn
1394 583 1538 624 consul
1568 583 1658 625 vul-

299 661 395 687 nere
420 646 587 701 alligato
611 653 800 687 revectus
826 645 879 686 ad
903 645 1036 700 prima
1061 645 1198 700 signa:
1226 646 1344 698 ‘quid
1364 652 1468 696 stas,
1495 645 1654 688 miles?'

297 709 448 762 inquit3
482 712 583 749 ‘non
608 722 703 749 cum
727 707 882 748 Latino
909 706 1149 761 Sabinoque
1173 707 1292 748 hoste
1322 723 1388 749 res
1419 714 1500 758 est,
1532 723 1656 762 quem

298 771 450 812 victum
478 770 602 811 armis
629 770 787 811 socium
812 785 864 811 ex
882 770 999 811 hoste
1019 769 1167 811 facias:
1193 770 1236 810 in
1254 769 1397 811 beluas
1418 770 1657 811 strinximus

299 833 472 883 ferrum,
498 832 750 874 hauriendus
777 839 847 874 aut
872 833 1033 874 dandus
1060 838 1122 873 est
1148 833 1332 888 sanguis.
1368 833 1608 888 propulistis
1635 849 1659 874 a

298 895 462 945 castris,
490 895 638 950 supina
662 895 767 936 valle
792 895 1037 950 praecipites
1065 894 1227 950 egistis,
1256 895 1392 936 stratis
1419 894 1658 950 corporibus

298 958 480 999 hostium
506 958 748 1013 superstatis
758 974 768 1007 3
801 957 1004 1012 complete
1030 957 1174 998 eadem
1201 963 1338 1012 strage
1363 972 1551 1012 campos,
1577 971 1660 1011 qua

255 1034 273 1062 6
299 1020 449 1061 montis
480 1020 682 1075 replestis.
731 1020 856 1061 nolite
888 1025 1146 1074 exspectare,
1184 1019 1284 1060 dum
1315 1026 1469 1060 stantes
1494 1035 1569 1060 vos
1595 1019 1660 1060 fu-

257 1095 273 1123 *l

235 1777 276 1807 10

237 1903 273 1931 11

299 1083 433 1138 giant3
464 1082 678 1123 inferenda
703 1089 799 1124 sunt
825 1083 944 1138 signa
970 1088 1009 1123 et
1034 1081 1268 1123 vadendum
1293 1081 1335 1122 in
1359 1081 1547 1123 hostem.’
1595 1081 1659 1122 his

300 1144 655 1186 adhortationibus
687 1145 836 1186 iterum
868 1145 995 1186 coorti
1025 1145 1184 1199 pellunt
1212 1144 1304 1185 loco
1338 1145 1493 1199 primos
1530 1144 1660 1185 mani-

298 1207 418 1262 pulos
434 1205 668 1256 Gallorum,
696 1207 837 1248 cuneis
857 1207 1006 1248 deinde
1025 1207 1067 1247 in
1092 1207 1274 1248 medium
1300 1222 1451 1262 agmen
1474 1222 1659 1262 perrum-

299 1276 414 1324 punt.
474 1269 569 1310 inde
600 1268 764 1311 barbari
800 1269 1005 1324 dissipati,
1044 1268 1193 1322 quibus
1229 1283 1306 1310 nec
1342 1275 1452 1310 certa
1487 1268 1659 1323 imperia

300 1346 376 1373 nec
407 1330 532 1372 duces
564 1337 721 1381 essent,
759 1337 922 1372 vertunt
952 1331 1151 1385 impetum
1181 1331 1224 1370 in
1250 1345 1365 1380 suos,
1398 1330 1561 1384 fusique
1586 1344 1660 1384 per

300 1408 469 1449 campos
507 1399 547 1435 et
574 1400 737 1448 praeter
767 1400 902 1435 castra
932 1393 1054 1434 etiam
1087 1407 1162 1434 sua
1191 1392 1293 1448 fuga
1322 1393 1510 1447 praelati,
1548 1392 1660 1446 quod

301 1456 575 1497 editissimum
598 1455 704 1496 inter
728 1455 921 1509 aequales
938 1455 1127 1496 >tumulos
1153 1454 1394 1496 occurrebat
1419 1454 1567 1504 oculis,
1594 1469 1657 1495 ar-

301 1533 391 1558 cem
414 1516 625 1558 Albanam
654 1524 811 1571 petunt.
863 1517 1007 1558 consul
1037 1532 1119 1558 non
1144 1517 1249 1557 ultra
1275 1523 1408 1557 castra
1432 1517 1656 1565 insecutus,

301 1580 399 1633 quia
429 1585 469 1620 et
498 1579 648 1620 vulnus
681 1578 935 1635 degravabat
961 1585 1000 1620 et
1026 1578 1212 1620 subicere
1238 1579 1462 1620 exercitum
1488 1578 1656 1619 tumulis

300 1641 352 1683 ab
377 1641 495 1683 hoste
521 1641 731 1696 occupatis
757 1641 941 1691 nolebat,
973 1641 1127 1695 praeda
1152 1641 1264 1682 omni
1289 1647 1516 1682 castrorum
1540 1641 1658 1681 militi

300 1703 397 1745 data
438 1703 636 1744 victorem
679 1703 904 1745 exercitum
946 1703 1270 1757 opulentumque
1307 1700 1479 1744 Gallicis
1517 1702 1658 1757 spoliis

299 1766 478 1807 Romam
502 1766 677 1807 reduxit.
727 1781 885 1807 moram
911 1765 1118 1820 triumpho
1144 1765 1294 1806 vulnus
1321 1765 1500 1806 consulis
1527 1765 1660 1806 attulit

301 1829 528 1882 cademque
565 1844 692 1870 causa
728 1828 938 1869 dictatoris
976 1827 1226 1868 desiderium
1265 1827 1426 1867 senatui
1461 1826 1578 1876 fecit,
1614 1833 1660 1866 ut

302 1897 411 1932 esset
442 1891 512 1945 qui
543 1891 678 1946 aegris
711 1890 949 1932 consulibus
981 1890 1146 1931 comitia
1176 1888 1357 1930 haberet.
1407 1889 1582 1930 dictator
1605 1888 1658 1929 L.

299 1953 454 1994 Furius
482 1953 685 1994 Camillus
711 1954 864 2003 dictus,
892 1953 1031 1994 addito
1057 1952 1256 2007 magistro
1282 1952 1466 2005 equitum
1485 1950 1534 1992 P.
1557 1949 1660 1992 Cor-

300 2016 408 2057 nelio
436 2015 650 2071 Scipione,
682 2017 860 2058 reddidit
889 2016 1076 2071 patribus
1107 2015 1414 2070 possessionem
1444 2014 1659 2069 pristinam

301 2079 553 2120 consulatus.
613 2079 703 2134 ipse
739 2078 792 2120 ob
828 2079 871 2119 id
906 2078 1097 2120 meritum
1133 2077 1290 2133 ingenti
1326 2084 1488 2131 patrum
1525 2075 1661 2117 studio

301 2147 462 2182 creatus
488 2141 632 2182 consul
657 2141 860 2196 collegam
886 2140 969 2195 Ap.
998 2140 1221 2182 Claudium
1248 2138 1448 2180 Crassum
1474 2138 1589 2178 dixit.

385 2203 535 2244 XXV.
578 2203 828 2257 Priusquam
848 2203 996 2243 inirent
1020 2203 1116 2244 novi
1143 2201 1332 2243 consules
1358 2201 1659 2256 magistratum,

302 2265 533 2320 triumphus
561 2281 585 2306 a
609 2265 772 2320 Popilio
797 2265 848 2306 dc
870 2263 1002 2307 Gallis
1029 2271 1144 2306 actus
1170 2278 1321 2319 magno
1347 2262 1488 2303 favore
1513 2261 1658 2316 plebis,

302 2335 620 2382 mussantesque
645 2328 751 2369 inter
776 2342 819 2369 se
844 2326 1096 2383 rogitabant,
1123 2341 1222 2367 num
1242 2340 1366 2379 quem
1390 2323 1540 2379 plebeii
1565 2337 1660 2364 con-

305 2391 404 2431 sulis
434 2390 674 2445 paeniteret.
725 2389 847 2431 simul
877 2390 1119 2430 dictatorem
1143 2387 1429 2442 increpabant,
1461 2386 1531 2439 qui
1556 2384 1660 2440 legis

302 2453 491 2494 Liciniae
518 2459 678 2508 spretae
704 2452 936 2493 mercedem
956 2451 1215 2493 consulatum
1259 2450 1419 2505 privata
1439 2449 1661 2503 cupiditate

303 2530 427 2568 quam
457 2515 624 2570 publica
654 2515 802 2556 iniuria
832 2515 1058 2556 foediorem
1085 2513 1280 2568 cepisset,
1312 2518 1357 2553 ut
1383 2526 1426 2552 se
1451 2511 1540 2566 ipse
1566 2525 1662 2551 con-

306 2577 434 2618 sulem
472 2578 646 2619 dictator
683 2584 850 2618 crearet.
906 2592 1038 2618 annus
1075 2575 1213 2616 multis
1245 2574 1450 2628 variisque
1481 2571 1661 2613 motibus

304 2638 381 2678 suit
416 2639 603 2695 insignis.
667 2638 778 2681 Galli
815 2654 866 2681 ex
896 2638 1074 2680 Albanis
1111 2636 1340 2686 montibus,
1383 2635 1479 2689 quia
1514 2633 1661 2675 hiemis

306 2699 388 2739 vim
414 2702 497 2754 pati
522 2702 808 2756 nequiverant,
834 2717 908 2758 per
933 2716 1100 2757 campos
1126 2700 1425 2753 maritumaque
1450 2698 1540 2739 loca
1564 2695 1661 2751 vagi
