1835 3226
306 1502 323 1529 N,

349 252 431 293 304
696 258 851 292 LIBER
874 257 920 302 V,
947 257 999 292 54.
1018 257 1072 292 55.
1102 260 1150 302 [a.
1164 270 1199 292 u.
1217 269 1247 293 0.
1259 258 1341 302 364]

347 377 477 403 annus
503 361 629 409 urbis,
658 359 854 413 Quirites,
881 361 1034 416 agitur3
1060 361 1165 402 inter
1188 367 1248 402 tot
1267 362 1505 403 veterrimos
1530 363 1704 418 populos

347 426 428 458 tam
455 417 525 457 diu
550 416 657 458 bella
681 417 839 472 geritis,
867 432 960 458 eum
984 417 1157 466 interea,
1183 432 1235 458 ne
1261 417 1444 473 singulas
1469 418 1614 471 loquar
1638 435 1705 461 ur-

346 474 432 521 bes,
459 487 542 513 non
567 473 772 514 coniuncti
797 488 891 514 cum
914 473 1076 527 Aequis
1095 473 1252 524 Volsci,
1279 480 1339 515 tot
1364 480 1448 515 tam
1473 475 1609 515 valida
1633 491 1705 530 op-

346 529 460 584 pida,
498 544 581 570 non
605 529 799 570 universa
821 529 991 571 Etruria
1015 538 1174 571 tantum
1199 537 1305 571 terra
1335 531 1520 584 marique
1545 531 1704 585 pollens

346 593 468 638 atque
497 586 603 626 inter
633 587 715 627 duo
745 586 876 627 maria
904 586 1162 627 latitudinem
1198 586 1386 628 obtinens
1416 587 1561 628 Italiae
1598 587 1705 629 bello

347 642 464 683 vobis
489 657 564 696 par
587 648 661 683 est.
700 643 812 695 quod
832 657 925 683 cum
944 643 1002 683 ita
1023 643 1086 691 sit,
1114 657 1219 696 quae
1243 669 1297 673 —
1322 643 1497 684 malum!
1523 669 1578 674 —
1601 644 1705 685 ratio

346 705 409 739 est
427 698 605 753 expertis
625 698 705 740 alia
725 699 911 753 experiri,
938 714 1044 748 cum,
1070 699 1152 740 iam
1172 707 1217 740 ut
1235 700 1364 740 virtus
1384 706 1521 740 vestra
1534 701 1706 740 transire

346 754 426 795 alio
449 755 599 808 possit,
631 755 798 796 fortuna
823 764 932 796 certe
955 755 1035 796 loci
1059 755 1181 797 huius
1208 756 1418 797 transferri
1443 771 1525 796 non
1551 756 1707 810 possit?

346 811 412 852 1110
438 811 691 866 Capitolium
716 818 796 861 est,
833 811 904 853 ubi
929 813 1139 866 quondam
1170 813 1302 867 capite
1333 812 1516 853 humano
1540 813 1706 853 invento

348 882 595 922 responsum
620 875 700 918 est,
738 883 786 910 eo
810 868 900 909 1000
927 875 1050 923 caput
1072 883 1209 909 rerum
1236 882 1522 921 summamque
1547 868 1707 923 imperii

349 924 456 974 fore3
487 924 573 974 hic,
600 939 694 965 cum
719 931 920 980 augurato
945 925 1186 966 liberaretur
1213 924 1483 980 Capitolium,
1509 925 1706 966 Iuventas

346 980 650 1034 Terminusque
680 983 861 1022 maximo
897 982 1050 1037 gaudio
1086 989 1249 1036 patrum
1285 987 1516 1022 vestrorum
1550 982 1711 1022 moveri

347 1052 390 1078 se
415 1052 497 1078 non
522 1037 653 1092 passi3
680 1037 748 1078 hie
773 1037 927 1079 Vestae
952 1038 1084 1092 ignes,
1111 1038 1178 1078 hie
1203 1038 1350 1078 ancilia
1376 1037 1488 1078 caelo
1513 1037 1706 1087 demissa,

346 1093 413 1134 hic
438 1108 580 1135 omnes
604 1094 770 1148 propitii
795 1094 1056 1135 manentibus
1082 1094 1199 1135 vobis
1226 1094 1306 1134 dii?

432 1149 528 1190 LV.
571 1149 759 1191 Movisse
785 1166 855 1192 cos
877 1150 1078 1192 Camillus
1105 1166 1199 1192 cum
1225 1151 1304 1191 alia
1329 1150 1511 1192 oratione
1533 1156 1621 1190 tum
1646 1165 1706 1195 ea.

348 1220 453 1259 quae
480 1206 532 1246 ad
556 1206 775 1261 religiones
806 1207 1053 1261 pertinebat,
1086 1207 1265 1248 maxime
1297 1207 1456 1248 (licitur.
1518 1207 1591 1248 sed
1620 1221 1707 1247 rem

348 1262 516 1303 dubiam
541 1262 722 1303 decrevit
745 1278 828 1303 vox
853 1270 1052 1317 oportune
1078 1264 1241 1312 emissa,
1269 1264 1392 1315 quod,
1420 1278 1514 1304 cum
1540 1269 1706 1303 senatus

348 1325 442 1372 post
472 1318 594 1372 paulo
625 1319 675 1359 de
705 1319 770 1359 his
800 1319 924 1360 rebus
955 1319 997 1359 in
1028 1319 1140 1360 curia
1170 1319 1353 1360 Hostilia
1387 1319 1608 1360 haberetur
1638 1333 1705 1359 co-

351 1375 571 1428 hortesque
602 1389 654 1416 ex
689 1375 904 1429 praesidiis
941 1383 1191 1416 revertentes
1227 1375 1332 1415 forte
1368 1374 1533 1429 agmine
1571 1374 1705 1415 forum

351 1431 579 1479 transirent,
607 1431 789 1472 centurio
808 1432 849 1471 in
870 1432 1033 1472 comitio
1054 1431 1317 1471 exclamavit:
1345 1430 1547 1485 ‘signiter,
1575 1437 1707 1471 statue

351 1487 533 1542 signum,
566 1487 632 1528 hie
657 1487 914 1528 manebimus
941 1487 1118 1542 optime?
1178 1502 1258 1540 qua
1284 1500 1384 1527 voce
1415 1487 1555 1527 audita
1580 1494 1619 1527 et
1644 1501 1708 1527 se-

348 1551 468 1584 natus
495 1545 678 1598 accipere
705 1559 749 1584 se
775 1559 895 1584 omen
921 1559 971 1584 ex
1003 1544 1115 1584 curia
1145 1558 1337 1598 egressus
1369 1543 1639 1583 conclamavit
1667 1550 1705 1583 et

347 1599 465 1653 plebs
491 1600 739 1640 circumfusa
766 1600 1020 1653 adprobavit.
1081 1600 1291 1653 antiquata
1321 1599 1468 1639 deinde
1498 1599 1589 1654 lege
1615 1614 1707 1653 pro-

304 1672 321 1698 :x
349 1655 475 1696 misce
500 1655 598 1697 urbs
625 1656 831 1696 aedificari
857 1663 1013 1710 coepta.
1069 1656 1210 1710 tegula
1233 1655 1397 1709 publice
1422 1655 1607 1709 praebita
1633 1663 1706 1704 est,

349 1712 437 1752 saxi
463 1712 738 1765 materiaeque
764 1712 1009 1761 caedendae,
1036 1713 1145 1752 unde
1171 1713 1344 1764 quisque
1370 1712 1504 1761 vellet,
1531 1712 1595 1751 ius
1623 1712 1708 1752 fac-

349 1775 453 1808 tum:
496 1767 717 1822 praedibus
754 1768 932 1822 acceptis
970 1782 1018 1808 eo
1061 1782 1168 1808 anno
1210 1767 1398 1808 aedificia
1437 1767 1706 1821 perfecturos.

347 1824 555 1865 festinatio
581 1839 721 1865 euram
747 1824 899 1865 exemit
928 1824 1042 1865 vicos
1075 1823 1295 1878 dirigendi,
1332 1823 1430 1863 dum
1463 1823 1617 1864 omisso
1643 1824 1707 1864 sui

348 1881 550 1934 alienique
586 1881 822 1921 discrimine
857 1881 900 1920 in
934 1895 1066 1921 vacuo
1097 1880 1326 1921 aedificant.
1388 1894 1437 1920 ea
1472 1886 1534 1920 est
1566 1894 1703 1928 causa,

348 1944 393 1977 ut
419 1946 577 1978 veteres
604 1937 780 1986 cloacae,
806 1937 938 1992 primo
963 1952 1036 1992 per
1060 1936 1274 1991 publicum
1298 1936 1464 1984 ductae,
1491 1950 1600 1976 nune
1624 1936 1706 1990 pri-

347 2000 443 2034 vata
471 1994 629 2048 passim
661 1993 836 2035 subeant
866 2001 973 2034 tecta
1002 1993 1218 2046 formaque
1249 1992 1362 2033 urbis
1401 1992 1453 2032 sit
1484 1998 1707 2047 occupatae

348 2050 480 2105 magis
506 2064 631 2104 quam
656 2050 812 2091 divisae
839 2050 995 2091 similis.
