1780 3204
486 241 639 276 LIBER
664 241 718 286 X,
745 242 798 276 11.
826 241 1113 286 [mamaeae]
1394 230 1478 272 505

119 347 296 401 equites,
329 345 380 387 ab
411 345 555 401 rapido
587 360 710 386 cursu
741 345 1059 401 circumagendo
1091 359 1196 398 equo
1223 344 1381 385 effusus
1408 358 1479 384 ex-

119 409 271 463 templo
296 423 423 463 prope
449 408 662 462 expiravit.
701 407 842 448 tertius
869 407 920 448 ab
940 422 988 448 eo
1014 422 1113 448 casu
1138 407 1225 448 dies
1251 406 1344 447 finis
1368 405 1478 446 vitae

120 471 279 512 consuli
308 470 397 511 fuit.
447 485 528 523 quo
559 469 671 510 velut
701 469 836 510 omine
866 469 963 510 belli
993 475 1162 523 accepto
1195 469 1294 510 deos
1325 482 1400 523 pro
1432 482 1476 508 se

120 533 377 574 commisisse
403 531 560 573 bellum
585 539 858 572 memorantes
882 531 1052 572 Etrusci
1078 531 1280 572 sustulere
1305 530 1477 571 animos.

118 594 277 636 Romae
314 609 408 636 cum
444 593 645 635 desiderio
676 593 752 634 viri
789 599 876 633 tum
911 593 1246 634 incommoditate
1282 591 1478 652 temporis

121 656 248 697 tristis
274 656 443 697 nuntius
469 655 564 705 suit,
596 662 641 696 ut
664 662 801 710 patres
828 654 879 696 ab
904 654 1084 696 iubendo
1109 655 1305 695 dictatore
1331 669 1480 695 consu-

118 717 168 758 lis
201 717 453 773 subrogandi
483 717 647 758 comitia
671 732 723 758 ex
748 716 949 757 sententia
977 717 1209 771 principum
1238 716 1379 757 habita
1410 716 1481 756 de-

119 779 346 820 terruerint.
400 778 462 820 M.
488 778 702 820 Valerium
728 778 940 819 consulem
965 793 1108 819 omnes
1135 778 1360 819 sententiae
1386 792 1480 818 cen-

121 841 334 894 turiaeque
365 841 522 890 dixere,
555 855 678 894 quem
710 847 876 881 senatus
908 840 1149 881 dictatorem
1180 840 1261 880 dici
1290 840 1479 880 iussurus

121 902 267 943 fuerat.
323 909 410 943 tum
441 902 648 957 extemplo
678 902 720 942 in
743 901 954 942 Etruriam
979 902 1032 943 ad
1061 901 1245 957 legiones
1277 901 1481 956 proficisci

119 964 251 1005 iussit.
284 965 484 1006 adventus
505 964 592 1005 eius
613 964 841 1019 conpressit
853 963 1054 1005 Etruscos
1075 965 1190 1013 adeo,
1206 970 1250 1004 ut
1269 979 1390 1005 nemo
1411 979 1480 1005 ex-

119 1034 181 1068 tra
200 1028 454 1068 munimenta-
479 1027 619 1082 egredi
644 1027 813 1068 auderet
838 1027 1040 1080 timorque
1064 1027 1250 1081 ipsorum
1276 1025 1481 1067 obsidioni

122 1089 266 1130 similis
281 1096 402 1130 esset.
428 1103 563 1142 neque
582 1088 673 1130 illos
693 1103 825 1129 novus
845 1088 990 1129 consul
1002 1088 1214 1129 vastandis
1228 1088 1338 1142 agris
1359 1102 1480 1128 uren-

120 1151 266 1205 disque
291 1151 422 1200 tectis,
443 1165 536 1192 cum
562 1150 718 1204 passim
742 1164 825 1190 non
842 1149 964 1190 villae
985 1149 1131 1199 solum,
1153 1150 1227 1190 sed
1245 1150 1481 1202 frequentes

119 1227 281 1266 quoque
301 1213 381 1253 vici
404 1212 603 1253 incendiis
629 1211 846 1260 fumarent,
869 1210 1014 1251 elicere
1033 1210 1086 1251 ad
1105 1217 1311 1251 certamen
1335 1211 1480 1265 potuit.

206 1274 314 1315 Cum
337 1274 417 1314 hoo
442 1273 609 1328 segnius
635 1272 789 1313 bellum
815 1272 1005 1326 opinione
1031 1279 1153 1321 esset,
1175 1272 1341 1313 alterius
1368 1272 1476 1321 belli,

119 1336 231 1389 quod
271 1335 410 1376 multis
460 1335 638 1375 invicem
681 1333 866 1375 cladibus
915 1333 1027 1375 haud
1072 1334 1260 1375 inmerito
1302 1333 1480 1375 terribile

120 1404 223 1447 erat,
260 1397 371 1437 sama
401 1396 635 1438 Picentium
671 1406 872 1437 novorum
910 1396 1115 1438 sociorum
1150 1396 1301 1437 indicio
1339 1403 1480 1437 exorta

121 1467 201 1501 est:
236 1458 445 1501 Samnites
471 1475 585 1501 arma
610 1466 650 1501 et
673 1459 940 1501 rebellionem
966 1466 1169 1514 spectare,
1202 1474 1327 1513 seque
1353 1459 1404 1500 ab
1430 1459 1480 1501 iis

1503 480 1521 509 Ν)

120 1521 359 1563 sollicitatos
391 1535 496 1563 esse.
545 1521 788 1562 Picentibus
819 1521 975 1576 gratiae
1001 1528 1116 1562 actae
1142 1528 1182 1561 et
1207 1536 1358 1576 magna
1382 1535 1477 1575 pars
1505 1531 1524 1561 S

119 1598 240 1624 curae
270 1583 456 1638 patribus
482 1582 533 1625 ab
558 1583 727 1624 Etruria
751 1583 794 1623 in
821 1582 1030 1625 Samnites
1057 1597 1177 1623 versa
1208 1591 1281 1623 est.
1333 1583 1479 1623 caritas

120 1646 244 1686 etiam
276 1660 462 1686 annonae
489 1646 706 1687 sollicitam
731 1645 938 1686 civitatem
963 1644 1124 1694 habuit,
1152 1650 1402 1698 ventumque
1427 1645 1480 1685 ad

118 1707 281 1761 inopiae
306 1706 496 1747 ultimum
521 1706 645 1755 foret,
678 1713 722 1746 ut
748 1706 948 1761 scripsere
974 1706 1123 1759 quibus
1149 1705 1323 1746 aedilem
1348 1705 1479 1747 fuisse

120 1783 168 1809 eo
194 1783 300 1808 anno
324 1767 502 1809 Fabium
527 1767 762 1808 Maximum
786 1768 932 1822 placet,
959 1768 1002 1808 ni
1027 1768 1114 1809 eius
1140 1768 1217 1808 viri
1243 1783 1351 1817 cura,
1378 1783 1480 1821 qua-

119 1830 169 1871 lis
194 1829 236 1870 in
254 1829 411 1870 bellicis
436 1830 559 1871 rebus
585 1829 723 1871 multis
750 1829 1062 1884 tempestatibus
1088 1830 1234 1879 fuerat,
1256 1830 1347 1871 talis
1368 1831 1479 1871 domi

120 1899 207 1932 tum
231 1891 274 1931 in
298 1906 483 1932 annonae
509 1891 815 1946 dispensatione
839 1892 1123 1946 praeparando
1143 1906 1190 1933 ao
1213 1892 1479 1933 convehendo

120 1954 327 1994 frumento
352 1953 512 1994 fuisset.

208 2016 273 2056 Eo
299 2030 406 2056 anno
427 2041 480 2045 ——
500 2030 575 2056 nec
601 2016 773 2057 traditur
799 2031 924 2057 causa
943 2040 997 2045 —
1015 2017 1295 2072 interregnum
1320 2017 1478 2058 initum.

122 2078 347 2133 interreges
373 2077 488 2118 fuere
509 2077 591 2132 Ap.
610 2077 825 2127 Claudius,
853 2079 947 2119 dein
966 2078 1015 2119 P.
1034 2077 1263 2133 Sulpicius„
1293 2079 1328 2120 is
1355 2079 1481 2120 comi-

122 2140 177 2180 tia
203 2140 433 2181 consularia
458 2140 613 2190 habuit,
635 2141 788 2181 creavit
805 2141 859 2181 L.
877 2140 1115 2183 Cornelium
1132 2139 1383 2196 Scipionem,
1401 2141 1479 2183 Cn.

121 2201 317 2242 Fulvium
348 2202 551 2243 consules.
599 2202 800 2257 principio
836 2202 959 2244 huius
996 2203 1093 2244 anni
1130 2210 1310 2244 oratores
1341 2203 1480 2244 Luca-

122 2278 270 2304 norum
295 2264 348 2304 ad
372 2278 501 2305 novos
533 2264 723 2306 consules
750 2272 949 2305 venerunt
979 2272 1189 2319 questum,
1221 2265 1317 2319 quia
1342 2266 1481 2306 condi-

123 2325 308 2367 cionibus
339 2326 535 2381 perlicere
562 2341 606 2368 se
630 2327 889 2381 nequiverint
914 2327 967 2369 ad
997 2327 1235 2368 societatem
1259 2342 1478 2377 armorum,

125 2387 331 2429 Samnites
356 2388 507 2429 infesto
533 2389 714 2430 exercitu
738 2389 949 2445 ingressos
973 2389 1076 2431 fines
1097 2404 1194 2430 suos
1213 2396 1376 2430 vastare
1394 2389 1481 2431 bel-

122 2450 244 2503 loque
275 2450 328 2490 ad
358 2449 511 2490 bellum
543 2465 703 2505 cogere.
752 2451 927 2492 Lucano
956 2451 1111 2506 populo
1144 2450 1242 2492 satis
1275 2465 1480 2505 superque

123 2519 302 2553 erratum
337 2512 564 2566 quondam,
601 2528 711 2554 nunc
740 2514 797 2555 ita
827 2513 1055 2555 obstinatos
1092 2513 1250 2554 animos
1288 2528 1398 2563 esse,
1436 2520 1481 2554 ut

123 2574 261 2615 omnia
286 2574 391 2616 ferre
417 2589 465 2616 ac
490 2575 575 2629 pati
600 2575 852 2617 tolerabilius
878 2576 1042 2626 ducant,
1064 2589 1188 2629 quam
1214 2581 1259 2616 ut
1282 2590 1480 2629 umquam

122 2643 266 2690 postea
290 2651 440 2677 nomen
465 2636 700 2678 Romanum
725 2637 891 2678 violent.
942 2652 1055 2678 orare
1082 2643 1231 2692 patres,
1258 2643 1303 2678 ut
1328 2644 1367 2678 et
1391 2638 1480 2678 Lu-

123 2712 247 2739 canos
284 2698 325 2739 in
361 2698 485 2740 fidem
522 2699 724 2754 accipiant
762 2707 800 2740 et
838 2699 921 2740 vim
958 2706 1080 2753 atquc
1117 2699 1308 2740 iniuriam
1344 2698 1396 2741 ab
1434 2714 1477 2741 se

1509 2028 1548 2057 10

1507 2215 1544 2244 11

1507 2649 1546 2679 13
