1780 3204
430 255 585 290 LtssER
609 256 704 301 1111,
733 257 859 291 11.12.
888 256 1198 301 [a.e.443-440]
1413 247 1497 288 5205

137 366 304 403 senatus
319 359 551 401 consultum
571 359 768 410 fecerunt,
796 366 851 410 ut,
879 361 1073 414 quoniam
1093 359 1237 401 civitas
1250 358 1498 401 Ardeatium

135 423 329 464 intestino
355 421 533 463 tumultu
556 422 723 463 redacta
747 423 799 463 ad
824 437 979 477 paucos
1007 428 1128 471 esset,
1156 422 1289 463 coloni
1309 437 1357 463 eo
1381 437 1499 477 prae-

137 487 230 528 sidii
255 501 380 527 causa
404 485 604 526 adversus
628 483 805 526 Volscos
833 485 1120 526 scriberentur.
1169 484 1248 525 hoc
1272 484 1411 539 palam
1435 499 1498 525 re-
1524 516 1531 518 >

135 549 262 590 latum
294 548 337 588 in
367 546 548 595 tabulas,
587 553 632 586 ut
661 546 826 601 plebem
857 546 1125 600 tribunosque
1162 546 1323 587 falleret
1358 546 1499 586 iudicii

135 609 395 651 rescindendi
411 608 628 649 consilium
641 609 799 649 initum.
833 614 1128 650 consenserant
1141 615 1291 657 autem,
1311 614 1356 648 ut
1369 608 1498 648 multo

135 672 287 712 maiore
330 676 446 725 parte
482 670 731 711 Rutulorum
773 670 1013 711 colonorum
1055 685 1179 724 quam
1215 670 1497 710 Romanorum

136 734 287 788 scripta
311 748 388 774 nec
413 747 513 787 ager
536 732 644 773 ullus
671 733 921 773 divideretur
951 733 1030 773 nisi
1061 733 1116 782 is,
1149 732 1219 785 qui
1248 732 1498 786 interceptus

134 796 286 836 iudicio
312 795 455 836 infami
482 801 585 844 erat,
622 810 699 836 nec
724 795 795 835 ulli
820 795 934 850 prius
960 795 1150 836 Romano
1180 794 1238 835 ibi
1263 809 1386 847 quam
1413 809 1500 835 om-

136 858 257 898 nibus
283 858 448 898 Rutulis
480 857 638 898 divisus
670 865 779 898 esset
809 857 933 912 gleba
962 858 1046 898 ulla
1077 857 1167 912 agri
1197 857 1496 912 adsignaretur.

137 921 195 961 sie
215 935 313 975 ager
332 921 383 960 ad
407 919 609 960 Ardeates
629 920 761 961 rediit.
800 920 1000 960 triumviri
1020 920 1072 960 ad
1093 919 1294 960 coloniam
1313 917 1499 959 Ardeam
1525 932 1539 959 ,ἵ

137 982 418 1023 deducendam
439 982 563 1023 creati
581 981 774 1037 Agrippa
792 981 1027 1031 Menenius,
1056 981 1105 1022 T.
1123 980 1299 1023 Cluilius
1317 979 1497 1029 Siculus,

136 1044 197 1085 M.
224 1044 432 1086 Aebutius
464 1045 620 1093 Helva,
659 1045 729 1098 qui
758 1051 921 1099 praeter
950 1044 1118 1084 minime
1149 1044 1348 1098 populare
1378 1043 1499 1083 mini-
1534 1056 1543 1083 ς

138 1108 306 1148 sterium
332 1122 431 1162 agro
458 1107 715 1161 adsignando
749 1107 891 1155 sociis,
929 1121 1052 1159 quem
1077 1106 1256 1159 populus
1282 1105 1498 1145 Romanus

138 1184 258 1209 suum
283 1169 524 1218 iudicasset,
552 1183 644 1209 cum
669 1168 833 1222 plebem
860 1167 1148 1215 offendissent,
1174 1181 1225 1206 ne
1250 1165 1498 1220 primoribus

137 1231 301 1284 quidem
327 1237 491 1285 patrum
510 1230 608 1270 satis
630 1230 800 1283 accepti,
827 1229 938 1282 quod
957 1228 1057 1268 nihil
1078 1228 1233 1283 gratiae
1255 1227 1500 1279 cuiusquam

136 1293 344 1341 dederant,
370 1292 629 1340 vexationes,
657 1292 708 1332 ad
734 1291 933 1346 populum
958 1291 1041 1331 iam
1066 1291 1131 1331 die
1157 1290 1266 1331 dicta
1292 1289 1343 1330 ab
1371 1288 1499 1330 tribu-
1528 1303 1542 1307 “

136 1355 218 1404 nis,
257 1354 391 1394 coloni
415 1353 610 1408 adscripti
634 1353 885 1394 remanendo
911 1353 955 1393 in
979 1352 1158 1402 colonia,
1196 1366 1321 1406 quam
1352 1357 1499 1392 testem

135 1416 380 1471 integritatis
407 1415 669 1469 iustitiaeque
694 1414 918 1464 habebant,
945 1415 1139 1456 vitavere.

219 1477 325 1518 XII.
368 1477 459 1518 Pax
473 1477 584 1518 domi
598 1477 782 1531 forisque
803 1477 881 1518 fuit
901 1484 939 1518 ct
958 1477 1036 1518 hoc
1057 1484 1097 1518 et
1115 1477 1357 1530 insequente
1378 1490 1498 1524 anno,

138 1539 186 1581 C.
206 1539 332 1580 Furio
351 1539 493 1580 Pacilo
514 1545 554 1580 et
571 1539 633 1580 M.
654 1539 822 1594 Papirio
844 1538 999 1580 Crasso
1026 1538 1277 1580 consulibus
1321 1538 1420 1586 ludi,
1448 1537 1498 1578 ab
1527 1558 1542 1578 -.

136 1602 378 1642 decemviris
410 1616 483 1656 per
514 1601 791 1642 secessionem
822 1601 954 1655 plebis
981 1617 1005 1642 a
1034 1601 1220 1656 patribus
1253 1615 1304 1641 ex
1330 1608 1497 1641 senatus

137 1664 322 1704 consulto
346 1664 443 1711 voti,
471 1678 518 1704 eo
545 1678 651 1704 anno
670 1663 768 1703 facti
789 1671 896 1704 sunt.
941 1678 1067 1704 eausa
1088 1663 1335 1703 seditionum
1354 1661 1500 1714 nequi·
1525 1676 1543 1704 3

138 1740 261 1777 quam
275 1740 298 1765 a
311 1724 486 1766 Poetilio
502 1726 701 1778 quaesita,
729 1726 799 1778 qui
819 1725 1007 1766 tribunus
1028 1724 1160 1779 plebis
1180 1724 1327 1764 iterum
1348 1738 1396 1763 ea
1409 1723 1499 1777 ipsa
1524 1755 1528 1757 μ

138 1786 416 1826 denuntiando
441 1786 575 1827 factus
601 1801 735 1839 neque
760 1793 806 1826 ut
830 1787 880 1827 de
907 1787 1016 1841 agris
1043 1785 1276 1826 dividendis
1302 1784 1414 1838 plebi
1438 1799 1501 1824 re-

140 1847 292 1888 ferrent
316 1847 505 1888 consules
532 1849 584 1888 ad
605 1855 793 1888 senatum
811 1848 1049 1902 pervincere
1068 1847 1214 1901 potuit,
1241 1852 1281 1886 et
1302 1860 1395 1886 cum
1414 1861 1501 1886 ma-

139 1924 222 1964 gno
247 1909 466 1949 certamine
493 1909 750 1958 obtinuisset,
776 1916 821 1950 ut
847 1909 1157 1950 consulerentur
1175 1915 1326 1963 patres,
1353 1923 1501 1949 consu-

139 1971 224 2010 lum
250 1986 303 2010 an
326 1970 581 2011 tribunorum
600 1971 779 2025 placeret
798 1971 963 2012 comitia
980 1970 1135 2019 haberi,
1162 1970 1352 2011 eonsules
1372 1971 1500 2011 creari

141 2032 241 2072 iussi
268 2039 373 2081 sunt,
399 2032 658 2086 ludibrioque
685 2039 799 2073 erant
822 2034 958 2073 minae
984 2032 1136 2073 tribuni
1155 2032 1433 2073 denuntiantis
1455 2047 1498 2072 se
1528 2046 1538 2059 ⁷

141 2094 334 2135 dilectum
364 2094 660 2148 impediturum,
699 2110 792 2135 eum
823 2095 971 2148 quietis
1002 2094 1185 2135 finitimis
1221 2108 1354 2147 neque
1391 2093 1499 2134 bello

141 2171 272 2210 neque
298 2156 395 2197 belli
420 2163 620 2211 apparatu
645 2171 749 2211 opus
776 2163 896 2198 esset.

227 2216 424 2271 Sequitur
458 2219 564 2259 hanc
600 2219 934 2272 tranquillitatem
969 2233 1106 2259 rerum
1148 2233 1281 2259 annus
1318 2218 1497 2259 Proculo

143 2277 331 2334 Geganio
355 2279 581 2330 Macerino,
608 2281 661 2321 L.
687 2280 883 2322 Menenio
908 2281 1072 2322 Lanato
1098 2280 1336 2322 consulibus
1363 2280 1500 2320 multi-

142 2341 236 2395 plici
262 2341 376 2382 clade
402 2357 449 2383 ac
473 2343 655 2397 periculo
680 2343 873 2398 insignis,
901 2342 1189 2392 seditionibus,
1215 2342 1344 2391 fame,
1370 2357 1498 2397 regno

140 2417 268 2457 prope
309 2418 383 2457 per
421 2404 649 2459 largitionis
698 2405 956 2446 dulcedinem
996 2405 1040 2445 in
1087 2405 1268 2446 eervices
1315 2410 1497 2459 accepto.

142 2479 268 2504 unum
294 2465 397 2506 afuit
426 2465 579 2507 bellum
610 2472 842 2516 externum,
881 2482 962 2520 quo
995 2467 1030 2508 si
1059 2467 1307 2521 adgravatae
1337 2481 1403 2507 res
1435 2481 1498 2507 es-

141 2533 242 2576 sent,
270 2528 339 2568 vix
363 2542 440 2582 ope
466 2529 635 2569 deorum
659 2529 844 2570 omnium
867 2528 1003 2569 resisti
1027 2529 1242 2582 potuisset.
1285 2543 1455 2583 coepere
1474 2543 1499 2569 a

140 2588 249 2629 fame
275 2590 400 2639 mala,
440 2605 513 2631 seu
539 2591 737 2632 adversus
769 2606 900 2632 annus
930 2590 1121 2646 frugibus
1152 2591 1231 2631 fuit
1262 2605 1336 2632 seu
1360 2590 1498 2631 dulce-

140 2650 234 2691 dine
248 2652 483 2693 contionum
504 2659 543 2693 et
561 2653 674 2694 urbis
689 2653 851 2694 deserto
870 2667 1063 2707 agrorum
1082 2651 1206 2702 cultu,
1232 2668 1329 2693 nam
1341 2658 1498 2693 utrum-

139 2726 218 2765 que
244 2713 426 2755 traditur.
477 2722 515 2756 et
545 2721 682 2769 patres
707 2713 870 2770 plebem
902 2713 1088 2755 desidem
1111 2720 1151 2755 et
1181 2713 1334 2755 tribuni
1363 2714 1495 2769 plebis
