1835 3226
357 265 440 308 222
627 270 781 305 LIBER
805 269 900 315 1111,
924 269 978 304 30.
997 269 1054 304 31.
1081 271 1131 314 [a.
1143 280 1179 304 u.
1195 281 1225 306 e.
1239 271 1435 316 326-328]

357 376 530 418 torridos
556 374 691 415 fontes
716 373 910 426 rivosque
935 378 1116 429 stragem
1142 373 1208 414 siti
1232 387 1429 428 pecorum
1453 375 1715 417 morientium

357 438 485 486 dedit3
513 435 649 476 scabie
668 434 748 476 alia
772 434 1004 489 absumpta.
1041 435 1280 491 volgatique
1300 442 1494 476 contactu
1518 435 1562 476 in
1584 436 1717 479 homi-

312 514 330 544 9
356 514 428 540 nes
444 497 588 539 morbi.
616 503 655 538 et
668 496 800 552 primo
814 497 856 537 in
870 503 1054 552 agrestes
1073 497 1313 553 ingruerant
1332 497 1591 552 sem‘tiaque.
1617 498 1715 541 urbs

356 561 503 602 deinde
528 559 716 614 inpletur.
766 574 842 600 nec
867 574 1039 614 corpora
1062 560 1186 602 modo
1211 560 1374 602 adfecta
1398 560 1507 610 tabo,
1534 560 1608 603 sed
1633 561 1718 602 ani-

355 637 444 664 mos
470 636 634 676 quoque
658 621 874 677 multiplex
898 622 1042 678 religio
1068 628 1108 663 et
1137 622 1332 677 pleraque
1363 629 1533 664 externa
1555 623 1718 673 invasit,

354 700 484 727 novos
509 685 610 726 ritus
638 684 897 726 sacrificandi
921 685 1183 727 vaticinando
1209 685 1479 727 inferentibus
1499 686 1542 726 in
1559 686 1718 736 domos,

290 761 330 791 10
355 747 505 801 quibus
531 747 722 801 quaestui
748 754 842 788 sunt
867 748 976 802 capti
1001 748 1292 803 superstitione
1317 748 1461 798 animi,
1488 749 1620 790 donec
1643 763 1719 803 pu-

354 809 486 851 blicus
511 810 593 850 iam
617 810 752 864 pudor
776 810 829 850 ad
852 810 1052 864 primores
1079 810 1255 852 civitatis
1280 811 1478 866 pervenit,
1506 818 1719 852 cernentes

353 872 394 913 in
421 872 612 913 omnibus
639 872 741 913 vicis
768 872 1012 926 sacellisque
1042 873 1261 929 peregrina
1291 880 1414 927 atque
1446 873 1610 915 insolita
1633 873 1722 928 pia-

290 948 325 976 11
355 934 448 975 cula
472 934 585 989 pacis
611 933 736 975 deum
767 935 1067 989 exposcendae.
1117 935 1260 976 datum
1290 935 1385 977 inde
1416 936 1628 991 negotium
1653 950 1721 977 ae-

354 995 524 1045 dilibus,
562 1002 607 1036 ut
632 996 1022 1047 animadverterent,
1060 1012 1112 1038 ne
1143 997 1214 1051 qui
1245 998 1324 1039 nisi
1348 998 1528 1040 Romani
1558 997 1616 1039 dii
1638 1011 1721 1038 neu

354 1073 435 1112 quo
461 1059 540 1100 alio
565 1073 679 1100 more
703 1073 828 1112 quam
853 1059 986 1114 patrio
1012 1059 1254 1101 colerentur.

290 1132 328 1162 12
439 1120 531 1161 Irae
557 1121 756 1162 adversus
776 1119 973 1163 Veientes
998 1121 1041 1162 in
1060 1122 1345 1176 insequentem
1370 1137 1537 1172 annum,
1567 1119 1720 1163 Gaium

359 1180 581 1223 Servilium
605 1181 807 1232 Ahalam,
833 1184 887 1224 L.
914 1183 1129 1238 Papirium
1154 1183 1419 1240 Mugilanum
1444 1184 1634 1226 consules
1659 1182 1721 1224 di-

292 1256 331 1286 13
357 1243 463 1284 latae
489 1250 597 1285 sunt.
646 1251 745 1286 tunc
769 1260 946 1299 quoque,
972 1260 1023 1287 ne
1050 1246 1269 1287 confestim
1294 1246 1448 1288 bellum
1472 1247 1720 1287 indiceretur

355 1320 458 1346 neve
490 1306 694 1347 exercitus
726 1307 1001 1357 mitterentur,
1039 1308 1183 1363 religio
1215 1308 1391 1349 obstitit:
1430 1307 1579 1349 fetialis
1604 1307 1717 1362 prius

291 1381 331 1411 14
357 1368 577 1410 mittendos
611 1369 664 1409 ad
699 1383 764 1410 res
801 1370 1046 1424 repetendas
1084 1384 1293 1411 censuere.
1349 1384 1443 1410 cum
1474 1368 1717 1410 Veientibus

355 1444 486 1484 nuper
510 1430 596 1471 acie
622 1430 861 1472 dimicatum
886 1431 939 1472 ad
957 1431 1209 1473 Nomentum
1235 1439 1274 1473 et
1292 1431 1473 1473 Fidenas
1499 1431 1633 1472 fuerat
1657 1431 1718 1472 in-

355 1492 576 1545 dutiaeque
601 1492 715 1542 inde,
747 1508 829 1534 non
853 1508 935 1548 pax
959 1493 1087 1543 facta,
1125 1509 1297 1547 quarum
1324 1501 1363 1534 ct
1388 1494 1475 1535 dies
1501 1493 1656 1534 exierat
1680 1503 1719 1534 ct

355 1560 449 1594 ante
475 1554 583 1594 diem
607 1554 925 1605 rebellaverant3
951 1555 1067 1597 missi
1092 1562 1231 1596 tamen
1256 1555 1428 1596 fetiales.
1466 1570 1542 1596 nec
1562 1570 1716 1604 corum,

356 1629 451 1655 cum
475 1630 588 1656 more
613 1622 777 1670 patrum
801 1616 923 1657 iurati
947 1624 1177 1672 repeterent
1201 1632 1280 1666 res,
1306 1617 1433 1659 verba
1453 1623 1547 1659 sunt
1567 1617 1717 1658 audita.

290 1691 329 1719 15
356 1677 634 1718 controversia
657 1678 751 1718 inde
777 1678 867 1728 fuit,
894 1685 1030 1719 utrum
1055 1679 1198 1734 populi
1222 1679 1339 1720 iussu
1364 1680 1610 1720 indiceretur
1634 1679 1719 1720 bel-

354 1738 439 1779 lum
470 1754 523 1779 an
558 1739 657 1780 satis
691 1747 801 1780 esset
833 1747 999 1781 senatus
1034 1740 1294 1782 consultum?
1328 1741 1536 1796 pervicere
1568 1740 1719 1782 tribuni

354 1801 654 1850 denuntiando,
691 1802 946 1856 inpedituros
979 1817 1024 1843 se
1054 1802 1268 1851 dilectum,
1306 1810 1352 1843 ut
1377 1801 1596 1855 Quinctius
1622 1817 1718 1843 con-

355 1861 419 1903 sul
444 1862 495 1902 de
521 1861 628 1903 bello
654 1863 707 1903 ad
731 1863 931 1918 populum
955 1863 1092 1905 ferret.
1142 1879 1284 1905 omnes
1316 1864 1522 1905 centuriae
1546 1863 1716 1905 iussere.

290 1939 328 1968 16
354 1924 396 1964 in
422 1939 469 1965 eo
495 1939 659 1978 quoque
684 1924 802 1979 plebs
829 1925 1015 1980 superior
1040 1925 1134 1976 fuit,
1173 1926 1286 1980 quod
1311 1925 1460 1976 tenuit,
1492 1940 1544 1966 ne
1570 1940 1719 1967 consu-

354 1986 414 2027 les
439 1986 481 2027 in
504 1987 739 2041 proximum
765 2003 919 2028 annum
945 1994 1191 2029 crearentur.

314 2064 326 2091 1
439 2048 621 2090 XXXI.
671 2049 846 2091 Tribuni
870 2050 1046 2091 militum
1071 2050 1276 2092 consulari
1299 2056 1502 2105 potestate
1527 2055 1720 2103 quattuor

357 2111 481 2153 creati
507 2118 621 2153 sunt:
649 2111 698 2153 T.
715 2111 936 2165 Quinctius
956 2112 1126 2154 Pennus
1153 2127 1204 2154 ex
1224 2112 1453 2161 consulatu,
1482 2111 1531 2153 C.
1551 2111 1716 2160 Furius,

310 2187 328 2216 2
355 2173 416 2214 M.
431 2173 687 2224 Postumius,
714 2173 769 2215 A.
793 2173 1011 2217 Cornelius
1038 2174 1211 2217 Cossus.
1250 2190 1301 2216 ex
1326 2174 1389 2215 his
1417 2173 1577 2215 Cossus
1602 2187 1721 2227 prac-

355 2236 434 2277 fuit
465 2235 575 2286 urbi,
632 2242 714 2278 tres
747 2236 900 2278 dilectu
930 2237 1070 2279 habito
1100 2237 1276 2292 profecti
1313 2242 1407 2278 sunt
1438 2235 1563 2277 Veios
1595 2235 1721 2276 docu-

354 2304 576 2351 mentoque
601 2297 729 2348 fuere,
755 2313 880 2352 quam
905 2299 1084 2354 plurium
1109 2298 1329 2354 imperium
1352 2297 1461 2339 bello
1486 2297 1630 2338 inutile
1655 2311 1720 2338 es-

355 2367 429 2402 set.
485 2360 690 2402 tendendo
727 2361 780 2402 ad
816 2376 892 2402 sua
928 2361 1103 2415 quisque
1140 2361 1328 2410 consilia,
1373 2374 1466 2401 cum
1504 2359 1616 2400 aliud
1651 2358 1719 2399 alii

312 2434 328 2463 3
354 2423 580 2472 videretur,
619 2430 867 2478 aperuerunt
892 2424 945 2465 ad
969 2424 1229 2465 occasionem
1258 2423 1395 2465 locum
1418 2422 1540 2463 hosti.
1588 2421 1719 2462 incer-

355 2491 438 2526 tam
463 2500 643 2539 namque
668 2486 817 2536 aciem,
856 2486 1021 2542 signum
1046 2486 1136 2528 aliis
1162 2486 1268 2535 dari,
1305 2484 1488 2540 receptui
1512 2483 1602 2525 aliis
1628 2482 1718 2524 cani

354 2546 604 2598 iubentibus,
630 2548 818 2589 invasere
844 2555 1045 2603 oportune
1070 2548 1280 2589 Veientes.
1330 2553 1465 2588 castra
1489 2545 1718 2601 propinqua

355 2609 542 2651 turbatos
567 2625 614 2651 ac
640 2617 756 2666 terga
781 2611 925 2652 dantes
952 2625 1160 2665 accepere.
1197 2610 1290 2665 plus
1311 2610 1449 2663 itaque
1467 2605 1716 2663 ignominiae

313 2683 331 2712 4
357 2685 479 2724 quam
513 2671 641 2713 cladis
673 2679 736 2714 est
767 2679 993 2728 acceptum.
1049 2679 1207 2713 maesta
1238 2672 1382 2713 civitas
1414 2670 1492 2711 fuit
1521 2667 1628 2709 vinci
1658 2666 1718 2706 in-

359 2739 490 2773 sueta:
518 2734 655 2776 odisse
670 2734 869 2784 tribunos,
894 2749 1066 2790 poscere
1087 2734 1345 2783 dictatorem,
1371 2733 1414 2773 in
1433 2745 1481 2772 eo
1500 2728 1602 2770 vcrti
1622 2742 1716 2782 spes
