1780 3204
452 221 605 256 LIBER
631 221 665 265 1,
689 221 744 254 44.
761 220 813 254 45.
842 219 944 264 [ac
961 218 1156 263 578-534]
1430 209 1484 250 47

215 324 514 366 XXXXIIH.
549 324 691 366 Censu
709 324 906 379 perfecto,
933 338 1055 377 quem
1082 329 1357 364 maturaverat
1375 329 1484 363 metu

126 388 232 442 legis
258 387 309 428 de
339 387 516 428 incensis
548 386 654 427 latae
685 400 780 426 cum
809 385 1065 426 vinculorum
1096 384 1218 425 minis
1249 384 1486 438 mortisque,

130 450 267 499 edixit,
296 456 339 490 ut
363 463 504 490 omnes
531 449 641 490 cives
661 447 851 497 Romani,
877 447 1035 501 equites
1055 447 1309 501 peditesque,
1334 446 1376 487 in
1402 445 1487 487 suis

129 511 303 565 quisque
324 511 517 552 centuriis
536 511 579 551 in
597 524 744 564 campo
763 509 917 551 Martio
936 509 1068 564 prima
1086 508 1178 550 luce
1198 509 1404 550 adessent.
1430 507 1486 549 ibi

130 574 373 613 instructum
398 572 622 613 exercitum
648 586 812 613 omnem
839 570 1183 613 suovetaurilibus
1214 570 1404 612 lustravit
1427 569 1489 611 id-

130 648 210 688 que
235 634 446 675 conditum
470 633 645 674 lustrum
670 633 940 688 appellatum,
977 633 1075 686 quia
1098 633 1134 674 is
1165 632 1371 674 censendo
1395 631 1488 673 finis

130 696 265 738 factus
290 703 366 737 est.
415 696 528 737 milia
552 696 762 752 octoginta
786 710 836 736 eo
859 695 989 736 lustro
1015 694 1167 736 civium
1198 708 1322 735 censa
1345 693 1490 735 dicun-

130 765 206 798 tur.
263 758 388 798 adicit
418 758 662 812 scriptorum
693 757 1006 811 antiquissimus
1037 755 1194 797 Fabius
1225 755 1383 804 Pictor,
1421 769 1489 796 eo-

130 834 232 868 rum,
259 820 330 872 qui
355 835 470 861 arma
493 819 599 860 ferre
623 825 806 874 possent,
833 832 927 860 eum
952 832 1170 859 numerum
1195 817 1339 858 fuisse.

215 880 287 922 Ad
311 895 403 922 eam
427 880 730 922 multitudinem
762 879 859 921 urbs
889 893 1055 933 quoquc
1080 879 1369 934 amplificanda
1400 879 1486 920 visa

131 949 206 984 est.
253 942 369 984 addit
399 943 503 984 duos
534 941 678 991 colles,
717 940 974 995 Quirinalem
1006 940 1357 994 Viminalemque,
1393 940 1488 981 inde

130 1004 324 1058 deinceps
361 1011 485 1060 auget
521 1003 733 1058 Esquilias
770 1003 909 1057 ibique
945 1003 1053 1057 ipse,
1097 1010 1142 1043 ut
1177 1002 1268 1044 loco
1309 1002 1488 1057 dignitas

130 1065 256 1114 fieret,
282 1064 450 1106 habitat.
487 1079 640 1120 aggere
665 1072 706 1106 et
729 1064 855 1106 fossis
881 1071 921 1106 et
939 1078 1057 1105 muro
1076 1064 1303 1105 circumdat
1324 1063 1486 1111 urbem3

131 1127 186 1168 ita
209 1127 436 1181 pomerium
460 1126 626 1181 profert.
663 1126 905 1181 pomerium,
931 1125 1048 1167 verbi
1074 1125 1157 1166 vim
1176 1124 1307 1166 solam
1327 1125 1488 1165 intuen-

130 1197 210 1237 tes,
247 1189 542 1242 postmoerium
578 1188 898 1243 interpretantur
932 1201 1045 1237 csse3
1081 1193 1145 1228 est
1180 1194 1319 1228 autem
1354 1186 1487 1241 magis

130 1249 456 1298 circamoerium,
493 1249 628 1298 locus,
668 1263 793 1303 quem
820 1249 863 1290 in
894 1248 1121 1291 condendis
1153 1248 1325 1290 urbibus
1356 1262 1489 1302 quon-

129 1311 224 1352 dam
247 1310 434 1360 Etrusci,
471 1325 554 1364 qua
578 1326 741 1352 murum
765 1311 928 1352 ducturi
953 1318 1085 1360 erant,
1123 1311 1244 1352 certis
1276 1310 1385 1352 circa
1409 1316 1488 1350 ter-

128 1372 249 1413 minis
279 1372 524 1427 inaugurato
553 1371 869 1422 consecrabant,
906 1380 952 1414 ut
981 1387 1115 1427 neque
1145 1372 1337 1414 interiore
1372 1378 1487 1427 parte

128 1434 314 1476 aedificia
337 1433 553 1476 moenibus
578 1435 924 1484 continuarentur,
949 1449 1056 1489 quae
1081 1449 1192 1476 nunc
1217 1434 1342 1490 vulgo
1361 1434 1483 1476 ctiam

128 1496 399 1551 coniungunt,
437 1502 477 1537 et
501 1496 757 1537 extrinsecus
780 1496 875 1551 puri
898 1496 1054 1550 aliquid
1078 1496 1130 1538 ab
1160 1496 1344 1537 humano
1374 1496 1487 1537 cultu

128 1564 284 1611 pateret
320 1557 408 1598 soli.
468 1557 547 1599 hoc
585 1557 782 1612 spatium,
821 1558 933 1612 quod
966 1570 1101 1609 neque
1137 1556 1313 1599 habitari
1353 1572 1486 1610 neque
1514 1571 1528 1596 ,Γ

129 1620 234 1660 arari
260 1619 323 1660 fas
348 1626 451 1669 erat,
490 1635 573 1660 non
597 1620 731 1675 magis
762 1620 873 1673 quod
903 1626 998 1674 post
1027 1634 1191 1660 murum
1221 1626 1333 1660 esset
1362 1634 1486 1672 quam

129 1681 239 1732 quod
264 1695 405 1722 murus
430 1688 524 1736 post
548 1681 602 1731 id,
628 1681 858 1736 pomerium
882 1680 1061 1722 Romani
1085 1680 1355 1735 appellarunt,
1382 1687 1422 1721 et
1446 1681 1487 1721 in

129 1741 242 1783 urbis
277 1742 530 1784 incremento
571 1757 752 1797 semper,
800 1749 1000 1796 quantum
1042 1742 1204 1783 moenia
1243 1756 1489 1796 processura

131 1810 256 1852 erant,
282 1810 440 1845 tantum
465 1804 625 1846 termini
650 1804 694 1845 hi
719 1804 947 1846 consecrati
970 1803 1295 1858 proferebantur.

213 1861 462 1906 XXXXV.
504 1864 644 1906 Aucta
661 1865 826 1906 civitate
845 1865 1127 1920 magnitudine
1148 1865 1274 1914 urbis,
1299 1864 1485 1907 formatis

131 1925 324 1968 omnibus
355 1926 466 1967 domi
499 1934 539 1968 et
569 1927 622 1968 ad
652 1926 750 1968 belli
780 1934 820 1968 et
849 1927 902 1968 ad
932 1927 1047 1982 pacis
1078 1942 1199 1976 usus,
1236 1942 1289 1968 ne
1326 1942 1489 1982 semper

130 1988 254 2029 armis
279 2002 379 2043 opes
404 1989 722 2042 acquirerentur,
749 1989 921 2030 consilio
945 2003 1097 2044 augere
1122 1989 1340 2044 imperium
1365 2004 1488 2036 cona-

130 2058 195 2090 tus
221 2056 295 2098 est,
323 2050 445 2090 simul
470 2056 510 2091 et
534 2050 701 2104 aliquod
724 2050 875 2091 addere
900 2050 992 2092 urbi
1016 2051 1156 2093 decus.
1194 2052 1276 2093 iam
1296 2059 1382 2093 tum
1401 2061 1486 2093 erat
1513 2073 1529 2094 ·.

129 2110 315 2153 inclitum
338 2110 503 2152 Dianae
527 2111 737 2166 Ephesiae
761 2111 918 2153 fanum.
965 2113 1010 2154 id
1038 2114 1312 2155 communiter
1335 2129 1361 2155 a
1389 2114 1487 2155 civi-

131 2171 282 2214 tatibus
301 2172 431 2214 Asiae
455 2173 612 2214 factum
636 2173 749 2215 fama
773 2173 944 2215 ferebat.
981 2189 1076 2216 eum
1101 2190 1348 2217 consensum
1367 2176 1487 2217 deos-

130 2248 210 2288 que
234 2235 490 2277 consociatos
521 2235 690 2277 laudare
719 2236 821 2276 mire
848 2234 1019 2278 Servius
1050 2237 1156 2279 inter
1183 2251 1375 2292 proceres
1400 2238 1484 2278 La-

132 2296 326 2344 tinorum,
357 2310 450 2337 cum
476 2296 626 2350 quibus
652 2296 816 2351 publice
839 2298 1114 2352 privatimque
1144 2299 1323 2354 hospitia
1347 2299 1486 2340 amici-

132 2356 289 2410 tiasque
331 2357 383 2398 de
424 2358 625 2399 industria
670 2358 871 2401 iunxerat.
939 2375 1062 2415 saepe
1108 2361 1294 2402 iterando
1341 2361 1485 2402 eadem

129 2418 307 2472 perpulit
336 2419 521 2468 tandem,
560 2427 603 2460 ut
626 2419 784 2461 Romae
815 2420 957 2462 fanum
984 2421 1146 2463 Dianae
1177 2422 1319 2477 populi
1344 2422 1484 2463 Latini

1513 519 1531 548 N>

130 2494 223 2520 cum
253 2480 407 2534 populo
437 2480 628 2522 Romano
660 2482 855 2524 facerent.
904 2497 953 2524 ea
983 2493 1069 2524 emt
1099 2483 1326 2532 confessio,
1363 2494 1483 2539 caput
1511 2498 1529 2527 3

129 2554 264 2581 rerum
285 2541 460 2582 Romam
485 2556 590 2592 esse,
616 2543 667 2584 de
691 2557 773 2596 quo
797 2544 946 2585 totiens
972 2545 1095 2586 armis
1115 2552 1313 2586 certatum
1337 2545 1482 2587 fuerat.

213 2602 264 2643 Id
287 2617 537 2657 quamquam
561 2604 762 2646 omissum
785 2605 867 2646 iam
893 2621 943 2647 cx
975 2607 1158 2647 omnium
1189 2621 1286 2648 cura
1310 2607 1483 2648 Latino-

130 2678 218 2704 rum
244 2663 297 2704 ob
322 2679 407 2706 rem
433 2665 580 2707 totiens
606 2666 822 2709 infeliciter
846 2674 1084 2723 temptatam
1111 2669 1234 2710 armis
1254 2668 1482 2719 videbatur,
