1780 3204
516 205 665 239 LIBER
690 205 742 249 x,
768 203 895 238 31140.
923 206 970 247 [a.
987 202 1024 237 0.
1039 202 1120 246 293]
1413 192 1493 232 537

148 308 328 350 cedendo
354 308 721 361 comminandoque
751 307 883 362 magis
915 321 1038 360 quam
1068 304 1280 346 inferendo
1310 319 1494 359 pugnam

147 372 234 412 dies
261 370 563 412 absumebatur.
606 370 717 422 quod
742 383 834 409 cum
859 369 1104 422 inciperetur
1126 367 1491 419 remittereturque‚

148 432 332 473 omnium
364 445 501 471 rerum
533 431 655 471 etiam
686 445 903 485 parvarum
941 436 1110 470 eventus
1140 427 1423 483 proferebatur
1452 427 1494 467 in

148 494 247 534 dies.
297 492 422 533 altera
446 492 635 532 Romana
659 498 793 533 castra
823 491 964 545 (quae)
996 491 1139 546 viginti
1171 490 1329 530 milium
1361 489 1494 544 spatio

148 554 335 602 aberant,
374 560 414 594 et
444 553 625 594 absentis
657 554 838 608 collegae
870 554 1039 594 consilia
1076 553 1265 594 omnibus
1302 552 1493 607 gerendis

147 616 367 656 intererant
391 614 532 663 rebus,
569 615 840 668 intentiorque
867 614 1090 664 Carvilius,
1122 630 1203 668 quo
1227 614 1379 655 maiore
1411 613 1494 654 dis-

149 677 317 717 crimine
335 691 400 717 res
419 676 665 725 vertebatur,
692 677 734 717 in
746 676 1013 729 Aquiloniam
1033 691 1156 730 quam
1176 676 1228 717 ad
1242 675 1490 723 Cominium,

150 739 261 792 quod
297 737 530 787 obsidebat,
575 745 671 779 erat.
739 739 792 778 L.
823 738 1013 793 Papirius
1049 738 1131 779 iam
1166 753 1239 792 per
1273 737 1409 778 omnia
1444 736 1496 776 ad

148 800 425 841 dimicandum
445 800 542 841 satis
561 806 727 854 paratus
752 801 940 840 nuntium
965 800 1016 840 ad
1040 800 1239 854 collegam
1259 799 1392 847 mittit,
1420 797 1498 838 sibi

149 862 191 902 in
215 862 350 903 animo
376 876 484 910 esse,
510 868 673 916 postero
699 861 782 911 die,
810 862 843 902 si
868 876 940 916 per
964 861 1146 915 auspicia
1170 861 1325 909 liceret,
1359 858 1499 900 confli-

149 937 245 978 gere
271 938 364 965 cum
390 923 524 972 hoste3
561 938 663 977 opus
689 938 780 964 esse
811 929 850 964 et
880 923 1013 971 illum,
1052 929 1206 976 quanta
1236 936 1432 962 maxuma
1456 921 1496 960 vi

149 991 300 1040 posset,
328 984 562 1025 Cominium
588 999 837 1040 oppugnare,
864 999 914 1025 ne
940 984 1037 1037 quid
1061 984 1283 1024 laxamenti
1307 983 1358 1023 sit
1379 981 1499 1023 Sam-

149 1046 301 1087 nitibus
333 1046 385 1087 ad
415 1045 597 1087 subsidia
622 1046 889 1100 Aquiloniam
919 1046 1128 1086 mittenda.
1184 1045 1293 1084 diem
1324 1044 1376 1084 ad
1405 1058 1500 1097 pro-

149 1108 415 1149 ficiscendum
438 1109 603 1148 nuntius
629 1108 769 1149 habuit
779 1124 789 1157 3
820 1114 938 1148 nocte
963 1107 1099 1155 rediit,
1127 1105 1353 1159 adprobare
1379 1104 1499 1144 colle-

150 1187 246 1226 gam
277 1170 462 1211 consulta
492 1170 685 1210 referens.
740 1169 931 1223 Papirius
963 1168 1105 1208 nuntio
1135 1168 1263 1208 misso
1294 1165 1499 1219 extemplo

150 1233 379 1273 contionem
403 1231 563 1279 habuit3
600 1231 728 1270 multa
752 1230 803 1270 de
828 1230 1019 1269 universo
1044 1243 1194 1283 genere
1218 1227 1333 1277 belli,
1371 1227 1500 1267 multa

150 1294 199 1334 de
223 1293 428 1347 praesenti
452 1292 631 1332 hostium
656 1297 873 1345 apparatu,
911 1305 1017 1330 vana
1041 1289 1175 1345 magis
1208 1289 1344 1343 specie
1375 1303 1499 1341 quam

148 1354 307 1394 efficaci
331 1353 384 1393 ad
414 1360 622 1401 eventum,
661 1352 870 1392 disseruit:
907 1367 989 1392 non
1019 1351 1127 1392 enim
1158 1351 1301 1391 cristas
1332 1350 1500 1390 vulnera

148 1415 282 1456 facere
308 1421 347 1455 et
370 1429 443 1469 per
465 1414 573 1469 pieta
598 1420 718 1467 atque
750 1420 892 1454 aurata
923 1420 1038 1454 scuta
1068 1412 1239 1453 transire
1265 1412 1501 1453 Romanum

147 1477 275 1532 pilum
296 1483 334 1517 et
353 1476 529 1517 candore
550 1475 779 1516 tunicarum
800 1475 1028 1530 fulgentem
1048 1475 1190 1522 aciem,
1217 1473 1288 1514 ubi
1307 1488 1371 1514 res
1391 1472 1499 1513 ferro

147 1544 323 1593 geratur,
350 1537 563 1578 cruentari.
613 1552 778 1577 auream
805 1536 901 1577 olim
926 1543 1047 1589 atque
1073 1541 1307 1590 argenteam
1336 1533 1500 1575 Samni-

148 1600 250 1639 tium
275 1599 404 1640 aciem
430 1614 453 1639 a
476 1605 643 1653 parente
671 1613 745 1639 suo
770 1598 979 1638 occidione
1001 1598 1193 1646 occisam,
1221 1596 1433 1651 spoliaque
1453 1610 1501 1636 ea

149 1661 382 1702 honestiora
411 1661 556 1701 victori
585 1661 694 1701 hosti
725 1675 849 1713 quam
879 1661 980 1714 ipsis
1019 1675 1132 1700 arma
1161 1659 1304 1700 fuisse.
1360 1659 1499 1699 datum

149 1724 226 1764 hoc
250 1723 389 1764 forsan
412 1723 567 1763 nomini
591 1722 851 1775 familiaeque
877 1737 988 1771 suae,
1014 1728 1058 1762 ut
1078 1722 1275 1762 adversus
1297 1720 1500 1761 maximos

150 1792 318 1826 conatus
347 1783 594 1826 Samnitium
626 1790 926 1838 opponerentur
957 1783 1081 1824 duces
1115 1783 1328 1837 spoliaque
1360 1797 1409 1823 ea
1437 1796 1501 1822 rc-

149 1847 318 1895 ferrent,
356 1860 460 1899 quac
485 1845 663 1900 insignia
686 1845 862 1900 publicis
889 1845 1009 1885 etiam
1040 1844 1140 1885 locis
1172 1844 1412 1885 decorandis
1438 1858 1502 1884 es-

151 1915 251 1948 sent.
290 1908 388 1948 deos
407 1907 642 1961 inmortales
662 1906 808 1947 adesse
826 1913 991 1961 propter
1009 1906 1156 1947 totiens
1175 1906 1302 1960 petita
1320 1905 1499 1954 foedera,

150 1970 296 2010 totiens
321 1976 458 2023 rupta:
496 1975 600 2017 tum,
638 1969 673 2009 si
697 1983 778 2021 qua
808 1969 1041 2009 coniectura
1070 1968 1217 2009 mentis
1248 1967 1410 2008 divinae
1436 1967 1500 2015 sit,

150 2031 251 2071 nulli
280 2046 475 2084 umquam
507 2030 703 2071 exercitui
738 2030 867 2071 fuisse
897 2030 1130 2071 infestiores
1167 2044 1290 2083 quam
1326 2029 1396 2082 qui
1430 2043 1501 2069 ne-

149 2093 276 2133 fando
313 2107 428 2133 sacro
465 2092 593 2132 mixta
629 2091 842 2133 hominum
872 2091 1159 2146 pecudumque
1191 2091 1315 2131 caede
1344 2104 1503 2144 resper-

151 2170 239 2204 sus,
273 2155 439 2209 ancipiti
469 2155 591 2194 deum
621 2154 704 2195 irae
735 2154 908 2195 devotus
939 2153 1033 2193 hinc
1063 2153 1276 2194 foederum
1301 2167 1394 2193 cum
1417 2152 1503 2193 Ro-

150 2216 282 2257 manis
318 2217 491 2257 ictorum
527 2222 651 2256 testes
689 2215 807 2264 deos,
845 2215 941 2256 hinc
976 2215 1074 2255 iuris
1111 2214 1271 2255 iurandi
1301 2214 1499 2254 adversus

150 2278 317 2318 foedera
353 2278 532 2331 suscepti
568 2278 845 2318 execrationes
881 2276 1071 2325 horrens,
1108 2276 1259 2317 invitus
1296 2275 1500 2325 iuraverit,

151 2339 280 2380 oderit
316 2345 634 2389 sacramentum,
684 2354 766 2380 uno
802 2345 984 2394 tempore
1026 2338 1143 2388 deos,
1192 2338 1323 2387 cives,
1372 2337 1500 2378 hostis

151 2408 318 2442 metuat.

234 2463 439 2504 XXXX.
482 2463 601 2504 Haec
615 2470 808 2518 conperta
820 2462 1088 2518 perfugarum
1108 2462 1268 2503 indiciis
1283 2476 1377 2503 cum
1392 2461 1502 2515 apud

150 2525 332 2566 infensos
357 2525 438 2565 iam
465 2540 540 2566 sua
566 2532 710 2579 sponte
724 2525 876 2573 ,milites
897 2525 1170 2574 disseruisset,
1199 2524 1320 2564 simul
1339 2523 1500 2565 divinae

150 2586 434 2640 humanaeque
460 2587 547 2641 spei
578 2586 688 2641 pleni
717 2586 892 2627 clamore
924 2586 1192 2627 consentienti
1221 2600 1404 2640 pugnam
1429 2599 1501 2639 po-

152 2655 287 2696 scunt3
324 2648 503 2703 paenitet
527 2649 568 2689 in
593 2654 801 2703 posterum
827 2648 935 2689 diem
960 2648 1130 2689 dilatum
1155 2654 1359 2688 certamen
1368 2663 1378 2696 3
1415 2661 1501 2687 1110-

1527 1056 1566 1084 10

1528 1179 1562 1206 11

1529 1363 1567 1391 12

1527 1548 1565 1577 13

1528 1672 1567 1700 14

1529 1919 1568 1948 15

1529 2043 1567 2072 16

1530 2228 1567 2256 17

1530 2476 1541 2503 1
