1780 3204
417 240 571 275 LIBER
594 239 686 284 VII,
709 238 763 273 38.
782 238 836 272 39.
863 240 912 282 [a.
927 236 965 272 C.
978 237 1055 272 343.
1075 237 1157 282 34⁶2]
1380 228 1459 269 391

116 348 300 401 ipsorum
331 343 563 398 exemplum
592 343 635 383 in
665 357 736 384 eos
767 357 994 383 versurum.
1055 355 1127 382 eur
1162 347 1298 382 autem
1328 342 1464 396 potius

119 407 321 462 Campani
351 421 495 461 agrum
519 404 664 445 Italiae
688 404 958 453 uberrimum,
991 403 1158 458 dignam
1183 418 1282 458 agro
1307 402 1463 451 urbem,

116 471 187 524 qui
211 484 286 510 nce
313 484 356 510 se
381 482 456 509 nce
482 483 557 509 sua
581 467 702 507 tutari
732 473 918 521 possent,
951 480 1074 519 quam
1105 466 1234 506 victor
1263 466 1465 506 exercitus

116 532 302 580 haberet,
341 530 411 584 qui
442 544 516 570 suo
547 529 695 570 sudore
726 542 774 569 ae
805 528 1005 583 sanguine
1035 528 1130 568 inde
1158 526 1364 569 Samnites
1396 528 1467 568 de-

116 593 314 648 pulisset?
350 607 402 632 an
433 606 611 644 aequum
642 605 752 640 esse,
791 590 1004 631 dediticios
1037 604 1134 630 suos
1165 590 1234 631 illa
1258 590 1465 631 fertilitate

117 663 239 708 atquc
265 654 509 695 amoenitate
534 652 705 707 perfrui,
734 667 777 693 se
803 652 1013 693 militando
1038 651 1171 693 fessos
1197 652 1239 693 in
1262 652 1468 707 pestilenti

118 725 239 769 atque
265 716 378 756 arido
404 715 511 755 circa
535 714 677 755 urbem
703 714 789 756 solo
814 714 959 755 luctari
983 721 1053 754 aut
1084 714 1125 754 in
1156 714 1256 755 urbe
1287 714 1467 755 insiden-

117 785 199 818 tem
224 778 357 819 labem
389 777 607 818 crescentis
640 777 682 817 in
712 777 799 817 dies
833 776 1010 817 faenoris
1041 776 1150 830 pati?
1185 776 1286 817 haee
1316 777 1469 831 agitata
1492 788 1512 818 8

117 840 288 880 occultis
314 838 660 880 coniurationibus
686 839 862 879 necdum
887 838 1056 893 vulgata
1074 839 1114 879 in
1133 853 1275 880 omnes
1297 839 1468 880 consilia

115 903 269 943 invenit
299 917 430 943 novus
462 901 606 942 consul
638 901 686 942 C.
712 901 897 942 Marcius
922 901 1107 950 Rutilus,
1140 902 1206 942 cui
1238 901 1468 956 Campania

117 972 224 1005 sorte
260 964 470 1018 provincia
506 970 713 1012 evenerat,
753 963 805 1017 Q.
840 963 1016 1005 Servilio
1052 964 1211 1018 collega
1240 964 1292 1004 ad
1323 964 1467 1005 urbem

115 1027 267 1067 relicto.
315 1027 453 1079 itaque
479 1040 572 1067 eum
598 1026 734 1067 omnia
759 1041 807 1066 ea
833 1026 938 1067 sicut
961 1033 1080 1081 gesta
1104 1034 1218 1067 erant
1243 1041 1316 1080 per
1341 1026 1467 1067 tribu-

115 1103 190 1129 nos
217 1095 410 1142 conperta
434 1094 474 1129 et
498 1095 630 1128 aetate
655 1087 823 1128 haberet
853 1094 893 1128 et
917 1102 995 1128 usu
1020 1088 1183 1136 doctus,
1216 1089 1367 1141 quippe
1397 1088 1466 1140 qui

114 1150 198 1190 iam
235 1156 424 1203 quartum
461 1149 604 1190 consul
636 1156 745 1190 esset
775 1149 1029 1202 dictatorque
1060 1156 1099 1189 et
1130 1163 1276 1189 censor
1306 1149 1465 1197 suisset,

114 1219 327 1265 optumum
351 1218 482 1260 ratus,
515 1211 740 1251 differendo
767 1225 901 1265 spem,
933 1211 1276 1264 quandocumque
1302 1210 1465 1260 vellent,

113 1273 271 1314 consilii
296 1273 547 1326 exsequendi
565 1273 781 1313 militarem
800 1273 999 1327 impetum
1019 1273 1234 1322 frustrare,
1261 1288 1467 1314 rumorem

112 1334 286 1388 dissipat
315 1335 356 1374 in
387 1334 533 1374 iisdem
564 1334 745 1389 oppidis,
784 1342 823 1375 et
850 1349 957 1375 anno
982 1341 1078 1389 post
1102 1335 1308 1389 praesidia
1332 1335 1468 1376 hiber-

112 1402 268 1437 natura.
329 1397 462 1437 divisa
491 1396 599 1437 enim
631 1404 745 1438 erant
774 1412 847 1452 per
873 1396 1128 1451 Campaniae
1154 1397 1293 1447 urbes,
1326 1414 1467 1439 mana-

111 1465 333 1512 verantque
359 1474 383 1499 a
404 1458 550 1513 Capua
576 1459 746 1500 consilia
765 1459 806 1500 in
826 1460 1049 1500 exercitum
1071 1475 1246 1501 omnem.
1287 1475 1335 1501 eo
1355 1461 1467 1501 laxa-

112 1528 249 1562 mento
275 1521 591 1575 cogitationibus
618 1522 713 1562 dato
739 1522 894 1575 quievit
918 1521 960 1563 in
984 1522 1217 1576 praesentia
1242 1523 1402 1563 seditio.

195 1582 488 1624 XXXVIIII.
551 1583 710 1624 Consul
745 1584 892 1624 educto
923 1584 965 1624 in
995 1584 1152 1624 aestiva
1182 1584 1327 1633 milite,
1366 1585 1463 1624 dum

111 1645 270 1698 quietos
293 1644 500 1686 Samnites
526 1645 722 1694 habebat,
749 1646 974 1686 exercitum
999 1660 1175 1700 purgare
1200 1645 1465 1686 missionibus

111 1706 437 1747 turbulentorum
473 1707 686 1748 hominum
723 1708 916 1756 instituit,
961 1707 1050 1748 aliis
1089 1707 1257 1748 emerita
1293 1707 1465 1748 dicendo

112 1768 315 1822 stipendia
340 1783 449 1818 esse,
481 1769 582 1810 alios
607 1784 755 1824 graves
781 1770 862 1810 iam
888 1776 1020 1810 aetate
1045 1777 1114 1810 aut
1139 1769 1294 1810 viribus
1319 1785 1465 1824 parum

111 1830 282 1870 validos.
327 1831 493 1883 quidam
512 1831 554 1871 in
573 1838 826 1872 commeatus
847 1831 1122 1881 mittebantur,
1151 1831 1301 1886 singuli
1319 1832 1462 1886 primo,

111 1892 259 1932 deinde
279 1898 318 1932 et
337 1892 523 1934 cohortes
543 1894 758 1946 quaedam,
785 1894 881 1947 quia
899 1894 1042 1948 procul
1061 1893 1112 1934 ab
1132 1894 1254 1934 domo
1274 1910 1321 1935 ae
1341 1894 1463 1936 rebus

113 1953 197 1994 suis
228 1953 532 2003 hibernassent3
569 1969 642 2009 per
672 1955 852 2010 speciem
884 1956 1006 1996 etiam
1037 1955 1273 1996 militarium
1298 1971 1461 2006 usuum,

112 2029 206 2055 eum
243 2015 311 2055 alii
347 2015 426 2056 alio
462 2016 730 2066 mitterentur,
769 2032 921 2072 magna
954 2032 1050 2072 pars
1087 2017 1278 2073 ablegati.
1339 2033 1462 2072 quam

111 2077 415 2118 multitudinem
441 2078 584 2119 consul
608 2079 709 2119 alter
727 2079 885 2120 Romae
904 2086 1146 2134 praetorque
1173 2080 1272 2121 alias
1298 2095 1348 2121 ex
1373 2081 1462 2122 aliis

111 2139 304 2193 fingendo
330 2155 464 2180 moras
490 2140 701 2182 retinebat.
762 2148 801 2182 et
826 2142 957 2196 primo
982 2142 1148 2195 quidem
1174 2142 1305 2197 ignari
1329 2142 1463 2183 ludifi-

112 2200 282 2241 cationis
310 2201 476 2242 minime
501 2202 616 2242 inviti
641 2203 784 2244 domos
809 2203 1054 2245 revisebant.
1092 2211 1311 2258 postquam
1331 2219 1463 2258 neque

112 2262 260 2302 reverti
296 2263 348 2302 ad
384 2263 503 2317 signa
538 2264 692 2318 primos
729 2279 805 2305 nee
841 2265 970 2306 ferme
1005 2266 1130 2306 alium
1167 2281 1290 2319 quam
1321 2266 1391 2319 qui
1421 2266 1462 2306 in

114 2322 344 2377 Campania
379 2324 681 2375 hibernassent,
723 2327 1025 2382 praecipueque
1062 2343 1113 2368 ex
1148 2328 1211 2368 his
1249 2328 1461 2368 seditionis

112 2391 317 2433 auctores,
344 2386 449 2426 mitti
473 2387 680 2437 viderunt,
711 2389 889 2442 primum
915 2389 1147 2438 admiratio,
1180 2389 1327 2430 deinde
1352 2389 1462 2430 haud

1496 1409 1534 1438 10

1491 1842 1508 1871 Ν)

110 2446 260 2487 dubius
287 2447 407 2488 timor
430 2448 598 2490 incessit
622 2450 799 2499 animos,
826 2451 995 2491 consilia
1021 2466 1095 2492 sua
1121 2466 1353 2492 emanasse:
1379 2451 1459 2492 iam
1486 2464 1505 2493 5

109 2509 389 2561 quaestiones,
416 2510 497 2551 iam
517 2511 678 2561 indicia,
704 2513 785 2553 iam
806 2513 966 2554 occulta
985 2513 1240 2568 singulorum
1260 2513 1462 2568 supplicia

108 2570 380 2625 inpotensque
407 2580 446 2613 ct
471 2574 634 2615 crudele
660 2575 875 2617 consulum
900 2590 948 2616 ae
971 2584 1133 2630 patrum
1159 2577 1198 2617 in
1224 2592 1268 2618 se
1286 2592 1460 2632 regnum

108 2647 316 2686 passuros.
367 2634 467 2676 haec
504 2636 573 2689 qui
609 2637 651 2677 in
681 2638 825 2678 castris
857 2646 970 2679 erant
999 2639 1169 2680 occultis
1202 2639 1457 2680 sermonibus
1485 2651 1503 2681 6

107 2702 258 2745 serunt,
284 2711 432 2738 nervos
453 2698 744 2741 coniurationis
764 2700 915 2741 eiectos
935 2707 1020 2742 arte
1039 2701 1217 2743 consulis
1233 2709 1457 2743 cernentes.
