1835 3226
339 217 422 260 506
641 221 795 256 LIBER
819 221 872 265 x,
899 220 1045 254 11—13.
1072 221 1171 263 [a.u.
1190 219 1405 264 c.456.457]

341 326 590 370 Samnitium
615 331 793 366 arceant.
844 338 887 364 se
913 336 1165 377 quamquam
1191 321 1299 364 bello
1325 337 1419 364 cum
1441 321 1698 367 Samnitibus

340 395 532 442 suscepto
568 385 802 428 necessaria
837 385 920 426 iam
956 384 1067 426 facta
1105 385 1304 427 adversus
1340 385 1554 427 Romanos
1596 386 1699 429 fides

339 452 402 501 sit,
429 457 567 491 tamen
592 448 759 490 obsides
785 448 883 489 dare
906 455 1072 502 paratos
1099 462 1203 489 esse.

295 529 310 557 1
417 511 525 552 XII.
562 510 711 552 Brevis
738 509 983 552 consultatio
1009 517 1176 550 senatus
1202 509 1298 551 suit:
1325 511 1376 551 ad
1402 526 1531 551 unum
1556 525 1700 552 omnes

337 573 593 630 iungendum
634 573 782 614 foedus
819 587 912 614 cum
948 572 1134 613 Lucanis
1175 587 1325 627 resque
1357 573 1611 628 repetendas
1648 572 1700 613 ab

294 651 312 680 2
342 632 597 679 Samnitibus
630 640 810 677 censent.
859 633 1038 690 benigne
1068 649 1314 689 responsum
1338 635 1525 676 Lucanis
1555 635 1703 676 ictum-

338 714 416 753 que
442 698 603 739 foedus.
653 697 814 738 fetiales
846 697 980 746 missi,
1013 697 1084 750 qui
1110 696 1341 738 Samnitem
1372 697 1570 738 decedere
1600 711 1701 752 agro

341 761 547 802 sociorum
572 775 620 801 ac
645 760 848 801 deducere
874 759 1099 800 exereitum
1124 759 1275 801 finibus
1289 760 1475 801 Lucanis
1500 758 1700 800 iuberent.

339 823 489 878 quibus
516 823 681 864 obviam
711 822 828 863 missi
860 821 912 863 ab
941 820 1198 864 Samnitibus
1230 823 1300 876 qui
1331 822 1634 871 denuntiarent,
1667 821 1703 862 si

340 886 450 940 quod
481 885 666 926 adissent
697 885 739 925 in
766 883 937 926 Samnio
969 884 1206 933 concilium,
1239 884 1351 925 haud
1373 883 1591 925 inviolatos
1617 883 1704 924 abi-

294 964 312 993 3
340 956 464 989 turos.
507 947 609 989 haee
632 954 855 1002 postquam
880 946 1021 987 audita
1046 953 1142 987 sunt
1160 946 1333 996 Romae,
1361 945 1513 988 bellum
1538 944 1703 987 Samni-

339 1010 449 1051 tibus
470 1017 509 1051 et
526 1016 663 1064 patres
684 1015 933 1050 censuerunt
952 1015 992 1050 et
1010 1008 1188 1063 populus
1213 1008 1345 1050 iussit.
1383 1008 1574 1050 consules
1600 1009 1704 1048 inter

342 1087 386 1113 se
410 1072 643 1130 provincias
668 1071 806 1126 partiti
833 1077 944 1112 sunt:
973 1069 1354 1125 ScipioniEtruria,
1369 1070 1518 1112 Fulvio
1539 1069 1704 1112 Samni-

340 1143 401 1176 tes
428 1134 701 1184 obvenerunt,
734 1134 968 1188 diversique
999 1134 1052 1175 ad
1084 1135 1406 1188 suum'quisque
1431 1133 1585 1176 bellum
1609 1147 1703 1188 pro-

295 1212 315 1240 4
342 1197 594 1238 ficiscuntur.
647 1194 831 1250 Scipioni
864 1210 990 1251 segne
1021 1195 1177 1237 bellum
1201 1204 1241 1237 et
1266 1196 1399 1237 simile
1430 1196 1576 1250 prioris
1607 1195 1703 1236 anni

344 1258 512 1299 militiae
543 1258 775 1312 expectanti
806 1257 947 1299 hostes
973 1258 1025 1298 ad
1050 1257 1288 1299 Volaterras
1314 1258 1513 1299 instructo
1539 1257 1703 1312 agmine

297 1336 314 1365 5
341 1326 616 1362 occurrerunt.
658 1326 889 1375 pugnatum
914 1319 1067 1360 maiore
1092 1327 1206 1374 parte
1226 1320 1307 1361 diei
1326 1335 1478 1375 magna
1496 1320 1701 1372 utrimque

341 1383 479 1423 caede.
529 1397 612 1423 nox
642 1382 826 1431 incertis,
860 1396 941 1435 qua
972 1381 1068 1422 data
1099 1382 1270 1423 victoria
1301 1390 1428 1431 esset,
1465 1381 1701 1429 intervenit3

298 1459 315 1488 6
342 1445 414 1484 lux
443 1444 667 1497 insequens
693 1443 890 1484 victorem
915 1443 1151 1497 victumque
1184 1444 1379 1493 ostendit,
1414 1459 1511 1484 nam
1535 1442 1703 1484 Etrusci

343 1505 504 1547 silentio
534 1505 666 1546 noetis
699 1511 833 1545 castra
868 1505 1133 1558 reliquerunt.
1182 1505 1396 1547 Romanus
1429 1520 1622 1560 egressus
1659 1504 1702 1544 in

343 1568 473 1609 aciem
501 1566 570 1608 ubi
594 1566 851 1621 professione
876 1567 1056 1608 hostium
1084 1582 1324 1609 concessam
1343 1568 1555 1609 victoriam
1576 1566 1700 1615 videt,

341 1644 588 1685 progressus
614 1629 667 1669 ad
692 1635 838 1678 castra,
865 1629 1007 1669 vacuis
1033 1643 1127 1669 cum
1152 1629 1327 1683 plurima
1351 1629 1504 1684 praeda
1528 1652 1582 1656 ——
1607 1643 1702 1668 nam

344 1699 383 1733 ct
415 1691 560 1733 stativa
595 1698 635 1732 et
669 1691 826 1746 trepide
863 1691 1025 1731 deserta-
1054 1690 1217 1731 fuerant
1241 1716 1295 1720 —
1320 1691 1484 1745 potitur.
1538 1690 1632 1731 inde
1662 1690 1705 1730 in

343 1754 554 1797 Faliscum
580 1769 726 1809 agrum
752 1753 879 1808 copiis
904 1752 1085 1794 reductis
1112 1767 1206 1793 cum
1230 1753 1509 1807 inpedimenta
1531 1751 1704 1793 Faleriis

345 1833 439 1859 cum
475 1816 637 1857 modico
678 1815 884 1870 praesidio
920 1815 1172 1868 reliquisset,
1211 1815 1402 1869 expedito
1445 1814 1610 1869 agmine
1653 1813 1706 1854 ad

300 1892 319 1922 8
346 1879 657 1934 depopulandos
682 1879 863 1920 hostium
888 1878 991 1919 fines
1016 1878 1181 1919 incedit.
1231 1877 1370 1919 omnia
1399 1877 1508 1918 ferro
1538 1876 1706 1932 ignique

347 1949 572 1991 vastantur,
595 1941 771 1996 praedae
790 1941 972 1994 undique
992 1947 1120 1981 actae.
1158 1954 1233 1981 nec
1255 1939 1389 1980 solum
1409 1939 1530 1980 modo
1543 1945 1707 1979 vastum

346 2004 456 2045 hosti
486 2004 691 2053 relictum,
725 2003 799 2045 sed
830 2002 1008 2045 castellis
1035 2003 1157 2043 etiam
1184 2002 1369 2056 vicisque
1398 2001 1548 2042 inlatus
1579 2001 1705 2056 ignis:

343 2066 515 2108 urbibus
543 2066 832 2121 oppugnandis
857 2072 1152 2120 temperatum,
1170 2065 1212 2105 in
1238 2079 1340 2119 quas
1367 2063 1706 2105 timorEtruscos

344 2129 610 2184 compulerat.

301 2206 317 2235 9
432 2191 509 2233 Cn.
534 2186 673 2232 Fulvii
699 2190 879 2232 consulis
906 2190 1016 2231 clara
1045 2205 1187 2246 pugna
1210 2190 1253 2230 in
1280 2188 1451 2231 Samnio
1477 2189 1529 2230 ad
1553 2188 1707 2230 Bovia—

345 2269 444 2294 num
480 2253 802 2307 haudquaquam
844 2252 1066 2307 ambiguae
1103 2252 1297 2307 victoriae
1334 2251 1424 2292 fuit.
1472 2251 1707 2292 Bovianum

346 2316 440 2356 inde
467 2316 691 2370 adgressus
717 2329 793 2356 nec
818 2314 875 2355 ita
899 2314 1028 2355 multo
1053 2321 1147 2368 post
1171 2313 1426 2354 Aufidenam
1450 2313 1491 2354 vi
1517 2313 1636 2368 cepit.

305 2393 319 2421 1
432 2377 563 2418 XIII.
605 2377 770 2418 Eodem
801 2391 908 2418 anno
935 2375 1156 2417 Carseolos
1189 2376 1350 2417 colonia
1379 2375 1422 2416 in
1453 2390 1599 2430 agrum
1623 2373 1708 2415 Ae-

346 2440 613 2493 quiculorum.
630 2440 818 2480 deducta.
855 2438 1031 2480 Fulvius
1052 2438 1196 2479 consul
1216 2438 1265 2479 de
1282 2436 1539 2479 Samnitibus
1565 2436 1706 2477 trium-

303 2516 320 2543 *2
346 2502 500 2556 phavit.
558 2517 653 2543 cum
684 2501 849 2542 comitia
885 2500 1117 2542 consularia
1152 2500 1372 2549 instarent,
1409 2498 1521 2540 fama
1552 2504 1704 2546 exorta,

304 2576 321 2603 3
348 2564 548 2605 Etruscos
571 2563 865 2617 Samnitesque
889 2563 1078 2619 ingentes
1105 2562 1363 2604 conscribere
1389 2561 1610 2603 exereitus:
1636 2575 1707 2614 pa-

349 2625 430 2666 lam
457 2626 648 2668 omnibus
675 2626 858 2667 conciliis
885 2625 1027 2666 vexari
1052 2625 1259 2680 principes
1283 2624 1571 2672 Etruseorum,
1597 2620 1707 2675 quod

349 2701 430 2727 non
461 2686 604 2729 Gallos
637 2702 898 2742 quacumque
936 2687 1176 2729 condicione
1214 2686 1410 2728 traxerint
1446 2685 1499 2727 ad
1534 2683 1705 2732 bellum3

300 1707 316 1736 *l
