1780 3204
467 249 621 284 LIBER
643 249 734 294 vn,
762 250 814 284 13.
842 252 889 293 [a.
906 248 1038 294 C.358]
1353 242 1436 284 363

85 369 210 409 quam
242 353 383 395 turbae
414 354 639 408 principem
671 353 871 403 Tullium,
910 354 1090 408 imperiis
1124 354 1435 396 oboedientissi-

84 431 197 457 mum
218 416 405 457 militem:
434 415 623 465 ‘scilicet,
650 415 847 465 dictator?
871 415 1002 469 inquit
1028 417 1364 459 ‘condemnatum
1391 433 1433 459 se
1460 432 1479 462 3

86 478 301 520 universus
334 477 535 519 exercitus
567 493 591 518 a
620 485 658 518 te
689 477 879 532 ignaviae
904 484 1017 518 ratus
1044 488 1084 519 et
1107 493 1235 534 prope
1260 480 1436 535 ignomi-

83 541 174 582 niae
200 555 324 581 causa
348 540 589 581 destitutum
615 540 702 581 sine
728 540 851 581 armis
877 541 1007 581 oravit
1026 555 1110 590 mc,
1136 548 1181 582 ut
1202 557 1319 583 suam
1339 558 1434 583 cau-

85 618 173 643 sam
204 603 314 657 apud
350 609 388 643 te
425 617 602 657 agerem.
652 602 860 655 equidem,
898 602 1029 643 sicubi
1057 603 1148 644 loco
1179 618 1360 654 cessum,
1400 605 1433 645 si
1459 620 1478 648 4

83 672 198 719 terga
227 665 321 705 data
351 664 477 713 hosti,
516 664 550 705 si
582 664 701 718 signa
731 664 850 704 foede
882 664 1035 706 amissa
1064 664 1171 706 obici
1196 665 1313 707 nobis
1338 681 1435 722 pos-

83 733 191 775 sent,
218 733 355 766 tamen
379 726 457 766 hoc
482 741 507 766 a
530 732 569 766 te
594 725 802 780 impetrari
827 740 1004 779 aequum
1030 741 1258 777 censerem,
1289 734 1335 768 ut
1358 743 1433 770 nos

80 788 229 828 virtute
249 788 411 843 culpam
431 794 613 829 nostram
632 788 833 842 corrigere
860 794 899 828 et
924 787 1087 829 abolere
1111 788 1256 845 flagitii
1280 805 1436 832 memo-

81 850 181 890 riam
206 865 314 891 nova
338 850 469 905 gloria
493 849 702 904 patereris.
741 850 863 890 etiam
883 850 935 890 ad
952 849 1091 891 Aliam
1113 851 1230 893 fusae
1248 852 1432 908 legiones
1459 867 1478 897 5

81 912 271 961 eandem,
298 926 421 965 quam
445 927 519 966 per
541 926 736 966 pavorem
761 911 999 962 amiserant,
1026 913 1199 967 patriam
1225 915 1433 968 profectae

80 980 224 1028 postea
248 989 273 1014 a
294 973 406 1015 Veiis
428 974 574 1014 virtute
598 988 904 1028 recuperavere.
952 974 1072 1016 nobis
1098 976 1222 1017 deum
1247 976 1433 1033 benigni-

79 1042 180 1085 tate,
213 1035 405 1076 felicitate
431 1041 501 1076 tua
524 1035 747 1090 populique
771 1035 950 1077 Romani
976 1044 1015 1077 et
1044 1052 1109 1078 res
1142 1046 1179 1078 et
1210 1038 1341 1093 gloria
1371 1046 1432 1080 est

78 1098 249 1153 integra.
292 1112 542 1151 quamquam
567 1098 617 1138 de
642 1097 773 1153 gloria
797 1098 867 1138 vix
892 1098 1026 1138 dicere
1052 1099 1203 1147 ausim,
1232 1100 1266 1140 si
1291 1115 1365 1141 nos
1392 1107 1431 1141 et
1457 1114 1475 1143 6

76 1159 216 1200 hostes
231 1159 341 1200 haud
356 1174 474 1200 secus
488 1174 611 1212 quam
631 1159 806 1200 feminas
827 1159 989 1200 abditos
1009 1159 1115 1200 intra
1127 1160 1280 1201 vallum
1301 1162 1431 1202 omni-

76 1220 153 1262 bus
169 1221 425 1263 contumeliis
440 1221 608 1262 eludunt
623 1228 661 1262 et
676 1230 718 1261 tu
732 1222 952 1276 imperator
969 1228 1120 1271 noster,
1142 1223 1253 1276 quod
1267 1224 1430 1279 aegrius

74 1283 264 1337 patimur,
286 1283 509 1324 exercitum
525 1290 640 1323 tuum
656 1284 743 1324 sine
757 1284 918 1333 animis,
940 1284 1026 1325 sine
1041 1285 1178 1334 armis,
1200 1285 1286 1326 sine
1301 1287 1430 1327 mani-

75 1345 152 1386 bus
166 1345 323 1386 iudicas
344 1360 434 1386 esse
455 1352 505 1394 et,
525 1345 766 1400 priusquam
785 1352 978 1400 expertus
998 1362 1072 1388 nos
1093 1362 1219 1396 esses,
1241 1348 1290 1389 de
1310 1348 1429 1390 nobis

74 1408 131 1448 ita
144 1408 381 1462 desperasti,
404 1414 449 1449 ut
468 1415 507 1449 te
527 1423 766 1449 mancorum
786 1423 833 1449 ac
853 1408 1050 1450 debilium
1065 1409 1211 1450 (lucem
1225 1410 1427 1452 iudicares

75 1484 178 1511 csse,
226 1470 326 1524 quid
351 1470 458 1511 enim
484 1470 596 1511 aliud
621 1486 713 1512 csse
739 1486 888 1512 causac
915 1472 1148 1522 credamus,
1176 1487 1248 1513 cur
1271 1479 1429 1515 vetera-

74 1547 151 1573 nus
177 1532 279 1582 duX,
307 1532 554 1574 fortissimus
573 1533 701 1583 bello,
729 1533 980 1588 conpressis,
1007 1535 1118 1588 quod
1139 1535 1271 1584 aiunt,
1298 1536 1428 1576 mani-

74 1593 151 1635 bus
183 1595 353 1636 sedeas?
400 1602 622 1650 utcumque
655 1595 762 1636 cnim
795 1610 839 1636 sc
869 1595 992 1637 habet
1017 1611 1102 1646 res,
1134 1603 1173 1637 te
1205 1597 1255 1637 de
1287 1604 1427 1638 nostra

74 1656 222 1697 virtute
247 1656 458 1698 dubitasse
483 1657 613 1698 videri
638 1672 760 1711 quam
786 1673 861 1698 nos
893 1658 943 1699 de
975 1664 1044 1699 tua
1074 1658 1210 1699 verius
1243 1665 1317 1699 est.
1366 1658 1429 1699 sin
1454 1672 1474 1702 8

74 1724 212 1759 autem
235 1733 316 1759 non
342 1725 459 1759 tuum
484 1719 608 1768 istuc,
635 1719 707 1759 sed
726 1719 938 1773 publicum
958 1726 1021 1760 est
1039 1720 1254 1761 consilium
1275 1726 1313 1761 et
1333 1735 1430 1761 con-

77 1795 222 1821 sensus
254 1780 379 1833 aliqui
403 1788 584 1834 patrum,
616 1796 699 1821 non
725 1779 932 1822 Gallicum
957 1781 1111 1822 bellum
1135 1797 1210 1823 nos
1237 1782 1288 1823 ab
1313 1782 1428 1832 urbe,

77 1858 100 1883 a
124 1841 341 1896 penatibus
367 1844 516 1883 nostris
549 1843 761 1898 ablegatos
793 1850 921 1894 tenet,
960 1859 1132 1897 quaeso,
1170 1851 1215 1885 ut
1246 1860 1294 1886 ea
1324 1860 1429 1899 quae

76 1904 210 1944 dicam
246 1918 327 1944 non
364 1919 387 1944 a
423 1904 620 1946 militibus
657 1905 891 1960 imperatori
927 1906 1036 1947 dicta
1072 1921 1260 1956 censeas,
1298 1908 1370 1948 sed
1405 1923 1430 1949 a

76 1965 196 2021 plebe
226 1965 429 2021 patribus,
467 1981 572 2019 quae
605 1967 710 2007 sicut
739 1982 813 2008 vos
850 1974 988 2009 vestra
1023 1968 1208 2010 habeatis
1245 1970 1426 2020 consilia,

77 2028 136 2069 sic
161 2042 205 2069 se
231 2043 306 2069 sua
330 2027 561 2069 habituram
586 2028 706 2069 dicat.
755 2029 846 2082 quis
872 2030 1038 2070 tandem
1064 2038 1320 2081 suscenseat,
1353 2032 1428 2072 mi·
1454 2044 1471 2074 9

75 2090 167 2131 lites
192 2105 268 2131 nos
295 2105 405 2139 esse,
430 2105 512 2131 non
539 2105 679 2132 servos
705 2099 883 2141 vestros,
910 2092 962 2132 ad
986 2091 1158 2142 bellum,
1185 2109 1267 2134 non
1291 2094 1334 2134 in
1358 2109 1445 2148 θὶς-ι

74 2152 191 2192 ilium
222 2152 397 2193 missos?
439 2152 472 2193 si
503 2152 594 2205 quis
626 2152 695 2193 det
727 2153 909 2208 signum,
946 2153 988 2194 in
1019 2154 1149 2195 aciem
1181 2155 1346 2205 educat,
1383 2163 1428 2197 ut

75 2213 173 2253 viris
204 2228 251 2254 ac
275 2213 475 2254 Romanis
507 2214 679 2269 dignum
711 2215 779 2263 sit,
812 2222 1087 2270 pugnaturos,
1121 2217 1155 2257 si
1178 2217 1278 2257 nihil
1304 2218 1426 2259 armis

75 2289 178 2328 opus
211 2275 280 2323 sit,
318 2275 445 2316 otium
475 2275 634 2317 Romae
665 2277 800 2330 potius
832 2291 955 2330 quam
985 2278 1027 2318 in
1058 2279 1202 2320 castris
1239 2280 1428 2320 acturos?

74 2336 177 2376 haec
207 2336 315 2377 dicta
346 2336 426 2378 sint
454 2337 654 2391 patribus,
703 2344 761 2387 te,
793 2339 1030 2393 imperator,
1069 2340 1217 2382 milites
1249 2341 1307 2381 tui
1339 2356 1428 2382 ora-
1455 2356 1495 2385 10

75 2412 186 2446 mus,
213 2404 257 2438 ut
281 2397 401 2438 nobis
425 2400 639 2454 pugnandi
659 2400 819 2454 copiam
838 2401 980 2442 facias.
1018 2416 1112 2442 cum
1131 2402 1293 2444 vincere
1313 2404 1428 2458 cupi-

73 2475 164 2500 mus
190 2466 277 2500 tum
302 2466 340 2501 te
366 2461 469 2502 duee
494 2461 675 2511 vincere,
708 2462 780 2503 tibi
805 2462 987 2504 lauream
1017 2464 1222 2520 insignem
1253 2465 1424 2515 deferre,

73 2527 209 2562 tecum
235 2522 532 2577 triumphantes
557 2524 701 2565 urbem
728 2525 848 2573 inire,
875 2531 990 2565 tuum
1017 2534 1236 2579 sequentes
1262 2542 1426 2568 currum

71 2582 184 2624 Iovis
210 2584 351 2638 optimi
375 2585 544 2625 maximi
569 2586 765 2640 templum
791 2593 1000 2642 gratantes
1020 2595 1271 2642 ovantesque
1290 2589 1427 2630 adire?

71 2645 296 2686 orationem
321 2645 430 2686 Tulli
463 2654 712 2701 exceperunt
741 2663 885 2703 preces
915 2649 1206 2700 multitudinis,
1239 2657 1278 2691 et
1303 2652 1423 2692 undi-
1452 2665 1489 2695 11

71 2720 168 2759 quc,
195 2713 238 2748 ut
264 2707 428 2762 signum
453 2708 586 2759 daret,
613 2716 657 2750 ut
676 2724 821 2764 capere
840 2708 954 2752 arma
972 2711 1148 2762 iuberet,
1177 2713 1419 2755 clamabant.

1456 1488 1471 1516 λ1
