1780 3204
552 207 706 243 LIBER
729 209 781 253 X,
807 208 861 243 21.
882 209 936 243 22.
964 207 1161 252 [aomo]
1448 201 1528 241 517

270 311 430 353 Avertit
465 311 516 353 ab
553 312 610 353 eis
648 312 755 353 curis
793 318 980 353 senatum
1009 312 1200 354 Etruriae
1237 313 1528 368 ingravescens

184 374 335 415 bellum
372 380 411 415 et
447 374 611 415 crebrae
646 374 803 415 litterae
837 373 967 428 Appii
1001 375 1223 429 monentis,
1264 389 1316 415 ne
1351 375 1529 430 regionis

185 436 271 477 eius
297 443 453 477 motum
483 436 765 491 neglegerent:
803 443 994 489 quattuor
1017 443 1162 491 gentes
1188 436 1373 477 conferre
1404 452 1528 485 arma,

182 498 396 547 Etruscos,
425 496 644 547 Samnites,
670 497 866 548 Umbros,
895 497 1036 540 Gallos
1046 515 1056 548 ;
1081 499 1162 540 iam
1188 505 1320 540 eastra
1344 498 1533 540 bifariam

184 560 294 600 sacta
324 574 432 608 esse,
465 560 561 613 quia
591 575 696 600 unus
727 560 842 600 locus
875 575 1019 615 capere
1044 567 1198 601 tantam
1229 560 1531 601 multitudinem

184 638 265 664 non
290 623 433 677 possit.
482 622 534 664 ob
559 622 659 663 haec
684 630 723 664 et
742 648 795 652 ——
814 623 895 663 iam
920 622 1139 677 adpetebat
1164 622 1532 678 tempus—eomi-

184 685 333 725 tiorum
358 699 483 725 causa
500 685 553 725 L.
568 684 814 725 Volumnius
841 685 984 725 consul
1008 684 1183 725 Romam
1209 692 1436 733 revocatus,
1462 684 1532 737 qui

184 747 423 800 priusquam
455 746 507 787 ad
539 746 782 801 suffragium
813 747 1016 787 centurias
1042 754 1206 787 vocaret
1235 747 1277 787 in
1301 746 1532 787 contionem

184 808 383 848 advocato
414 807 565 862 populo
595 808 724 848 multa
747 808 798 849 de
822 808 1105 863 magnitudine
1136 808 1230 849 belli
1253 808 1420 848 Etrusci
1450 807 1532 848 dis-

184 870 322 910 seruit.
371 870 452 910 iam
483 877 588 919 tum,
627 885 720 911 cum
750 870 838 924 ipse
867 870 925 911 ibi
956 885 1049 911 curn
1079 870 1238 925 collega
1266 885 1352 911 rem
1382 870 1532 924 pariter

182 932 369 985 gesserit,
395 931 524 973 fuisse
550 938 706 972 tantum
730 931 896 982 bellum,
916 939 961 972 ut
985 946 1060 972 nec
1085 932 1187 972 duce
1212 947 1293 973 uno
1318 946 1394 972 nec
1418 946 1534 972 exer-

183 993 266 1033 citu
296 993 385 1047 geri
414 993 615 1048 potuerit3
653 993 876 1034 accessisse
908 1000 1052 1047 postea
1083 994 1163 1034 dici
1187 993 1370 1034 Umbros
1402 999 1441 1034 et
1471 993 1532 1033 in-

182 1061 348 1108 gentem
379 1055 600 1096 exercitum
627 1053 852 1096 Gallorum.
908 1056 1105 1096 adversus
1136 1062 1328 1108 quattuor
1356 1055 1530 1109 populos

183 1116 308 1156 duces
334 1116 522 1157 consules
548 1117 616 1157 illo
641 1117 706 1157 die
731 1117 855 1171 deligi
879 1117 1173 1157 meminissent.
1220 1131 1276 1165 se,
1303 1117 1383 1156 nisi
1408 1116 1533 1156 confi-

183 1178 307 1227 deret,
335 1193 428 1218 eum
453 1192 656 1219 consensu
680 1178 820 1232 populi
845 1177 1021 1218 Romani
1046 1177 1257 1218 consulem
1282 1177 1533 1218 declaratum

182 1239 243 1288 iri,
270 1239 339 1292 qui
364 1239 474 1279 haud
499 1239 621 1279 dubie
647 1245 733 1279 tum
757 1239 913 1293 primus
939 1239 1123 1279 omnium
1148 1239 1292 1279 ductor
1321 1238 1531 1287 habeatur,

182 1301 419 1341 dictatorem
446 1300 575 1340 fuisse
601 1300 806 1354 extemplo
832 1301 1048 1341 dicturum.

265 1361 420 1402 XXII.
451 1361 615 1402 Nemini
641 1361 811 1403 dubium
837 1368 933 1411 erat,
960 1363 1057 1416 quin
1071 1362 1226 1404 Fabius
1242 1362 1421 1416 Quintus
1448 1379 1534 1404 om-

180 1423 294 1463 nium
324 1437 528 1464 consensu
559 1423 848 1473 destinaretur3
886 1438 1061 1477 cumque
1087 1431 1125 1465 et
1155 1425 1464 1479 praerogativae
1496 1432 1535 1465 et

180 1485 311 1539 primo
337 1493 507 1526 vocatae
532 1500 674 1527 omnes
700 1486 907 1526 centuriae
933 1486 1145 1527 consulem
1170 1501 1263 1526 cum
1288 1487 1341 1526 L.
1362 1486 1535 1527 Volum-

179 1547 247 1587 nio
266 1546 468 1588 dicebant.
506 1547 626 1588 Fabii
652 1548 779 1589 oratio
805 1547 882 1588 suit
907 1547 1039 1600 qualis
1065 1547 1229 1589 biennio
1249 1554 1360 1597 ante,
1387 1548 1533 1588 deinde

180 1615 225 1648 ut
254 1608 494 1650 vincebatur
530 1624 752 1657 consensu,
785 1624 904 1649 versa
939 1615 1146 1663 postremo
1178 1609 1230 1649 ad
1261 1609 1458 1663 collegam
1484 1609 1532 1649 P.

180 1670 358 1711 Decium
384 1671 650 1724 poscendum.
697 1671 739 1711 id
765 1672 963 1711 senectuti
989 1685 1086 1711 suae
1112 1670 1403 1711 adminiculum
1430 1671 1533 1711 fore:

182 1746 356 1772 censura
375 1732 618 1785 duobusque
644 1731 924 1773 consulatibus
952 1732 1073 1773 simu]
1098 1732 1226 1786 gestis
1252 1738 1465 1786 expertum
1491 1747 1534 1773 se

182 1793 282 1834 nihil
308 1794 499 1834 concordi
530 1793 703 1848 collegio
733 1793 889 1834 firmius
916 1794 968 1833 ad
997 1808 1084 1833 rem
1108 1793 1315 1847 publicam
1341 1794 1535 1834 tuendam

182 1869 287 1895 esse.
335 1869 442 1895 novo
467 1855 625 1909 imperii
652 1855 762 1896 socio
787 1855 856 1895 vix
880 1855 961 1895 iam
987 1855 1229 1895 adsuescere
1256 1855 1424 1895 senilem
1450 1856 1536 1895 ani-

182 1931 296 1956 mum
320 1931 462 1970 posse3
500 1931 594 1957 cum
618 1916 800 1957 moribus
827 1917 933 1957 notis
959 1916 1120 1957 facilius
1146 1931 1190 1957 se
1216 1917 1536 1957 communicatu-

182 1993 273 2018 rum
299 1977 480 2018 eonsilia.
519 1977 760 2032 subscripsit
785 1978 957 2019 orationi
982 1978 1068 2018 eius
1095 1978 1237 2019 consul
1263 1992 1355 2018 cum
1381 1979 1534 2019 meritis

183 2039 232 2080 P.
252 2039 374 2079 Decii
398 2039 602 2089 laudibus,
629 2049 716 2080 tum
741 2055 844 2093 quae
871 2055 921 2080 ex
946 2039 1164 2080 concordia
1188 2040 1403 2080 consulum
1428 2040 1536 2081 bona

185 2115 372 2154 quaeque
398 2115 449 2141 ex
469 2101 674 2142 discordia
697 2101 806 2142 mala
830 2101 871 2141 in
897 2101 1406 2142 administrationererum
1431 2102 1536 2141 mili-

184 2162 329 2202 tarium
354 2163 579 2212 evenirent,
612 2163 894 2212 memorando,
927 2177 1050 2216 quam
1079 2178 1207 2218 prope
1237 2163 1426 2203 ultimum
1451 2163 1534 2204 dis-

183 2224 336 2264 crimen
362 2225 446 2265 suis
472 2232 511 2265 et
536 2225 717 2280 collegae
743 2225 1032 2266 certaminibus
1064 2240 1195 2279 nuper
1219 2231 1386 2265 ventum
1417 2224 1533 2274 foret,

183 2292 222 2326 et
241 2286 444 2327 monendo
458 2285 635 2327 Decium
649 2286 919 2340 Fabiumque,
945 2292 990 2326 ut
1015 2301 1096 2327 uno
1122 2286 1269 2335 animo,
1295 2301 1376 2327 una
1400 2293 1534 2327 mente

183 2347 378 2388 viverent.
411 2362 501 2389 esse
521 2356 730 2402 praeterea
748 2349 857 2389 viros
876 2354 994 2389 natos
1014 2348 1194 2397 militiae,
1211 2348 1328 2388 factis
1348 2363 1533 2403 magnos,

183 2409 235 2449 ad
255 2408 472 2450 verborum
496 2409 742 2465 linguaeque
768 2410 990 2451 certamina
1013 2410 1154 2451 rudes:
1181 2425 1229 2451 ea
1253 2410 1417 2464 ingenia
1441 2424 1536 2450 con-

184 2470 335 2512 sularia
360 2485 462 2512 esse.
512 2471 679 2512 callidos
707 2471 973 2525 sollertesque
1004 2472 1102 2512 iuris
1128 2478 1250 2524 atque
1281 2471 1534 2524 eloquentiae

183 2532 410 2581 consultos,
437 2533 570 2586 qualis
596 2532 707 2587 App.
737 2532 937 2574 Claudius
964 2539 1090 2582 essct,
1116 2533 1208 2574 urbi
1233 2548 1280 2574 ac
1304 2532 1393 2573 foro
1417 2547 1535 2587 prae-

183 2594 291 2635 sides
322 2593 533 2636 habendos
570 2602 862 2649 praetoresque
893 2595 946 2635 ad
980 2594 1189 2635 reddenda
1218 2595 1307 2635 iura
1337 2595 1534 2636 creandos

183 2670 286 2698 esse.
324 2656 387 2696 his
413 2657 584 2712 agendis
610 2657 697 2698 dics
723 2662 783 2698 est
809 2663 1088 2711 consumptus.
1132 2657 1328 2711 postridie
1347 2656 1399 2698 ad
1417 2671 1534 2711 prae-

1559 327 1593 355 11

1560 634 1599 663 13

1561 882 1599 910 14

1560 1068 1598 1095 15

1560 1560 1578 1587 10

1558 2669 1576 2699 8
