1835 3226
280 185 361 226 356
658 187 810 222 LIBER
837 187 926 229 Vll,
953 188 983 220 «5.
1013 189 1061 230 [a.
1077 199 1110 221 11.
1127 188 1252 231 0392]

278 304 369 337 runt
397 294 650 341 dubitantes,
683 307 734 332 an
761 290 891 330 ullum
916 291 1049 345 magis
1071 290 1305 332 Romanum
1331 291 1485 332 bonum
1511 307 1634 346 quam

234 375 250 402 4
279 373 390 399 arma
420 356 633 408 virtusque
665 353 798 394 essct?
835 352 996 393 silentio
1035 353 1142 394 facto
1180 353 1333 408 templa
1369 354 1539 395 deorum
1575 357 1635 396 111-

277 418 528 466 mortalium,
555 430 661 469 quae
686 415 775 456 foro
801 414 1019 464 imninent,
1049 414 1384 470 Capitoliumque
1410 416 1635 459 intuentem

277 489 315 522 et
346 494 492 521 manus
523 492 633 519 nune
663 478 704 518 in
736 477 896 518 caelum
926 492 1036 518 nunc
1066 477 1107 518 in
1131 483 1318 532 patentes
1345 484 1474 519 terrae
1500 479 1635 520 hiatus

232 559 249 587 ξ»
276 543 328 584 ad
353 543 452 582 deos
478 556 620 581 manes
648 540 924 595 porrigentem
951 554 995 580 se
1015 539 1251 589 devovisse,
1279 554 1467 593 equoque
1488 541 1635 582 deinde

275 620 399 659 quam
418 609 577 659 poterat
596 603 775 643 maxime
802 610 999 643 exornato
1024 602 1271 643 insidentem
1296 610 1499 644 armatum
1525 618 1569 645 se
1594 604 1635 644 in

277 682 445 722 specum
470 665 698 715 inmisisse3
725 665 915 718 donaque
941 679 988 706 ac
1013 664 1156 719 fruges
1183 680 1306 719 super
1331 680 1424 705 011111
1451 681 1475 706 a
1499 666 1635 707 multi-

277 730 417 771 tudine
442 729 623 769 virorum
650 743 697 768 ae
723 727 940 767 mulierum
967 735 1186 782 congestas
1206 727 1424 780 lacumque
1446 728 1633 769 Curtium

274 808 357 833 non
382 791 433 832 ab
459 791 631 844 antiquo
657 790 725 830 illo
752 789 837 830 Titi
857 789 953 830 Tati
979 790 1105 831 milite
1127 789 1271 831 Curtio
1290 789 1457 839 Mettio,
1486 791 1559 831 sed
1584 791 1634 831 ab

232 868 248 897 0
275 855 352 895 hoc
383 853 647 908 appellatum.
697 867 795 893 cura
826 867 907 893 non
939 852 1120 902 deesset,
1155 853 1189 893 si
1215 867 1296 906 qua
1322 853 1374 893 ad
1400 868 1542 894 verum
1570 854 1636 894 via

275 916 549 970 inquirentem
578 915 722 964 ferret3
760 929 869 955 nunc
900 914 1013 955 fama
1042 930 1178 955 rerum
1216 915 1408 955 standum
1445 922 1525 964 est,
1564 915 1634 956 ubi

275 987 430 1020 certam
466 979 638 1033 derogat
674 983 858 1018 vetustas
895 977 1036 1026 fidem,
1077 985 1117 1018 et
1147 977 1261 1018 lacus
1292 992 1443 1019 nomen
1476 977 1526 1019 ab
1558 977 1635 1018 hae

274 1041 498 1083 recentiore
524 1040 758 1095 insignitius
786 1039 927 1081 fabula
952 1047 1026 1080 est.

234 1117 249 1145 ῖ
360 1103 465 1145 Post
490 1102 592 1143 tanti
616 1102 794 1157 prodigii
817 1102 1148 1156 procurationem
1168 1102 1312 1143 codem
1333 1117 1440 1143 anno
1461 1102 1511 1143 de
1526 1102 1636 1143 Her-

276 1166 378 1207 nicis
417 1164 629 1206 consultus
668 1171 834 1205 senatus
873 1179 967 1205 cum
1003 1164 1163 1206 fetiales
1200 1165 1253 1206 ad
1288 1180 1353 1206 res
1389 1165 1634 1219 repetendas

275 1228 525 1281 nequiquam
557 1227 757 1275 misisset,
793 1227 926 1281 primo
956 1242 1120 1280 quoque
1152 1227 1217 1268 (110
1243 1227 1459 1268 ferendum
1485 1228 1537 1268 ad
1561 1242 1634 1281 po-

275 1291 419 1345 pulum
445 1291 495 1331 de
520 1289 628 1331 bello
654 1289 872 1330 indicendo
892 1288 1087 1330 Hernicis
1108 1289 1285 1338 censuit,
1312 1289 1571 1344 populusque
1591 1290 1632 1329 id

232 1367 250 1392 5
279 1353 431 1395 bellum
461 1352 656 1406 frequens
688 1351 820 1392 iussit.
868 1352 922 1392 L.
952 1350 1139 1392 Genucio
1166 1351 1325 1392 consuli
1351 1366 1399 1392 ca
1422 1352 1634 1406 provincia

276 1423 385 1456 sorte
417 1415 565 1456 evenit.
614 1414 657 1454 in
688 1414 993 1468 exspectatione
1026 1414 1169 1455 civitas
1203 1420 1306 1463 erat,
1340 1414 1451 1467 quod
1474 1415 1631 1469 primus

274 1478 341 1519 ille
373 1478 423 1518 de
454 1476 573 1532 plebe
606 1477 750 1518 consul
782 1476 935 1517 bellum
961 1476 1045 1517 suis
1072 1476 1265 1530 auspiciis
1291 1483 1484 1532 gesturus
1511 1484 1631 1525 essct,

274 1540 444 1594 perinde
476 1546 519 1580 ut
550 1539 757 1580 evenisset
786 1553 871 1587 res,
909 1538 966 1579 ita
997 1539 1320 1579 communicatos
1352 1539 1527 1580 honores
1558 1554 1632 1594 pro

232 1612 249 1641 9
276 1602 381 1642 1)0110
406 1607 477 1642 aut
503 1615 622 1642 secus
649 1600 837 1641 consulto
855 1599 1058 1641 habitura.
1096 1600 1201 1641 forte
1226 1601 1282 1641 ita
1307 1601 1398 1641 tulit
1423 1615 1562 1649 casus,
1590 1608 1633 1641 ut

276 1662 489 1705 Genucius
527 1663 579 1704 ad
615 1662 755 1704 hostes
786 1677 939 1718 magno
970 1669 1119 1703 conatu
1149 1662 1358 1717 profectus
1390 1663 1431 1703 in
1462 1664 1631 1704 insidias

273 1726 577 1781 praecipitaret,
615 1724 847 1781 legionibus
878 1725 1121 1779 necopinato
1151 1740 1303 1779 pavore
1335 1726 1439 1766 fusis
1477 1726 1632 1775 consul,

275 1789 578 1829 circumventus
622 1787 673 1829 ab
716 1787 856 1828 insciis
893 1802 1017 1840 quem
1054 1787 1374 1837 interfecissent,
1419 1788 1632 1829 occideret.

212 1862 249 1890 10
275 1851 386 1904 quod
418 1849 488 1891 ubi
514 1856 576 1891 est
600 1850 779 1891 Romam
804 1849 1055 1899 nuntiatum,
1088 1863 1349 1903 nequaquam
1375 1855 1534 1890 tantum
1560 1864 1635 1904 pu-

276 1913 383 1954 blica
425 1912 657 1953 calamitate
694 1912 841 1953 maesti
875 1919 1013 1966 patres
1051 1918 1251 1965 quantum
1286 1911 1445 1953 seroces
1481 1911 1635 1953 infelici

276 1975 457 2016 consulis
482 1974 633 2029 plebeii
658 1974 785 2015 ductu
808 1973 990 2016 fremunt
1015 1974 1206 2016 omnibus
1232 1974 1352 2016 locis:
1378 1974 1495 2023 irent,
1523 1989 1635 2015 crea-

276 2044 366 2079 rent
397 2037 588 2079 consules
621 2052 672 2078 ex
701 2036 841 2092 plebe,
879 2037 1146 2078 transferrent
1178 2036 1362 2091 auspicia
1398 2051 1480 2090 quo
1516 2036 1633 2077 nefas

209 2113 244 2140 11
274 2107 395 2141 05501.
432 2100 619 2154 potuisse
637 2106 774 2154 patres
793 2098 1022 2154 plebiscito
1041 2099 1138 2154 pelli
1157 2098 1381 2140 honoribus
1404 2099 1508 2148 suis3
1535 2114 1634 2139 1111111

274 2163 397 2203 etiam
433 2162 476 2203 in
512 2162 611 2204 deos
647 2161 885 2203 inmortales
922 2162 1222 2216 inauspicatam
1256 2161 1392 2217 legem
1429 2161 1634 2202 valuisse?

272 2225 507 2266 vindicasse
532 2224 645 2279 ipsos
673 2239 794 2265 suum
818 2238 989 2274 numen,
1024 2239 1099 2265 sua
1124 2224 1326 2279 auspicia,
1353 2239 1458 2277 quac
1484 2229 1527 2264 ut
1553 2223 1634 2278 pri-

273 2302 388 2327 mum
419 2293 607 2328 contacta
638 2286 718 2327 sint
749 2285 801 2327 ab
833 2301 899 2335 00,
938 2302 962 2327 a
992 2301 1074 2339 quo
1106 2301 1180 2327 ncc
1212 2286 1274 2327 ius
1307 2300 1382 2326 nec
1406 2286 1471 2327 fas
1498 2285 1631 2334 fuerit,

275 2349 456 2390 deletum
481 2364 576 2390 eum
601 2349 705 2390 duce
726 2349 951 2389 exercitum
971 2349 1219 2389 documento
1239 2348 1388 2397 fuisse,
1415 2362 1466 2389 ne
1486 2348 1633 2388 deinde

209 2424 246 2452 12
274 2411 435 2453 turbato
454 2412 640 2467 gentium
658 2411 744 2452 iure
765 2411 929 2452 comitia
947 2410 1207 2452 haberentur.
1245 2410 1309 2451 his
1330 2409 1500 2451 vocibus
1521 2410 1634 2451 curia

274 2480 312 2514 ct
333 2474 466 2515 forum
486 2480 690 2529 personat.
729 2474 811 2528 Ap.
829 2472 1069 2522 Claudium,
1097 2473 1193 2526 quia
1212 2473 1464 2514 dissuaserat
1483 2472 1630 2528 legem,

272 2536 423 2577 maiore
449 2551 558 2578 nunc
584 2536 823 2577 auctoritate
849 2541 1041 2576 eventum
1067 2535 1303 2590 reprehensi
1329 2534 1380 2576 ab
1407 2550 1451 2576 se
1472 2534 1632 2577 consilii

273 2597 546 2647 incusantem,
590 2592 839 2639 ‘dictatorem
881 2612 1087 2639 consensu
1128 2597 1390 2652 patriciorum
1430 2595 1630 2638 Servilius

275 2659 417 2700 consul
443 2660 556 2710 dicit,
590 2660 845 2714 dilectusque
872 2666 910 2701 et
936 2660 1136 2701 iustitium
1161 2659 1373 2700 indictum.
