1835 3226
282 1182 318 1209 1⁴)

283 1492 315 1518 ll

338 194 420 234 482
636 197 789 241 LlssER
813 195 944 239 vnn,
967 195 1022 228 37.
1040 194 1094 228 38.
1121 196 1170 237 [a.
1183 204 1216 227 u.
1232 204 1263 227 e.
1276 193 1393 237 444s5]

339 306 432 345 dam
459 304 515 343 ait
539 315 643 341 esse.
691 305 902 354 praeterea
927 297 1052 337 telum
1078 296 1188 336 aliud
1219 295 1425 336 occultum
1451 296 1624 337 scituros
1650 297 1689 336 in

339 373 536 418 tempore3
574 363 728 402 interea
758 359 883 400 taceri
913 374 1017 413 opus
1049 372 1152 399 csse.
1201 357 1265 397 his
1297 356 1543 411 ambagibus
1574 358 1690 410 prodi

340 425 557 467 simulabat
582 424 735 472 hostes,
756 437 838 475 quo
857 421 1018 462 animus
1044 420 1219 460 militum
1244 419 1503 460 multitudine
1528 418 1691 459 territus

338 488 636 535 restitueretur3
675 491 731 533 et,
765 483 875 537 quod
907 483 993 523 sine
1019 482 1272 523 munimento
1299 481 1575 529 considerant,
1607 480 1691 520 veri

340 549 512 593 similius
538 554 624 589 erat
648 546 759 600 quod
785 544 1065 586 simulabatur.
1108 544 1238 585 curati
1263 542 1354 595 cibo
1374 557 1544 596 corpora
1568 541 1692 595 quieti

339 612 435 652 dant
473 616 512 650 ct
549 614 694 663 quarta
735 607 820 648 fere
856 606 998 661 vigilia
1035 606 1121 645 sine
1159 604 1336 645 tumultu
1374 604 1538 644 excitati
1581 617 1691 643 arma

341 673 519 727 capiunt.
569 670 762 712 dolabrae
800 668 1013 710 calonibus
1049 667 1288 707 dividuntur
1324 666 1376 707 ad
1412 665 1564 706 vallum
1603 679 1694 719 pro-

340 734 541 774 ruendum
567 732 785 785 fossasque
811 730 1038 785 implendas.
1081 729 1184 769 intra
1206 728 1458 768 munimenta
1483 727 1694 767 instruitur

340 796 467 845 acies,
500 795 683 835 delectae
715 792 903 834 cohortes
935 792 987 832 ad
1016 797 1226 845 portarum
1258 790 1392 830 exitus
1419 788 1692 829 conlocantur.

342 858 436 898 dato
462 856 609 897 deinde
636 856 755 910 signo
780 854 903 909 paulo
928 859 1021 894 ante
1046 852 1200 900 lucem,
1233 851 1343 905 quod
1375 850 1541 891 aestivis
1566 850 1694 890 nocti-

339 919 416 960 bus
444 919 599 973 sopitae
625 917 802 958 maxime
822 916 970 969 quietis
996 922 1158 969 tempus
1178 920 1253 963 est,
1279 919 1446 968 proruto
1470 912 1579 953 vallo
1605 926 1695 952 eru-

340 982 399 1036 pit
429 982 556 1029 acics,
590 987 737 1021 stratos
768 981 924 1033 passim
954 977 1111 1018 invadit
1140 976 1299 1025 hostes,
1332 975 1433 1016 alios
1464 973 1693 1021 inmobiles,

341 1043 442 1083 alios
470 1043 742 1083 semisomnos
767 1042 809 1081 in
834 1039 1037 1081 eubilibus
1065 1039 1168 1088 suis,
1201 1038 1425 1078 maximam
1454 1044 1613 1091 partem
1644 1035 1696 1076 ad

342 1120 455 1146 arma
480 1105 729 1159 trepidantes
756 1103 902 1144 caedes
929 1101 1152 1156 oppressit3
1177 1100 1320 1155 paucis
1347 1099 1532 1140 armandi
1558 1113 1600 1139 se
1626 1098 1697 1138 da-

344 1175 429 1208 tum
456 1167 632 1221 spatium
659 1173 733 1207 est.
783 1181 853 1207 eos
880 1166 992 1220 ipsos
1018 1180 1101 1205 non
1126 1164 1291 1219 signum
1317 1171 1491 1213 certum,
1518 1178 1599 1204 non
1623 1163 1697 1202 du-

344 1245 432 1270 cem
465 1235 681 1282 sequentes
714 1228 849 1268 fundit
878 1228 1113 1275 Romanus,
1145 1227 1394 1280 fugatosque
1424 1225 1694 1279 persequitur.

344 1292 395 1332 ad
415 1298 560 1339 castra,
582 1290 634 1331 ad
654 1290 778 1330 silvas
799 1290 950 1330 diversi
976 1288 1209 1329 tendebant.
1254 1288 1381 1327 silvae
1401 1287 1527 1328 tutius
1547 1286 1695 1326 dedere

343 1354 562 1408 refugium,
588 1368 683 1393 nam
710 1358 843 1393 eastra
867 1352 907 1391 in
933 1351 1089 1405 campis
1117 1351 1194 1390 sita
1214 1350 1358 1392 codem
1377 1349 1442 1389 die
1467 1349 1694 1402 capiuntur.

344 1431 488 1456 aurum
519 1421 817 1469 argentumque
849 1413 1007 1453 iussum
1045 1412 1186 1453 referri
1220 1411 1271 1452 ad
1303 1410 1530 1459 consulem,
1564 1417 1697 1450 cetera

345 1477 499 1530 praeda
524 1476 663 1516 militis
689 1475 778 1515 suit.
828 1489 950 1515 caesa
976 1480 1046 1514 aut
1071 1480 1190 1528 capta
1215 1488 1262 1513 eo
1287 1473 1351 1512 die
1382 1472 1561 1513 hostium
1587 1471 1697 1511 milia

345 1539 397 1578 ad
428 1538 654 1591 sexaginta.
705 1551 795 1577 eam
828 1543 911 1576 tam
942 1535 1092 1576 claram
1124 1550 1306 1589 pugnam
1340 1541 1449 1574 trans
1477 1533 1698 1573 Ciminiam

346 1599 490 1641 silvam
518 1600 570 1640 ad
594 1598 810 1639 Perusiam
834 1604 1061 1652 pugnatam
1087 1597 1255 1649 quidam
1280 1602 1468 1636 auctores
1495 1603 1589 1636 sunt
1614 1610 1699 1635 me-

346 1669 470 1715 tuque
496 1661 538 1701 in
562 1675 713 1715 magno
739 1659 945 1700 civitatem
970 1658 1118 1707 fuisse,
1150 1673 1200 1698 ne
1225 1657 1470 1697 interclusus
1496 1658 1697 1697 exereitus

346 1730 429 1764 tam
460 1723 611 1763 infesto
642 1721 749 1762 saltu
780 1721 929 1762 coortis
961 1720 1142 1773 undique
1169 1719 1319 1759 Tuscis
1344 1718 1598 1770 Umbrisque
1630 1733 1701 1772 op-

345 1786 600 1840 primeretur.
656 1783 730 1825 sed
759 1783 1009 1836 ubicumque
1041 1788 1271 1837 pugnatum
1302 1787 1382 1830 est,
1418 1795 1484 1820 res
1516 1780 1702 1820 Romana

347 1848 532 1902 superior
556 1847 645 1888 fuit.
695 1846 832 1900 itaque
852 1861 875 1886 a
893 1845 1067 1886 Perusia
1087 1851 1125 1884 ct
1141 1843 1323 1885 Cortona
1342 1850 1381 1883 et
1394 1841 1571 1890 Arretio,
1598 1856 1702 1895 quae

347 1910 476 1950 ferme
502 1909 635 1964 capita
660 1908 853 1949 Etruriae
878 1907 1125 1962 populorum
1151 1921 1200 1946 ea
1224 1912 1469 1960 tempestate
1495 1910 1621 1952 crant,
1647 1903 1704 1943 le-

347 1972 432 2025 gati
468 1986 612 2026 pacem
643 1970 875 2023 foedusque
906 1969 957 2010 ab
988 1969 1188 2010 Romanis
1225 1974 1411 2023 petentes
1448 1967 1627 2007 indutias
1663 1966 1703 2005 in

349 2033 515 2088 triginta
540 2048 668 2073 annos
695 2033 1030 2087 impetraverunt.

426 2094 697 2136 XXXVIII.
723 2095 838 2135 Dum
857 2093 959 2134 haec
979 2094 1019 2134 in
1034 2093 1201 2133 Etruria
1219 2098 1427 2147 geruntur,
1443 2090 1586 2132 consul
1605 2089 1706 2130 alter

350 2157 398 2198 C.
413 2157 599 2198 Marcius
618 2157 785 2198 Rutilus
805 2155 959 2197 Allifas
986 2156 1036 2196 de
1058 2153 1315 2196 Samnitibus
1342 2153 1383 2193 vi
1408 2152 1526 2206 cepit.
1576 2152 1706 2192 multa

349 2220 429 2260 alia
465 2219 633 2260 castella
663 2219 825 2272 vicique
862 2225 932 2259 aut
969 2217 1104 2257 deleta
1140 2216 1341 2257 hostiliter
1371 2221 1441 2255 aut
1476 2214 1636 2268 integra
1665 2214 1705 2254 in

306 2300 322 2322 μ
351 2288 596 2336 potestatem
620 2295 782 2323 venere.
830 2295 904 2335 per
928 2279 1038 2320 idem
1063 2286 1225 2333 tempus
1248 2284 1287 2318 et
1307 2276 1452 2317 classis
1468 2276 1657 2316 Romana
1682 2291 1706 2315 a

355 2344 398 2384 P.
421 2343 627 2394 Cornelio,
654 2358 778 2397 quem
804 2349 972 2383 senatus
998 2341 1227 2382 maritimae
1253 2354 1347 2380 orae
1372 2338 1638 2393 praefecerat,
1665 2337 1705 2377 in

353 2404 625 2460 Campaniam
650 2412 742 2446 aeta
767 2419 860 2445 cum
886 2403 1060 2459 adpulsa
1084 2402 1308 2457 Pompeios
1335 2407 1461 2450 esset,
1489 2400 1588 2441 socii
1612 2399 1706 2440 inde

352 2468 518 2509 navales
538 2468 591 2508 ad
604 2466 937 2522 depopulandum
953 2481 1098 2521 agrum
1112 2464 1364 2506 Nucerinum
1378 2462 1551 2517 profecti
1571 2461 1708 2516 proxi-

354 2529 428 2569 mis
459 2530 607 2584 raptim
638 2529 830 2578 vastatis,
863 2528 971 2568 unde
1002 2528 1156 2568 reditus
1189 2533 1300 2567 tutus
1332 2525 1385 2566 ad
1420 2539 1547 2565 naves
1584 2530 1705 2570 esset,

353 2590 579 2639 dulcedine,
601 2598 644 2631 ut
663 2591 719 2639 fit,
739 2590 916 2645 praedae
935 2589 1099 2643 longius
1119 2587 1328 2643 progressi
1347 2586 1534 2627 excivere
1554 2585 1704 2626 hostes.

311 2663 327 2688 ς’.
354 2651 498 2702 palatis
530 2667 602 2705 per
626 2667 747 2707 agros
773 2667 894 2693 nemo
920 2651 1066 2692 obvius
1092 2651 1188 2699 fuit,
1221 2665 1314 2690 eum
1341 2648 1551 2689 occidione
1577 2645 1705 2686 occidi
