1780 3204
454 250 604 285 LIBER
629 250 758 295 vnn,
784 252 815 284 (3.
836 251 866 285 7.
894 249 1091 295 [21:0321]
1366 243 1448 284 447

98 358 236 411 risque
266 355 455 397 intentati
485 361 524 395 et
555 354 756 395 vulnerati
785 355 951 408 quidam
983 355 1214 409 nccatique,
1248 356 1283 397 si
1312 356 1450 398 vultus

99 434 239 460 eorum
269 417 511 472 indignitate
542 431 678 457 rerum
709 417 839 457 acrior
868 417 1064 458 victorem
1095 417 1346 460 offendisset.
1367 412 1452 459 ‘ita

99 481 273 522 traducti
301 480 376 521 sub
401 479 543 534 iugum
571 485 626 528 et,
661 479 771 533 quod
800 494 930 534 paene
955 480 1122 535 gravius
1149 487 1251 530 erat,
1282 496 1356 536 per
1379 481 1452 521 ho-

101 544 222 585 stium
250 542 388 583 oculos
415 557 508 582 cum
533 556 554 582 e
581 541 687 582 saltu
711 542 956 591 evasissent,
991 542 1067 583 etsi
1092 543 1203 584 velut
1227 543 1278 584 ab
1310 543 1450 584 inferis

100 605 271 646 extracti
296 611 382 645 tum
406 604 584 658 primum
608 603 741 644 lucem
767 604 949 658 aspicere
969 605 1046 645 visi
1073 613 1179 654 sunt,
1202 612 1338 646 tamen
1362 607 1453 661 ipsa

98 667 170 707 lux
190 667 244 707 ita
264 666 446 707 deforme
470 665 722 706 intuentibus
743 680 892 720 agmen
912 666 1021 706 omni
1041 673 1169 707 morte
1189 667 1342 708 tristior·
1360 668 1449 708 fuit.

98 728 236 781 itaque
257 743 350 769 cum
369 733 461 768 ante
481 733 642 768 noctem
658 726 845 781 Capuam
870 728 1082 781 pervenire
1101 736 1282 782 possent,
1309 729 1452 770 incerti

99 790 149 830 de
174 790 254 830 fide
280 789 484 830 sociorum
509 795 548 829 et
573 789 682 842 quod
707 789 839 843 pudor
868 790 1176 843 praepediebat,
1211 791 1316 832 circa
1341 791 1451 832 viam

99 851 211 892 haud
235 851 378 906 procul
405 850 551 905 Capua
576 851 757 892 omnium
785 865 914 905 egena
939 866 1109 905 corpora
1134 852 1248 893 humi
1273 860 1451 907 prostra-

97 920 256 954 verunt.
295 914 406 967 quod
427 913 495 954 ubi
516 921 576 954 est
593 913 781 967 Capuam
806 914 1050 963 nuntiatum,
1071 915 1220 955 evincit
1245 916 1451 956 miseratio

97 975 204 1015 iusta
230 975 433 1016 sociorum
459 975 693 1029 superbiam
718 975 942 1029 ingenitam
958 975 1196 1030 Campanis.
1235 977 1450 1018 confestim
1479 991 1496 1020 6

96 1037 274 1091 insignia
294 1052 367 1078 sua
387 1037 636 1086 consulibus,
657 1036 804 1085 fasces,
825 1037 1006 1087 lictores3
1033 1054 1157 1087 arina,
1174 1053 1314 1091 equos,
1330 1040 1454 1080 vesti-

97 1106 252 1148 menta,
280 1107 532 1140 commeatus
559 1099 755 1140 militibus
782 1099 959 1154 benigne
985 1101 1162 1149 mittunt,
1190 1108 1230 1141 et
1254 1102 1452 1141 venienti-

96 1160 174 1202 bus
191 1160 379 1215 Capuam
398 1169 569 1201 cunctus
596 1168 762 1202 senatus
788 1161 1047 1214 populusque
1067 1161 1232 1202 obviam
1257 1177 1449 1217 egressus

95 1222 214 1263 iustis
234 1223 423 1264 omnibus
443 1222 714 1276 hospitalibus
734 1222 986 1276 privatisque
1006 1229 1045 1262 et
1064 1223 1239 1277 publicis
1265 1224 1453 1280 fungitur

95 1284 255 1325 officiis.
293 1299 424 1337 neque
444 1284 523 1324 illis
550 1284 753 1324 sociorum
779 1284 949 1324 comitas
971 1284 1191 1338 vultusque
1218 1286 1386 1342 benigni
1411 1294 1450 1328 ct

95 1346 288 1399 adloquia
317 1361 398 1386 non
429 1346 551 1386 modo
584 1360 814 1386 sermonem
845 1346 1008 1395 elicere,
1043 1347 1116 1387 sed
1145 1363 1196 1388 ne
1227 1355 1272 1389 ut
1309 1349 1450 1390 oculos

94 1409 259 1463 quidem
278 1409 506 1450 attollerent
526 1415 596 1449 aut
615 1409 873 1450 consolantes
900 1410 1053 1451 amicos
1080 1418 1221 1452 contra
1247 1412 1452 1453 intueren-

93 1478 158 1512 tur
182 1470 345 1511 efficere
370 1477 576 1525 poterant:
603 1471 706 1512 adeo
728 1486 851 1525 super
876 1486 1102 1513 maerorem
1127 1474 1260 1527 pudor
1284 1475 1451 1528 quidam

93 1532 237 1588 fugere
263 1533 479 1587 conloquia
506 1540 545 1573 et
570 1540 710 1574 coetus
736 1533 949 1574 hominum
976 1534 1184 1589 cogebat.'
1200 1543 1364 1589 postero
1385 1537 1450 1577 die

93 1609 186 1636 cum
211 1595 380 1636 iuvenes
406 1594 583 1644 nobiles,
610 1595 727 1636 missi
753 1611 776 1636 a
803 1595 966 1650 Capua,
998 1603 1043 1636 ut
1067 1597 1373 1650 proficiscentes
1399 1598 1452 1638 ad

93 1657 216 1697 finem
233 1656 492 1711 Campanum
517 1664 872 1710 prosequerentur,
892 1658 1156 1698 revertissent
1176 1659 1389 1712 vocatique
1409 1659 1450 1699 in

94 1718 248 1758 curiam
266 1718 626 1772 percunctantibus
647 1719 870 1759 maioribus
890 1726 990 1759 natu
1009 1719 1136 1760 multo
1157 1719 1235 1760 sibi
1260 1721 1452 1762 maestio-

93 1795 159 1820 res
191 1786 230 1820 et
267 1778 507 1820 abiectiores
545 1780 670 1820 animi
700 1781 812 1821 visos
837 1781 1060 1821 referrent:
1100 1782 1203 1822 adco
1242 1782 1366 1824 silens
1403 1798 1450 1824 ac

94 1856 221 1896 prope
247 1847 406 1881 mutum
431 1856 581 1896 agmen
606 1842 838 1891 incessisse,
865 1843 998 1883 iacere
1022 1843 1204 1884 indolem
1230 1844 1339 1884 illam
1365 1845 1450 1886 Ro-

95 1918 261 1943 manam
286 1902 527 1956 ablatosque
554 1918 647 1944 cum
673 1904 797 1944 armis
823 1904 1000 1953 animos,
1032 1920 1114 1946 non
1146 1906 1315 1947 reddere
1342 1907 1450 1948 salu-

95 1972 190 2014 tem,
216 1979 298 2005 non
321 1964 594 2006 salutantibus
620 1965 716 2006 dare
740 1981 998 2020 responsum,
1025 1982 1108 2007 non
1132 1967 1289 2008 hiscere
1309 1983 1452 2021 quem-

96 2040 220 2079 quam
244 2041 341 2080 prae
366 2033 479 2066 metu
502 2027 687 2080 potuisse
714 2033 924 2080 tamquam
950 2027 1178 2069 ferentibus
1205 2029 1339 2070 adhuc
1365 2045 1450 2070 ccr-

95 2088 255 2129 vicibus
280 2088 436 2143 iugum,
465 2088 541 2129 sub
567 2089 678 2142 quod
703 2089 842 2130 emissi
868 2096 1018 2130 essent.
1068 2090 1218 2131 habere
1240 2090 1448 2136 Samnites

96 2150 307 2191 victoriam
338 2166 421 2191 non
450 2150 701 2205 praeclaram
733 2151 883 2201 solum,
923 2152 996 2192 sed
1032 2152 1154 2193 etiam
1190 2160 1448 2207 perpetuam:

97 2212 256 2267 cepisse
282 2212 389 2252 enim
416 2227 486 2253 eos
511 2228 593 2253 non
607 2213 797 2263 Romam,
819 2213 924 2254 sicut
944 2220 1036 2254 ante
1053 2212 1210 2264 Gallos,
1233 2216 1318 2265 sed,
1339 2217 1450 2269 quod

96 2274 225 2314 multo
238 2273 472 2315 bellicosius
493 2274 626 2324 fucrit,
641 2275 873 2316 Romanam
887 2276 1078 2317 virtutem
1092 2276 1368 2330 ferociamque
1378 2294 1387 2318 :
1397 2302 1450 2306 —

179 2334 280 2376 VII.
314 2350 407 2376 cum
426 2336 527 2377 haec
552 2337 782 2378 dicerentur
800 2338 1116 2392 audirenturque
1137 2345 1175 2379 et
1194 2339 1450 2393 deploratum

94 2412 225 2453 paene
238 2397 473 2438 Romanum
493 2414 641 2439 nomen
659 2399 702 2439 in
716 2400 887 2441 concilio
903 2401 1105 2441 sociorum
1125 2401 1307 2441 fidelium
1327 2408 1448 2451 esset,

1479 1115 1494 1142 κΙ

1478 2107 1516 2136 13

1477 2353 1492 2382 1

95 2460 243 2500 dicitur
258 2458 422 2501 Ofillius
445 2459 640 2502 Calavius
657 2460 742 2503 Ovi
765 2462 886 2512 filius,
914 2463 1046 2504 clarus
1073 2478 1223 2518 genere
1248 2463 1449 2517 factisque
1474 2477 1492 2505 2

95 2528 183 2562 tum
214 2521 336 2562 etiam
373 2528 505 2563 aetate
536 2524 757 2573 verendus,
796 2524 918 2579 longe
955 2525 1071 2565 aliter
1102 2540 1145 2566 se
1175 2524 1326 2566 habere
1362 2540 1448 2566 rem

95 2584 268 2624 dixisse:
296 2583 502 2624 silentium
527 2584 627 2625 illud
647 2584 896 2626 obstinatum
916 2586 1104 2640 fixosque
1123 2587 1165 2627 in
1184 2594 1332 2627 terram
1352 2601 1448 2628 ocu·
1473 2602 1492 2630 3

94 2645 155 2686 los
176 2653 215 2687 et
236 2646 380 2687 surdas
401 2646 455 2687 ad
473 2647 610 2688 onmia
631 2647 782 2689 solacia
802 2663 920 2689 aures
941 2655 978 2689 et
1003 2650 1203 2703 pudorem
1227 2649 1447 2690 intuendae

94 2707 196 2749 lucis
222 2708 430 2764 ingentem
456 2709 606 2751 molem
630 2710 783 2751 irarum
803 2725 853 2751 ex
872 2710 953 2752 alto
973 2711 1109 2751 animo
1130 2711 1272 2752 cientis
1298 2711 1447 2752 indicia
