1780 3204
387 244 541 279 LIBER
560 244 654 289 1111,
680 244 734 279 31.
753 244 810 280 32.
840 247 890 289 [a.
908 243 1156 288 owe-426]
1369 234 1452 276 223

94 350 284 392 civitatis.
335 355 375 390 et
399 363 493 390 cum
518 347 575 389 ibi
600 363 763 402 quoque
787 348 932 404 religio
958 347 1151 397 obstaret,
1176 361 1228 388 ne
1252 361 1335 388 non
1359 361 1454 402 pos-

94 418 157 453 set
180 411 259 452 nisi
283 410 335 452 ab
361 410 529 452 consule
555 410 636 451 dici
660 410 844 459 dictator,
872 424 1051 465 augures
1078 409 1255 450 consulti
1280 424 1370 450 eam
1389 424 1453 450 re-

93 473 288 529 ligionem
313 487 512 514 exemere.
560 471 615 513 A.
643 471 861 514 Cornelius
887 472 1127 512 dictatorem
1151 470 1282 512 Mam.
1309 470 1453 512 Aemi-

93 535 194 576 lium
219 534 321 576 dixit
346 541 385 575 et
408 534 498 589 ipse
516 533 568 575 ab
589 548 636 575 eo
656 534 853 589 manister
871 534 1055 587 equitum
1077 540 1138 574 est
1159 534 1310 574 dictus:
1337 533 1452 583 adeo,

95 597 218 639 simul
248 596 413 638 fortuna
443 596 619 637 civitatis
650 596 799 637 xirtute
829 610 927 637 vera
963 595 1093 651 eguit,
1131 595 1231 635 nihil
1268 595 1454 636 censoria

94 646 395 700 animadversm
421 658 573 707 effecit,
601 672 682 711 quo
706 658 843 698 minus
868 657 1053 714 regimen
1076 671 1214 698 rerum
1239 671 1289 697 ex
1314 663 1454 698 notata

93 720 262 775 indigne
287 720 409 762 domo
433 726 650 774 peteretur.
699 719 908 769 Veientes,
934 734 977 760 re
1003 719 1184 760 secunda
1209 719 1322 769 elati,
1353 719 1452 760 mis-

96 783 152 824 sis
185 783 339 823 circum
368 781 559 823 Etruriae
589 781 762 836 populos
788 751 935 837 legatis
960 781 1170 830 iactando,
1208 787 1289 822 tres
1327 781 1453 822 duces

93 846 305 887 Roma-nos
331 844 382 886 ab
409 860 452 886 se
477 860 558 886 uno
583 844 735 899 proelio
760 844 890 894 fusos,
917 859 1010 886 cum
1037 851 1176 886 tamen
1199 844 1354 885 nullam
1378 859 1454 899 pu-

93 908 190 950 blici
215 908 375 950 consilii
400 907 636 949 societatem
661 907 901 957 movissent,
928 907 1179 949 voluntarios
1200 907 1382 960 undique
1402 907 1455 948 ad

96 985 212 1026 spem
237 970 416 1025 praedae
441 970 716 1011 adsciverunt.
764 970 836 1010 uni
860 969 1120 1011 Fidenatium
1146 969 1299 1024 populo
1324 969 1455 1010 rebel-

93 1033 177 1074 lare
197 1033 363 1088 placuit,
390 1040 430 1074 et
447 1040 657 1086 tamquam
675 1032 755 1073 nisi
774 1032 826 1073 ab
847 1032 999 1073 scelere
1019 1032 1174 1073 bellum
1193 1032 1317 1073 ordiri
1335 1032 1453 1072 nefas

95 1102 222 1144 esset,
260 1095 366 1136 sicut
388 1095 618 1150 legatorum
642 1101 754 1143 ante,
791 1094 848 1134 ita
873 1100 958 1134 tum
984 1108 1186 1134 novorum
1216 1093 1453 1134 colonorum

95 1156 220 1198 caede
245 1156 398 1198 inbutis
424 1157 560 1205 armis,
588 1155 831 1197 Veientibus
858 1169 949 1196 sese
975 1155 1241 1209 coniungunt.
1291 1154 1455 1195 consul-

95 1225 180 1258 tare
204 1217 301 1258 inde
323 1218 528 1272 principes
554 1217 728 1258 duorum
753 1216 1012 1271 populorum,
1038 1215 1168 1256 Veios
1195 1231 1247 1256 an
1272 1215 1453 1256 Fidenas

96 1279 236 1319 sedem
261 1279 357 1320 belli
382 1286 584 1333 caperent.
627 1278 811 1319 Fidenae
836 1277 950 1319 visae
977 1277 1274 1331 oportuniores.
1317 1277 1455 1331 itaque

93 1340 260 1381 traiecto
280 1340 420 1381 Tiberi
438 1339 635 1381 Veientes
656 1339 836 1380 Fidenas
857 1338 1153 1380 transtulerunt
1172 1338 1338 1380 bellum.
1370 1339 1456 1380 Ro-

92 1416 183 1443 mae
207 1409 335 1443 terror
357 1402 503 1458 ingens
529 1409 627 1443 erat.
664 1402 795 1444 accito
821 1402 1004 1444 exercitu
1029 1417 1053 1443 a
1071 1401 1188 1444 Veiis
1215 1417 1345 1457 eoque
1364 1402 1455 1458 ipso

92 1463 144 1505 ab
173 1478 218 1505 re
246 1464 353 1506 male
383 1470 502 1520 gesta
530 1464 740 1520 perculso,
778 1471 913 1506 castra
942 1464 1129 1506 locantur
1165 1471 1259 1506 ante
1294 1474 1455 1520 portam

94 1524 312 1576 Collinam,
339 1533 378 1568 et
401 1527 444 1568 in
467 1527 595 1568 muris
621 1527 767 1568 armati
792 1527 982 1582 dispositi
1007 1534 1047 1568 et
1070 1527 1273 1569 iustitium
1298 1528 1341 1568 in
1365 1528 1455 1570 foro

93 1587 367 1643 tabernaeque
391 1589 568 1639 clausae,
593 1589 778 1643 fiuntque
805 1589 943 1630 omnia
968 1590 1112 1631 castris
1139 1604 1264 1644 quam
1288 1589 1382 1630 urbi
1402 1590 1455 1631 si-

93 1650 264 1692 miliora.

178 1712 382 1753 XXXH.
428 1711 537 1754 Cum
561 1713 761 1767 trepidam
787 1713 993 1754 civitatem
1011 1712 1283 1767 praeconibus
1303 1727 1376 1767 per
1395 1713 1456 1753 vi-

95 1788 165 1815 cos
195 1773 376 1815 dimissis
408 1774 581 1815 dictator
611 1774 664 1815 ad
700 1775 932 1815 contionem
963 1775 1204 1815 advocatam
1240 1774 1454 1829 increpuit,

95 1835 206 1889 quod
231 1836 388 1877 animos
414 1850 466 1876 ex
489 1842 573 1876 tam
597 1836 758 1877 levibus
778 1837 996 1879 momentis
1019 1836 1208 1877 fortunae
1229 1851 1454 1890 suspensos

97 1904 304 1952 gererent,
335 1903 381 1937 ut
405 1911 533 1951 parva
556 1898 712 1938 iactura
737 1905 923 1952 accepta,
956 1912 1061 1951 quae
1086 1898 1178 1952 ipsa
1201 1912 1284 1938 non
1308 1898 1457 1939 virtute

97 1959 277 2000 hostium
302 1974 378 1999 nec
401 1959 568 2014 ignavia
592 1959 770 2000 Romani
795 1959 1016 2008 exercitus,
1050 1960 1122 2000 sed
1154 1960 1358 2001 discordia
1382 1960 1456 2001 im-

98 2027 331 2075 peratorum
356 2028 525 2075 accepta
556 2021 625 2071 sit,
663 2021 881 2063 Veientem
912 2021 1072 2062 hostem
1106 2022 1269 2062 sexiens
1300 2022 1456 2063 victum

98 2083 387 2137 pertimescant
409 2083 673 2137 Fidenasque
704 2098 832 2139 prope
864 2084 1029 2138 saepius
1062 2095 1203 2139 captas
1229 2099 1354 2138 quam
1384 2099 1457 2139 op-

97 2151 315 2200 pugnatas.
364 2146 533 2187 eosdem
559 2153 599 2187 et
616 2146 828 2187 Romanos
854 2154 894 2187 et
918 2146 1058 2187 hostes
1085 2161 1189 2196 esse,
1216 2147 1287 2200 qui
1305 2161 1378 2201 per
1396 2153 1456 2188 tot

100 2207 265 2248 saecula
295 2207 463 2258 fuerint,
502 2208 669 2249 eosdem
699 2208 878 2258 animos,
917 2209 1084 2250 easdem
1116 2209 1297 2263 corporis
1334 2209 1455 2258 vires,

99 2268 243 2309 eadem
269 2284 382 2310 arma
405 2284 546 2325 gerere
555 2286 566 2320 ;
598 2285 642 2311 se
667 2285 830 2324 quoque
857 2271 1033 2311 eundem
1059 2271 1298 2311 dictatorem
1323 2269 1453 2311 Mam.

101 2329 326 2371 Aemilium
357 2345 467 2381 esse,
505 2332 576 2386 qui
605 2343 725 2373 antea
750 2331 983 2373 Veientium
1009 2332 1354 2386 Fidenatiumque
1384 2332 1457 2374 ad-

101 2391 247 2433 iunctis
272 2392 446 2434 Faliscis
472 2394 524 2434 ad
547 2393 799 2435 Nomentum
823 2394 1028 2435 exercitus
1053 2393 1221 2444 fuderit,
1260 2402 1300 2435 et
1324 2395 1456 2450 magi-

101 2460 231 2494 strum
261 2454 445 2508 equitum
475 2455 529 2496 A.
564 2455 802 2497 Cornelium
833 2456 1011 2497 eundem
1040 2456 1083 2497 in
1118 2456 1205 2497 acie
1241 2456 1348 2506 fore,
1385 2457 1456 2511 qui

99 2516 233 2571 priore
258 2517 366 2559 bello
390 2518 578 2559 tribunus
597 2518 774 2559 militum
793 2519 921 2560 Larte
942 2518 1161 2560 Tolumnio
1186 2533 1283 2574 rege
1302 2518 1457 2560 Veien-

101 2578 201 2619 tium
227 2579 269 2619 in
289 2587 512 2635 conspectu
532 2581 706 2622 duorum
726 2581 979 2622 exercituum
1001 2581 1137 2623 occiso
1163 2581 1295 2636 spolia
1317 2581 1454 2636 opima

1483 1850 1500 1879 [Ο

100 2639 212 2682 Iovis
237 2641 410 2683 Feretrii
435 2643 587 2698 templo
616 2642 810 2683 intulerit.
858 2642 1030 2697 proinde
1060 2657 1280 2692 memores,
1314 2657 1454 2684 secum
1482 2658 1500 2687 5

101 2702 344 2758 triumphos,
372 2719 512 2746 secum
533 2705 676 2758 spolia,
705 2719 846 2746 secum
859 2704 1071 2746 victoriam
1091 2719 1195 2751 esse,
1222 2719 1315 2746 eum
1328 2704 1456 2748 hosti-
