1780 3204
420 243 574 278 LIBER
597 242 727 287 vnn,
746 242 779 278 4.
793 242 824 277 5.
852 245 901 287 [a.
917 241 1051 287 C.321]
1325 232 1409 274 445

58 348 236 404 gemitus
273 348 456 390 omnium
494 347 630 389 subito
667 353 833 388 exortus
872 353 935 388 est
975 352 1169 401 tantaque
1203 346 1410 388 maestitia

58 410 242 459 incessit,
269 417 314 450 ut
338 425 420 451 non
445 409 612 465 gravius
639 409 845 464 accepturi
869 409 1115 458 viderentur,
1143 409 1178 450 si
1202 409 1410 449 nuntiare-

59 480 136 522 tur,
168 472 357 514 omnibus
383 487 431 514 eo
455 472 545 513 loco
570 479 743 512 mortem
768 472 1040 526 oppetendam
1066 486 1169 512 esse.
1220 486 1314 512 cum
1339 471 1409 511 diu
1437 484 1454 512 7

60 535 266 575 silentium
296 534 443 575 fuisset
471 548 548 575 nec
578 533 767 575 consules
799 539 869 574 aut
897 548 971 588 pro
1001 533 1167 574 foedere
1192 539 1276 574 tam
1300 533 1409 587 turpi

60 604 131 638 aut
162 604 302 638 contra
332 597 478 638 foedus
509 603 593 637 tam
623 596 902 637 necessarium
925 596 1082 637 hiscere
1107 602 1294 651 possent,
1321 603 1409 636 tum

58 660 112 700 L.
138 659 362 708 Lentulus,
395 659 465 713 qui
496 665 583 699 tum
611 659 802 713 princeps
838 658 1067 713 legatorum
1102 658 1250 699 xirtute
1286 664 1409 711 atque

59 721 282 762 honoribus
314 728 422 762 erat:
461 725 636 775 ‘patrem
667 720 837 769 meum,'
866 720 998 773 inquit
1031 721 1257 770 ‘consules,
1284 734 1407 775 saepe
1434 730 1453 760 8

60 783 198 823 audivi
217 789 525 832 memorantem,
542 797 584 824 se
603 783 645 823 in
660 782 865 837 Capitolio
885 798 1011 823 unum
1030 798 1113 823 non
1126 783 1255 824 fuisse
1270 789 1409 824 aucto-

59 860 146 886 rem
172 846 332 886 senatui
350 846 611 886 redimendae
631 860 729 886 auro
749 861 773 886 a
788 843 919 886 Gallis
941 846 1129 895 civitatis,
1150 846 1314 899 quando
1332 860 1409 886 nec

59 906 176 948 fossa
206 907 395 960 valloque
427 907 478 948 ab
508 907 778 962 ignavissimo
814 907 867 948 ad
903 922 1026 962 opera
1064 922 1112 948 ae
1141 908 1410 949 muniendum

57 968 175 1009 hoste
201 968 331 1010 clausi
356 975 493 1011 essent
518 977 556 1010 et
581 984 811 1024 erumpere,
845 970 879 1010 si
903 984 985 1010 non
1010 970 1097 1010 sine
1122 985 1274 1025 magno
1304 969 1411 1024 peri-

58 1030 169 1080 culo,
202 1038 339 1072 tamen
370 1031 456 1072 sine
487 1038 597 1072 certa
625 1031 804 1086 pernicie
834 1037 1015 1086 possent.
1065 1032 1175 1084 quod
1201 1032 1235 1072 si
1259 1032 1339 1072 illis
1364 1037 1409 1072 ut
1437 1035 1454 1065 9

57 1093 272 1134 decurrere
292 1108 343 1134 ex
358 1093 562 1148 Capitolio
588 1093 752 1135 armatis
777 1093 820 1133 in
843 1093 1004 1134 hostem
1028 1093 1153 1142 licuit,
1180 1108 1261 1146 quo
1287 1107 1411 1147 saepe

55 1155 180 1196 modo
206 1155 367 1196 obsessi
389 1156 433 1196 in
452 1155 687 1196 obsidentes
713 1161 943 1209 eruperunt,
963 1155 1020 1195 ita
1043 1154 1162 1195 nobis
1188 1169 1320 1208 aequo
1339 1161 1410 1195 aut

55 1217 195 1270 iniquo
214 1217 304 1258 loco
324 1217 544 1257 dimicandi
568 1217 851 1257 tantummodo
876 1231 970 1257 cum
998 1216 1118 1257 hoste
1144 1216 1262 1271 copia
1287 1222 1408 1265 esset,

54 1293 137 1320 non
161 1279 261 1319 mihi
290 1280 449 1333 paterni
475 1279 601 1320 animi
624 1278 782 1319 indoles
807 1279 851 1319 in
876 1278 1046 1319 consilio
1071 1279 1206 1319 dando
1232 1278 1406 1319 deesset.

57 1342 247 1394 equidem
273 1347 445 1382 mortem
475 1356 550 1396 pro
575 1341 706 1395 patria
730 1341 982 1395 praeclaram
1008 1355 1099 1382 esse
1125 1341 1256 1382 fateor
1280 1347 1319 1382 et
1343 1354 1409 1381 me
1438 1351 1479 1380 10

56 1402 122 1444 vel
158 1403 361 1444 devovere
395 1417 469 1458 pro
505 1403 658 1457 populo
689 1402 879 1444 Romano
915 1403 1231 1458 legionibusque
1267 1402 1333 1443 vel
1368 1402 1412 1442 in

54 1465 211 1506 medios
237 1479 302 1506 me
328 1465 532 1506 inmittere
556 1465 696 1506 hostes
721 1472 889 1520 paratus
917 1481 1027 1507 sum:
1055 1466 1128 1507 sed
1152 1466 1217 1506 hic
1236 1465 1411 1520 patriam
1439 1476 1477 1505 11

54 1527 192 1576 video,
219 1527 285 1568 hic
310 1527 512 1581 quidquid
535 1527 819 1568 Romanarum
844 1528 1053 1583 legionum
1079 1534 1152 1569 est.
1202 1542 1307 1581 quae
1331 1527 1411 1567 nisi

51 1605 125 1646 pro
157 1605 200 1632 se
229 1591 330 1646 ipsis
363 1592 415 1632 ad
445 1598 618 1632 mortem
648 1606 765 1631 ruere
795 1591 955 1640 volunt,
988 1591 1087 1644 quid
1117 1589 1269 1630 habent
1298 1588 1411 1642 quod

52 1659 181 1694 morte
219 1668 294 1694 sua
331 1653 524 1694 servent?
572 1659 679 1694 tecta
714 1652 847 1701 urbis,
885 1652 994 1693 dicat
1025 1652 1190 1705 aliquis,
1229 1657 1269 1692 et
1298 1664 1409 1691 moe·
1437 1661 1476 1690 12

51 1715 120 1756 nia
150 1722 190 1756 et
221 1729 312 1756 eam
343 1715 504 1756 turbam
514 1746 524 1764 ,
557 1731 581 1756 a
605 1729 687 1768 qua
710 1714 809 1756 urbs
840 1715 1042 1755 incolitur.
1091 1715 1217 1754 immo
1242 1713 1407 1754 hercule

51 1777 279 1832 produntur
311 1791 359 1817 ea
390 1777 527 1817 onmia
558 1778 692 1818 deleto
722 1777 802 1818 hoc
833 1777 1031 1826 exercitu,
1067 1791 1149 1818 non
1181 1783 1406 1817 servantur.

52 1839 144 1892 quis
166 1838 274 1879 enim
294 1853 342 1879 ea
362 1838 564 1879 tuebitur?
587 1838 749 1880 inbellis
770 1838 959 1879 videlicet
978 1845 1099 1891 atque
1119 1838 1284 1879 inermis
1305 1838 1410 1878 mul-

53 1900 197 1941 titudo.
248 1906 333 1940 tam
362 1899 528 1941 hercule
559 1914 682 1953 quam
714 1915 738 1941 a
770 1898 984 1941 Gallorum
1020 1901 1177 1955 impetu
1212 1899 1407 1941 defendit.
1439 1908 1476 1937 13

52 1978 104 2002 an
137 1977 161 2002 a
193 1961 309 2002 Veiis
346 1962 569 2002 exercitum
602 1961 904 2015 Camillumque
940 1962 1087 2003 ducem
1123 1962 1408 2017 inplorabunt'?

52 2024 119 2065 hic
143 2038 285 2064 omnes
312 2038 406 2078 spes
433 2038 614 2078 opesque
641 2031 746 2073 sunt,
768 2038 870 2077 quas
897 2024 1100 2065 servando
1124 2024 1298 2079 patriam
1324 2038 1408 2065 ser-
1435 2033 1476 2061 14

52 2101 212 2134 vamus‚
234 2085 421 2127 dedendo
441 2085 493 2126 ad
511 2100 654 2126 necem
673 2086 847 2140 patriam
867 2086 1095 2127 deserimus
1116 2101 1164 2127 ao
1181 2086 1406 2141 prodimus,

54 2153 96 2188 at
119 2147 242 2188 foeda
267 2154 389 2201 atque
414 2148 690 2203 ignominiosa
715 2148 867 2189 deditio
893 2155 966 2189 est.
1005 2149 1078 2190 sed
1097 2163 1145 2190 ea
1164 2149 1310 2190 caritas
1335 2163 1407 2203 pa-
1435 2157 1474 2187 15

52 2209 154 2250 triae
186 2215 266 2258 est,
299 2216 343 2250 ut
373 2216 457 2250 tam
486 2210 711 2265 ignominia
742 2225 832 2251 eam
864 2225 987 2264 quam
1023 2218 1152 2251 morte
1182 2217 1339 2260 nostra,
1372 2211 1408 2252 si

53 2286 156 2325 opus
184 2271 246 2320 sit,
275 2286 498 2313 servemus.
538 2271 734 2313 subeatur
758 2287 856 2328 ergo
880 2273 963 2314 ista
987 2280 1319 2327 quantacumque
1345 2279 1407 2314 est
1434 2281 1473 2311 16

51 2333 274 2387 indignitas
296 2339 335 2373 et
359 2340 550 2387 pareatur
573 2335 820 2384 necessitati,
841 2349 965 2388 quam
990 2350 1041 2376 ne
1067 2335 1123 2375 dii
1147 2335 1314 2388 quidem
1339 2350 1407 2376 su-

51 2400 208 2448 perant.
245 2394 312 2444 ite,
334 2395 536 2445 consules,
563 2396 748 2437 redimite
774 2397 896 2439 armis
923 2397 1142 2447 civitatem,
1163 2411 1287 2451 quam
1306 2412 1406 2438 auro

52 2456 227 2497 maiores
253 2457 378 2497 vestri
401 2457 687 2499 redemerunt.'

138 2517 191 2559 V.
225 2517 430 2560 Consules
456 2519 630 2574 profecti
655 2520 707 2561 ad
726 2520 922 2562 Pontium
947 2521 990 2562 in
1015 2522 1290 2575 conloquium,
1312 2536 1405 2563 cum
1433 2532 1447 2560 1

53 2579 104 2620 de
122 2579 287 2621 foedere
306 2581 436 2622 victor
459 2582 643 2637 agitaret,
671 2589 884 2637 negarunt,
910 2583 1070 2625 iniussu
1093 2585 1234 2639 populi
1259 2584 1405 2626 foedus

53 2641 140 2682 fieri
165 2657 287 2697 posse
312 2657 388 2684 nec
414 2643 500 2684 sine
525 2644 733 2686 fetialibus
760 2645 1086 2700 caerimoniaque
1106 2647 1186 2688 alia
1205 2646 1403 2688 sollemni.

53 2704 190 2758 itaque
221 2720 321 2756 non,
353 2712 398 2747 ut
429 2706 555 2762 vulgo
586 2707 755 2748 credunt
783 2707 1064 2763 Claudiusque
1096 2709 1218 2751 ctiam
1250 2709 1402 2759 scribit,
1430 2716 1448 2746 2
