1835 3226
282 452 301 481 8

283 700 299 728 9

262 885 299 913 10

260 1194 294 1222 11

277 1693 294 1720 tc

332 267 412 308 184
616 274 769 308 L1BER
788 275 861 317 111,
889 273 942 308 63.
966 274 1019 308 64.
1048 276 1096 317 [a.
1111 285 1144 308 u.
1159 285 1187 308 c.
1201 275 1396 319 305-307]

327 378 408 419 iam
445 385 530 418 tum
562 376 803 431 Apollinare
841 376 1100 431 appellabant
1134 402 1186 406 —
1219 391 1443 418 avocavere
1482 385 1678 421 senatum.

327 439 397 479 ubi
433 453 525 479 cum
561 438 718 492 ingenti
754 452 958 479 consensu
993 445 1155 492 patrum
1191 445 1410 494 negaretur
1439 440 1680 495 triumphus,

327 502 378 540 L.
404 500 544 541 Icilius
576 500 764 541 tribunus
795 500 927 554 plebis
959 500 1050 540 tulit
1081 501 1133 541 ad
1163 501 1363 556 populum
1394 501 1445 542 de
1476 502 1682 556 triumpho

326 561 559 611 consulum,
608 561 748 602 multis
786 562 1022 603 dissuasum
1057 563 1373 616 prodeuntibus,
1417 563 1595 604 maxime
1633 563 1682 605 C.

328 623 503 664 Claudio
528 624 797 666 vociferante:
825 625 876 664 de
900 624 1085 678 patribus
1112 639 1192 665 non
1213 625 1263 665 de
1283 625 1471 666 hostibus
1493 625 1682 666 consules

327 685 577 741 triumphare
602 686 726 736 velle,
758 686 1014 741 gratiamque
1039 701 1113 741 pro
1138 687 1296 741 privato
1321 687 1465 728 merito
1490 687 1532 728 in
1557 687 1683 729 tribu-

325 762 442 796 num,
479 763 562 789 non
591 763 665 803 pro
696 747 845 789 virtute
876 748 1073 789 honorem
1104 749 1200 804 peti.
1250 764 1476 802 numquam
1508 756 1601 790 ante
1632 750 1682 791 de

325 809 531 864 triumpho
561 825 635 865 per
663 811 862 865 populum
893 817 1049 861 actum,
1082 826 1243 866 semper
1268 812 1595 853 aestimationem
1621 827 1683 853 ar-

324 870 571 926 bitriumque
603 873 690 914 eius
721 873 887 914 honoris
919 888 1045 928 penes
1078 880 1266 915 senatum
1296 874 1438 915 fuisse.
1487 888 1539 915 ne
1563 888 1682 930 reges

324 933 489 986 quidem
526 935 783 976 maiestatem
829 935 979 976 summi
1023 936 1176 977 ordinis
1219 936 1475 977 inminuisse.
1535 951 1586 976 ne
1627 936 1684 977 ita

324 996 462 1037 omnia
486 997 637 1038 tribuni
661 998 878 1053 potestatis
915 1012 1014 1039 suae
1045 998 1263 1052 inplerent,
1297 1005 1341 1038 ut
1365 998 1523 1038 nullum
1549 998 1683 1052 publi-

324 1071 417 1098 cum
443 1060 658 1100 consilium
685 1060 863 1101 sinerent
882 1074 987 1101 esse.
1024 1060 1082 1100 ita
1100 1060 1266 1101 demum
1285 1060 1455 1101 liberam
1477 1060 1681 1101 civitatem

324 1118 430 1170 fore,
461 1121 518 1161 ita
543 1129 737 1176 aequatas
763 1122 896 1177 leges,
930 1123 964 1163 si
991 1138 1065 1163 sua
1090 1122 1263 1176 quisque
1294 1123 1383 1163 iura
1413 1122 1532 1172 ordo,
1566 1137 1681 1163 suam

326 1181 582 1223 maiestatem
603 1190 750 1224 teneat.
789 1184 831 1224 in
851 1185 1023 1224 eandem
1049 1185 1292 1225 sententiam
1318 1184 1447 1225 multa
1473 1191 1512 1225 et
1537 1184 1681 1225 ceteris

324 1244 552 1286 senioribus
577 1252 738 1300 patrum
765 1260 859 1286 cum
885 1253 1023 1287 essent
1042 1246 1168 1295 dicta,
1196 1261 1337 1288 omncs
1359 1246 1488 1288 tribus
1509 1261 1598 1287 eam
1618 1261 1680 1287 ro-

322 1306 529 1360 gationem
560 1315 815 1362 acceperunt.
865 1315 952 1348 tum
982 1308 1159 1362 primum
1186 1309 1272 1350 sine
1298 1309 1536 1350 auctoritate
1564 1322 1680 1349 sena-

322 1378 387 1411 tus
412 1371 552 1424 populi
575 1371 692 1411 iussu
717 1370 1013 1425 triumphatum
1039 1378 1113 1411 cst.

406 1432 601 1473 LXIIII.
639 1432 758 1473 Haec
777 1433 947 1473 victoria
966 1432 1221 1474 tribunorum
1247 1433 1461 1488 plebisque
1487 1447 1613 1488 prope
1638 1433 1679 1473 in

321 1493 432 1534 haud
457 1493 663 1535 salubrem
688 1495 892 1535 luxuriam
911 1495 1032 1535 vertit
1051 1495 1351 1549 conspiratione
1371 1496 1475 1536 inter
1494 1495 1677 1536 tribunos

322 1555 450 1605 saeta,
483 1563 527 1596 ut
550 1556 661 1597 idem
688 1556 839 1597 tribuni
863 1556 1125 1597 reficerentur
1151 1564 1206 1606 ct,
1239 1572 1321 1611 quo
1348 1573 1422 1598 sua
1446 1557 1583 1598 minus
1610 1571 1679 1597 cu-

321 1617 471 1671 piditas
502 1618 716 1667 emineret,
754 1618 993 1659 consulibus
1030 1633 1193 1672 quoque
1230 1619 1512 1660 continuarent
1548 1619 1678 1674 magi-

323 1685 507 1720 stratum.
558 1694 806 1721 consensum
832 1687 994 1734 patrum
1020 1680 1307 1731 causabantur,
1339 1696 1420 1734 quo
1440 1696 1512 1736 per
1537 1688 1679 1722 contu-

320 1741 483 1782 meliam
504 1742 719 1782 consulum
739 1742 827 1782 iura
840 1742 971 1796 plebis
985 1742 1189 1783 labefacta
1208 1750 1357 1783 essent.
1384 1744 1481 1797 quid
1497 1743 1678 1784 futurum

321 1804 502 1844 nondum
532 1804 704 1845 firmatis
734 1804 916 1859 legibus,
955 1805 989 1845 si
1018 1819 1149 1846 novos
1181 1804 1365 1846 tribunos
1391 1820 1464 1860 per
1488 1805 1678 1846 factionis

322 1881 417 1907 suas
455 1866 645 1908 consules
682 1866 814 1907 adorti
845 1867 1009 1920 essent?
1043 1882 1127 1908 non
1157 1867 1265 1908 enim
1297 1882 1459 1921 semper
1488 1866 1678 1908 Valerios

320 1928 600 1982 Horatiosque
633 1928 822 1970 consules
854 1928 961 1979 fore,
994 1929 1065 1983 qui
1094 1928 1272 1971 libertati
1296 1929 1428 1984 plebis
1456 1944 1552 1971 suas
1578 1943 1677 1983 opes

319 1990 580 2045 postferrent.

403 2053 528 2094 Forte
564 2054 743 2107 quadam
779 2054 868 2095 utili
905 2055 958 2095 ad
994 2061 1156 2109 tempus
1187 2062 1232 2096 ut
1263 2055 1437 2096 comitiis
1467 2060 1678 2110 praeesset

317 2115 577 2170 potissimum
607 2115 668 2157 M.
699 2116 858 2158 Duillio
890 2123 996 2158 sorte
1028 2117 1181 2167 evenit,
1219 2117 1306 2158 viro
1336 2117 1526 2172 prudenti
1557 2123 1597 2158 et
1627 2131 1677 2157 ex

319 2178 622 2220 continuatione
652 2179 918 2234 magistratus
948 2179 1146 2220 invidiam
1175 2179 1442 2220 inminentem
1481 2178 1673 2220 cernenti.

320 2240 390 2294 qui
420 2254 514 2281 cum
546 2255 596 2281 ex
626 2240 834 2282 veteribus
866 2241 1040 2282 tribunis
1066 2248 1236 2297 negaret
1261 2256 1305 2283 se
1329 2242 1452 2283 ullius
1477 2241 1677 2282 rationem

319 2302 573 2352 habiturum,
610 2310 923 2358 pugnarentque
960 2303 1161 2359 collegae,
1201 2309 1245 2344 ut
1280 2303 1430 2345 liberas
1468 2303 1597 2344 tribus
1634 2302 1676 2343 in

322 2365 564 2419 suffragium
589 2365 766 2406 mitteret
791 2374 861 2406 aut
886 2365 1127 2406 concederet
1146 2371 1298 2407 sortem
1318 2365 1575 2406 comitiorum
1595 2363 1677 2405 col-

319 2427 423 2481 legis
454 2426 654 2468 habituris
687 2442 709 2469 e
739 2427 831 2483 lege
861 2428 997 2483 potius
1030 2427 1194 2469 comitia
1229 2442 1352 2481 quam
1384 2442 1436 2468 ex
1465 2427 1676 2468 voluntate

321 2496 499 2543 patrum,
526 2489 675 2531 iniecta
699 2491 958 2531 contentione
976 2489 1160 2532 Duillius
1186 2490 1376 2531 consules
1403 2490 1454 2531 ad
1481 2489 1677 2530 subsellia

319 2551 469 2592 accitos
503 2566 596 2592 cum
627 2552 938 2608 interrogasset,
977 2552 1076 2605 quid
1107 2552 1157 2593 de
1188 2552 1362 2594 comitiis
1389 2550 1671 2593 consularibus

318 2613 359 2652 in
385 2613 520 2655 animo
551 2614 766 2664 haberent,
797 2614 1209 2669 respondissentque,
1249 2629 1293 2655 se
1323 2629 1451 2655 novos
1483 2612 1671 2654 consules

320 2681 545 2724 creaturos,
583 2683 769 2717 auctores
800 2676 1019 2731 populares
1057 2676 1282 2717 sententiae
1318 2676 1429 2716 haud
1464 2672 1670 2729 popularis

278 2749 292 2775 τ
320 2742 481 2785 nactus,
507 2737 548 2776 in
574 2739 803 2779 contionem
831 2754 923 2779 eum
950 2739 998 2780 iis
1025 2738 1235 2793 processit.
1276 2737 1344 2778 ubi
1365 2752 1456 2778 eum
1483 2733 1669 2776 consules
