1835 3226
330 243 409 283 14o
669 247 822 282 Lissssss
847 247 921 290 111,
950 248 1001 280 m.
1020 248 1071 281 17.
1099 249 1338 291 [amem]

285 371 300 396 2
330 354 576 395 Sabinorum
608 351 648 390 id
680 350 895 391 consilium
929 358 1040 390 essct
1071 350 1213 390 timere
1240 357 1297 399 et,
1337 365 1430 391 cum
1462 359 1617 393 tantum
1646 354 1684 393 in

325 415 424 455 urbe
456 414 636 454 hostium
668 419 795 461 esset,
834 427 931 452 mox
965 410 1145 453 Sabinae
1175 412 1463 466 Etruscaeque
1498 413 1684 468 legiones

325 492 375 517 cx
401 475 627 529 composito
653 475 858 524 adessent,
886 481 972 515 tum
998 475 1152 515 aeterni
1177 474 1338 524 hostes,
1364 474 1511 516 Volsci
1536 484 1576 516 et
1600 476 1685 517 Ae-

323 538 410 591 qui,
437 552 518 578 non
544 537 597 577 ad
621 536 899 591 populandos,
927 543 971 577 ut
997 543 1108 586 ante,
1142 536 1263 586 fines,
1297 537 1369 577 sed
1395 537 1447 577 ad
1472 537 1617 579 urbem
1642 549 1685 578 ut

279 618 296 642 0·
324 614 375 640 cx
398 605 512 653 parte
539 605 719 653 captam,
758 598 955 638 venirent.
1005 598 1123 639 multi
1155 605 1193 639 et
1220 599 1321 639 varii
1353 599 1532 640 timores.
1581 599 1686 640 inter

324 669 479 702 ceteros
500 660 706 702 eminebat
726 667 854 701 terror
874 660 1046 710 servilis,
1073 676 1124 701 ne
1146 676 1245 701 suus
1268 661 1415 714 cuique
1429 661 1541 702 domi
1554 661 1684 703 hostis

323 729 450 772 esset,
478 723 543 763 cui
568 737 645 763 nec
670 722 835 763 credere
860 737 938 763 nec
962 737 1044 763 non
1069 723 1292 773 credendo,
1326 738 1378 764 ne
1403 723 1590 764 infestior
1613 724 1685 765 fic-

279 800 294 827 Δι
322 791 400 833 ret,
438 784 563 825 fidem
589 783 807 839 abrogare,
847 784 946 825 satis
979 791 1065 825 erat
1094 791 1240 826 tutum.
1291 785 1442 838 vixque
1467 786 1686 826 concordia

322 847 411 887 sisti
435 846 652 887 videbatur
682 861 818 901 posse.
871 852 1029 887 tantum
1064 846 1355 902 superantibus
1387 847 1476 888 aliis
1508 861 1556 888 ac
1580 861 1685 888 mer-

321 907 514 964 gentibus
539 908 658 949 malis
684 922 806 949 nemo
830 907 1015 949 tribunos
1047 915 1118 949 aut
1148 908 1311 963 plebem
1344 909 1532 950 timebat:
1569 925 1684 950 man-

322 977 484 1011 suetum
508 970 551 1010 id
574 970 729 1010 malum
760 977 800 1011 et
828 985 902 1025 per
932 970 1105 1012 aliorum
1136 971 1317 1024 quietem
1347 971 1549 1012 malorum
1575 986 1682 1012 sem-

321 1046 393 1086 per
418 1032 605 1072 exoriens
632 1039 801 1085 tumque
827 1047 919 1073 esse
943 1033 1161 1087 peregrino
1187 1038 1339 1073 terrore
1365 1033 1545 1087 sopitum
1570 1033 1684 1073 vide-

277 1110 295 1137 ς)
325 1094 454 1136 batur.
516 1101 557 1133 at
598 1093 640 1133 id
684 1108 811 1148 prope
836 1109 963 1134 unum
988 1094 1166 1135 maxime
1192 1094 1396 1135 inclinatis
1421 1094 1544 1136 rebus
1569 1094 1683 1135 ineu-

321 1154 421 1197 buit.
471 1162 608 1197 tantus
640 1157 748 1196 enim
780 1155 965 1197 tribunos
997 1156 1111 1197 furor
1142 1157 1289 1205 tenuit,
1328 1164 1372 1196 ut
1401 1171 1485 1197 non
1514 1156 1681 1206 bellum,

322 1219 395 1259 sed
426 1233 575 1259 vanam
605 1219 827 1273 imaginem
863 1218 959 1259 belli
990 1219 1043 1259 ad
1080 1220 1323 1260 avertendos
1361 1219 1412 1260 ab
1449 1220 1553 1274 legis
1585 1234 1682 1260 cura

321 1281 452 1335 plebis
479 1282 636 1322 animos
658 1281 906 1335 Capitolium
933 1282 1134 1322 insedisse
1156 1282 1447 1322 contenderent
1456 1298 1466 1331 3
1492 1282 1682 1336 patricio-

322 1358 411 1383 rum
443 1342 626 1397 hospites
657 1343 927 1396 clientesque,
967 1343 1001 1384 si
1033 1343 1190 1397 perlata
1219 1343 1309 1398 lege
1342 1343 1494 1384 frustra
1530 1343 1681 1384 tumul-

323 1412 455 1447 tuatos
481 1420 573 1446 esse
599 1420 642 1446 se
669 1406 856 1454 sentiant,
884 1406 1036 1446 maiore
1062 1420 1185 1459 quam
1206 1407 1391 1446 venerint
1411 1406 1574 1447 silentio
1594 1406 1680 1447 abi—

279 1481 296 1507 «ι
323 1474 448 1508 turos.
498 1467 715 1508 concilium
740 1468 835 1508 inde
860 1467 942 1522 legi
972 1468 1240 1522 perferendae
1271 1467 1440 1517 habere,
1478 1468 1679 1509 advocato

319 1529 472 1583 populo
498 1529 549 1570 ab
575 1530 711 1570 armis.
762 1536 948 1570 senatum
979 1529 1142 1570 interim
1173 1530 1362 1571 consules
1388 1529 1559 1580 habent,
1598 1530 1676 1570 alio

321 1605 364 1631 se
395 1591 549 1632 maiore
582 1591 633 1632 ab
666 1591 839 1632 tribunis
866 1598 977 1632 metu
1009 1592 1249 1633 ostendente
1281 1607 1403 1645 quam
1435 1607 1558 1646 quem
1583 1607 1679 1633 noc-

319 1658 462 1692 turnus
488 1652 619 1693 hostis
645 1653 849 1694 intulerat.

279 1729 286 1755 1
401 1713 550 1754 XVII.
599 1713 829 1768 Postquam
854 1730 968 1755 arma
992 1715 1089 1769 poni
1115 1722 1154 1755 et
1179 1715 1389 1756 discedere
1414 1715 1600 1756 homines
1627 1716 1677 1756 ab

319 1775 562 1817 stationibus
594 1777 824 1816 nuntiatum
857 1784 936 1826 est,
975 1776 1023 1817 P.
1051 1776 1242 1818 Valerius
1300 1777 1459 1831 collega
1492 1782 1678 1818 senatum

316 1838 515 1878 retinente
563 1852 606 1879 se
632 1852 684 1878 ex
709 1838 821 1878 curia
845 1838 1033 1892 proripit,
1065 1838 1159 1879 inde
1184 1839 1226 1878 in
1251 1838 1449 1893 templum
1475 1838 1527 1878 ad
1553 1838 1679 1879 tribu-

273 1914 290 1940 2
317 1914 390 1940 nos
417 1899 540 1940 venit.
581 1900 701 1953 ‘quid
726 1899 803 1940 hoc
828 1900 887 1940 rei
912 1900 1000 1949 est,'
1025 1900 1158 1953 inquit
1185 1900 1381 1941 ‘tribuni?
1416 1899 1546 1954 Appii
1570 1899 1678 1940 Her-

315 1961 426 2002 (lonii
452 1961 578 2002 ductu
603 1968 643 2002 et
667 1962 850 2016 auspicio
875 1977 962 2002 rem
987 1961 1196 2016 publicam
1222 1962 1404 2003 eversuri
1434 1962 1558 2003 estis?
1595 1968 1677 2002 tam

315 2023 415 2064 felix
445 2023 563 2065 vobis
596 2024 906 2078 corrumpendis
933 2024 1029 2073 fuit,
1062 2025 1133 2077 qui
1158 2024 1324 2065 servitia
1349 2039 1431 2065 non
1457 2024 1676 2065 commovit

315 2086 479 2126 auctor?
521 2101 614 2126 cum
646 2086 785 2128 hostes
818 2101 943 2141 supra
973 2093 1097 2141 caput
1127 2087 1225 2135 sint,
1269 2086 1426 2127 discedi
1462 2085 1514 2126 ab
1552 2085 1676 2126 armis

271 2163 287 2187 :3
315 2147 510 2202 legesque
524 2148 620 2188 ferri
634 2148 810 2202 placet?
840 2149 936 2189 inde
950 2149 1003 2189 ad
1016 2148 1321 2188 multitudinem
1335 2148 1518 2188 oratione
1536 2161 1674 2187 versa:

315 2209 369 2249 ‘si
393 2224 468 2250 vos
493 2209 628 2259 urbis,
657 2209 858 2262 Quirites,
887 2210 922 2251 si
947 2209 1073 2251 vestri
1097 2209 1210 2250 nulla
1235 2224 1332 2250 cura
1358 2209 1506 2263 tangit,
1534 2215 1575 2250 at
1600 2223 1673 2248 vos

314 2272 511 2312 veremini
535 2271 634 2313 deos
660 2280 819 2312 vestros
851 2271 903 2312 ab
934 2271 1123 2312 hostibus
1156 2277 1310 2325 captos.
1360 2270 1547 2325 Iuppiter
1571 2270 1671 2324 opti-

315 2348 404 2374 mus
430 2334 655 2383 maximus,
692 2333 799 2375 Iuno
824 2334 968 2388 regina
993 2339 1033 2374 et
1056 2333 1266 2382 Minerva,
1305 2332 1371 2373 alii
1405 2333 1461 2372 dii
1491 2332 1674 2384 deaeque

314 2395 564 2436 obsidentur.
614 2402 748 2437 castra
773 2410 985 2436 servorum
1010 2395 1199 2450 publicos
1230 2401 1389 2435 vestros
1421 2400 1590 2448 penates
1617 2399 1674 2433 te-

270 2470 286 2497 4
314 2464 422 2498 nent.
471 2457 574 2498 haec
605 2457 723 2499 vobis
754 2457 888 2499 forma
919 2473 1042 2499 sanae
1080 2457 1255 2498 civitatis
1292 2457 1479 2497 videtur?
1515 2462 1672 2496 tantum

313 2518 490 2559 hostium
515 2534 597 2560 non
623 2520 756 2560 solum
781 2520 887 2560 intra
912 2534 1051 2560 muros
1077 2526 1152 2568 est,
1180 2519 1253 2560 sed
1277 2519 1318 2559 in
1344 2533 1436 2559 arce
1463 2533 1587 2572 supra
1611 2517 1671 2557 fo-

313 2595 402 2620 rum
428 2581 684 2635 curiamque3
722 2582 886 2623 comitia
910 2582 1072 2622 interim
1097 2582 1139 2621 in
1164 2581 1254 2622 foro
1287 2586 1400 2629 sunt,
1439 2586 1605 2620 senatus
1631 2578 1670 2618 in

314 2642 424 2683 curia
454 2649 536 2691 cst,
573 2643 686 2683 velut
717 2658 811 2683 cum
848 2643 977 2684 otium
1009 2650 1193 2697 superat,
1233 2650 1396 2684 senator
1427 2639 1667 2682 sententiam

271 2715 286 2742 s
314 2701 426 2750 dicit,
466 2703 533 2743 alii
560 2703 742 2755 Quirites
770 2705 1014 2759 suffragium
1040 2705 1193 2745 ineunt.
1243 2719 1342 2752 non,
1376 2700 1574 2756 quidquid
1598 2714 1668 2753 pa-
