1780 3204
447 245 600 280 LIBER
625 246 719 290 1111,
748 246 871 280 1314.
900 249 948 290 [a.
963 245 1001 280 C.
1015 246 1092 280 440.
1105 246 1188 289 439]
1419 236 1501 277 207

143 352 208 392 hic
227 350 438 391 Minucius
459 349 632 391 eandem
656 350 715 390 rei
732 349 921 404 publicae
941 349 1192 390 curationem
1212 363 1352 405 agens,
1379 362 1502 402 quam

142 412 322 454 Maelius
335 411 526 467 privatim
541 411 746 466 agendam
760 418 1007 466 susceperat,
1034 426 1127 452 cum
1140 411 1183 451 in
1196 417 1367 464 utraque
1381 411 1503 452 domo

142 489 273 530 genus
298 474 409 515 idem
432 473 646 514 hominum
670 480 914 522 versaretur,
940 487 1028 513 rem
1049 479 1285 527 conpertam
1311 472 1364 513 ad
1384 487 1502 513 sena-

143 546 229 577 tum
254 536 390 584 refert,
417 535 498 576 tela
522 535 565 575 in
589 535 757 576 domum
777 535 921 576 Maelii
947 534 1123 575 conferri
1148 549 1323 587 eumque
1349 534 1503 575 contio-

143 613 214 640 nes
241 598 352 639 domi
376 597 527 639 habere
554 611 601 638 ac
625 612 706 638 non
732 597 856 638 dubia
877 597 995 652 regni
1014 596 1184 638 consilia
1204 611 1314 646 esse;
1340 602 1502 651 tempus

143 660 328 715 agendae
353 660 413 700 rei
436 659 619 700 nondum
646 665 770 708 stare,
811 666 946 699 cetera
975 658 1058 699 iam
1090 658 1334 699 convenisse
1365 664 1404 698 et
1433 657 1504 698 tri-

144 721 276 762 bunos
309 721 496 762 mercede
528 727 688 775 emptos
721 721 773 761 ad
803 720 1057 774 prodendam
1086 719 1317 761 libertatem
1342 726 1382 760 et
1410 734 1504 775 par-

145 784 217 824 tita
241 783 415 824 ducibus
442 782 715 823 multitudinis
741 782 967 823 ministeria
992 796 1096 823 esse.
1147 782 1276 822 serius
1303 796 1347 822 se
1371 795 1503 836 paene

145 860 270 899 quam
295 852 427 885 tutum
452 844 591 894 fuerit,
624 859 675 885 ne
701 845 817 885 cuius
843 844 985 885 incerti
1011 844 1187 897 vanique
1212 850 1355 884 auctor
1379 849 1502 893 esset,

150 922 197 948 ca
223 907 395 948 deferre.

231 968 349 1021 Quae
364 976 584 1023 postquam
598 976 691 1009 sunt
706 968 844 1009 audita
859 975 898 1009 et
917 968 1097 1022 undique
1120 968 1319 1022 primores
1339 974 1503 1022 patrum

145 1044 182 1071 ct
208 1031 354 1085 prioris
379 1031 475 1071 anni
501 1030 689 1072 consules
715 1031 988 1084 increparent,
1022 1030 1133 1083 quod
1164 1044 1233 1070 eas
1264 1029 1503 1084 largitiones

146 1100 368 1146 coetusque
398 1092 531 1147 plebis
557 1093 599 1132 in
622 1093 783 1147 privata
808 1092 930 1132 domo
955 1092 1069 1145 passi
1088 1099 1228 1132 essent
1245 1091 1345 1140 ficri,
1373 1097 1413 1130 et
1431 1105 1504 1131 no-

147 1169 218 1195 vos
245 1154 448 1203 consules,
475 1154 587 1207 quod
605 1158 928 1207 exspectassent,
955 1153 1087 1193 donec
1107 1167 1131 1192 a
1148 1151 1358 1206 praefecto
1377 1165 1504 1191 anno-

147 1230 221 1256 nae
246 1222 360 1256 tanta
383 1230 448 1256 res
474 1215 526 1256 ad
552 1221 740 1255 senatum
765 1214 1009 1262 deferretur,
1047 1227 1153 1266 quac
1185 1212 1395 1253 consulem
1421 1227 1503 1253 non

146 1284 352 1318 auctorem
389 1276 522 1316 solum
559 1276 827 1324 desideraret,
872 1275 946 1316 sed
983 1274 1107 1315 etiam
1143 1274 1366 1315 vindicem:
1417 1282 1503 1314 tum
1557 1289 1567 1316 1

146 1338 364 1390 Quinctius
401 1338 590 1380 consules
622 1338 811 1378 inmerito
841 1338 1044 1392 increpari
1074 1337 1147 1386 ait,
1186 1337 1258 1390 qui
1294 1337 1502 1378 constricti

144 1399 305 1455 legibus
336 1400 387 1440 de
417 1400 708 1454 provocatione
740 1400 793 1440 ad
822 1399 1135 1441 dissolvendum
1167 1399 1384 1454 imperium
1410 1399 1502 1440 latis

144 1477 403 1516 nequaquam
427 1469 587 1503 tantum
611 1463 761 1503 virium
785 1462 828 1502 in
853 1462 1099 1518 magistratu
1124 1462 1176 1502 ad
1201 1476 1292 1502 eam
1316 1476 1403 1502 rem
1428 1476 1502 1516 pro

145 1525 354 1565 atrocitate
388 1524 697 1574 vindicandam,
735 1530 935 1577 quantum
972 1524 1098 1564 animi
1133 1522 1343 1564 haberent.
1400 1538 1504 1578 opus

145 1601 236 1629 esse
265 1602 348 1628 non
378 1587 474 1628 forti
505 1587 639 1628 solum
670 1587 775 1636 viro,
814 1586 888 1628 sed
918 1586 1041 1627 etiam
1071 1585 1199 1626 libero
1237 1585 1505 1638 exsolutoque

146 1649 283 1705 legum
296 1649 454 1690 vinclis.
485 1649 623 1702 itaque
645 1663 687 1689 se
702 1648 944 1689 dictatorem
956 1647 1010 1688 L.
1026 1646 1267 1700 Quinctium
1287 1647 1504 1696 dicturum,

147 1711 205 1753 ibi
239 1711 421 1752 animum
456 1725 598 1765 parem
634 1716 771 1751 tantac
802 1709 996 1764 potestati
1027 1723 1130 1750 esse.
1181 1707 1504 1762 adprobantibus

148 1772 303 1813 cunctis
328 1772 460 1825 primo
481 1771 700 1824 Quinctius
726 1771 905 1812 abnuere
931 1777 971 1811 et
995 1770 1095 1823 quid
1121 1769 1199 1810 sibi
1223 1769 1374 1809 vellent
1397 1769 1506 1823 rogi-

151 1842 252 1882 tare,
289 1833 359 1885 qui
396 1847 439 1873 se
475 1840 607 1873 aetate
644 1839 788 1873 exacta
823 1839 960 1873 tantae
996 1831 1249 1872 dimicationi
1285 1830 1504 1872 obicerent.

150 1894 261 1945 dein,
300 1908 395 1934 cum
418 1894 599 1946 undique
622 1894 716 1948 plus
748 1894 790 1934 in
819 1894 890 1935 illo
922 1893 1040 1934 senili
1071 1893 1209 1933 animo
1233 1906 1316 1933 non
1347 1892 1508 1933 consilii

151 1956 286 2004 modo,
314 1956 387 1996 sed
412 1955 533 1996 etiam
559 1955 720 1995 virtutis
746 1970 837 1996 esse
862 1969 986 2008 quam
1010 1955 1053 1995 in
1077 1953 1267 1995 omnibus
1288 1954 1378 1995 aliis
1398 1954 1508 1995 dice-

150 2024 239 2059 rent
267 2017 541 2070 laudibusque
565 2018 677 2058 haud
707 2017 905 2058 inmeritis
931 2024 1145 2058 onerarent
1170 2023 1210 2057 et
1239 2016 1383 2057 consul
1406 2016 1507 2057 nihil

150 2079 390 2128 remitteret,
422 2086 612 2133 precatus
638 2080 802 2119 tandem
828 2079 927 2120 deos
957 2078 1194 2119 inmortales
1221 2076 1505 2127 Cincinnatus,

151 2155 202 2181 ne
233 2147 421 2182 senectus
455 2155 529 2180 sua
558 2140 602 2180 in
632 2148 715 2181 tam
739 2141 909 2195 trepidis
940 2139 1063 2181 rebus
1090 2140 1240 2181 damno
1265 2139 1506 2180 dedecorive

152 2202 209 2242 rei
232 2202 421 2256 publicae
447 2208 573 2250 esset,
599 2202 772 2242 dictator
796 2218 820 2243 a
845 2202 1012 2243 consule
1038 2202 1196 2242 dicitur.
1244 2201 1333 2256 ipse
1359 2201 1507 2242 deinde

154 2263 202 2304 C.
231 2262 450 2305 Servilium
476 2263 655 2304 Ahalam
680 2265 924 2319 magistrum
950 2264 1134 2317 equitum
1159 2264 1268 2304 dicit.

235 2325 388 2365 XIHI.
431 2324 604 2366 Postero
630 2325 695 2366 die
721 2326 931 2381 dispositis
957 2326 1172 2380 praesidiis
1192 2340 1286 2366 cum
1310 2325 1351 2366 in
1370 2325 1507 2366 forum

153 2387 432 2427 descendisset
457 2401 735 2440 conversaque
759 2388 801 2427 in
826 2402 920 2428 eum
944 2387 1062 2441 plebs
1086 2387 1266 2428 novitate
1283 2387 1343 2428 rei
1367 2401 1415 2428 ac
1432 2387 1509 2427 mi-

152 2447 290 2489 raculo
315 2454 424 2488 esset
449 2455 489 2489 et
506 2448 703 2489 Maeliani
727 2455 848 2502 atque
873 2450 961 2504 ipse
986 2449 1071 2489 dux
1096 2463 1236 2490 eorum
1253 2449 1297 2489 in
1315 2463 1359 2489 se
1377 2448 1509 2489 inten-

153 2516 236 2550 tam
251 2509 333 2550 vim
346 2510 447 2550 tanti
464 2510 624 2564 imperii
644 2517 866 2559 cernerent,
894 2520 1082 2565 expertes
1096 2510 1359 2551 consiliorum
1376 2511 1505 2566 regni,

153 2570 223 2623 qui
242 2571 452 2620 tumultus,
479 2571 589 2624 quod
607 2570 760 2612 bellum
778 2586 926 2626 repens
947 2577 1017 2612 aut
1037 2571 1294 2612 dictatoriam
1316 2571 1508 2613 maiesta-

153 2640 234 2672 tem
259 2640 328 2673 aut
349 2632 588 2685 Quinctium
612 2639 708 2687 post
731 2633 1031 2688 octogesimum
1055 2648 1207 2674 annum
1225 2639 1426 2674 rectorem
1448 2634 1508 2675 rei

1528 359 1546 390 S

1533 980 1570 1008 ‘10

1534 1660 1571 1688 12

1535 1905 1574 1935 13

1535 2092 1574 2121 14

1536 2524 1550 2543 3

1533 2545 1550 2553 ..ι

154 2693 341 2748 publicae
356 2695 599 2748 quaesisset,
614 2695 848 2751 rogitarent‚
869 2695 1021 2737 missus
1035 2692 1087 2736 ab
1101 2695 1296 2736 dictatore
1306 2694 1506 2737 Servilius
1531 2709 1550 2740 3
