1835 3226
382 213 435 252 80
674 218 824 252 LIBER
853 218 906 260 11⁷
934 218 1058 251 1215.
1087 219 1438 262 [21.u.e.·.›5·2--255]

380 322 513 363 coloni
538 321 623 369 alii,
652 320 847 389 oppidum
874 320 1072 368 dirutum,
1099 334 1198 374 ager
1218 321 1353 360 veniit.
1392 322 1581 363 consules
1600 323 1732 377 magis

379 383 431 424 ob
472 384 552 423 iras
595 382 774 436 graxiter
809 381 916 423 ultas
953 396 1079 435 quam
1114 381 1166 422 ob
1205 382 1530 437 magnitudinem
1565 384 1734 437 perfecti

379 444 475 485 belli
500 443 813 498 triumpharunt.

338 521 351 548 1
462 506 635 549 XVIII.
678 506 910 559 Insequens
937 521 1067 547 annus
1093 506 1341 548 Postumum
1363 506 1600 548 Cominium
1627 514 1665 548 et
1686 508 1734 548 T.

377 569 576 609 Larcium
601 568 792 609 consules
817 568 972 609 habuit.
1017 583 1065 610 eo
1091 583 1198 609 anno
1217 569 1377 610 Romae
1402 584 1496 610 cum
1520 567 1593 624 per
1617 570 1735 610 ludos

379 631 430 671 ab
458 630 709 672 Sabinorum
738 631 951 672 iuventute
981 646 1055 685 per
1084 631 1299 673 lasciviam
1325 638 1460 673 scorta
1483 638 1734 686 raperentur,

377 707 581 734 concursu
605 693 820 734 hominum
845 694 933 734 rixa
959 708 1006 734 ae
1031 709 1160 748 prope
1184 694 1386 748 proelium
1405 694 1501 744 fuit,
1527 708 1736 749 parvaque

333 767 351 795 3
378 769 428 794 ex
458 769 501 795 re
533 755 586 795 ad
614 755 881 796 rebellionem
912 762 1097 810 spectare
1127 770 1193 797 res
1229 756 1446 797 videbatur
1483 770 1606 810 supra
1640 755 1736 796 belli

376 816 518 857 Latini
548 824 715 857 metum.
764 817 807 857 id
837 831 1000 870 quoque
1032 824 1280 867 accesserat,
1318 818 1430 870 quod
1459 818 1626 873 triginta
1655 817 1736 858 iam

378 879 614 921 coniurasse
639 879 814 934 populos
841 880 1071 921 concitante
1099 879 1277 922 Octavio
1301 879 1491 920 Mamilio
1518 880 1616 921 satis
1642 893 1737 920 con-

379 941 526 983 stabat.

333 1025 352 1052 4
461 1005 513 1044 In
542 1005 619 1046 hac
651 1012 856 1046 tantarum
882 1005 1188 1060 exspectatione
1213 1019 1347 1046 rerum
1375 1005 1547 1046 sollicita
1573 1004 1736 1045 civitate

377 1066 584 1107 dictatoris
610 1067 789 1121 primum
815 1068 980 1108 creandi
1004 1068 1157 1109 mentio
1184 1075 1283 1109 orta.
1322 1067 1395 1108 scd
1418 1081 1494 1108 nec
1519 1081 1601 1120 quo
1627 1081 1734 1107 anno

377 1143 452 1168 nec
477 1128 627 1181 quibus
655 1128 892 1169 consulibus
902 1160 912 1178 ,
945 1129 1041 1182 quia
1067 1144 1118 1170 ex
1143 1129 1323 1170 factione
1349 1129 1575 1182 Tarquinia
1600 1139 1735 1169 essent

377 1215 429 1218 ——
455 1190 497 1230 id
527 1204 691 1243 quoque
723 1190 832 1230 enim
862 1191 1034 1231 traditur
1064 1216 1136 1240 —‚
1174 1206 1318 1245 parum
1350 1191 1548 1231 creditum
1581 1190 1631 1230 sit
1661 1204 1736 1229 nce

333 1272 351 1300 5
376 1253 468 1305 quis
505 1253 683 1307 primum
722 1253 896 1293 dictator
931 1262 1091 1294 creatus
1135 1253 1205 1302 sit,
1255 1253 1353 1293 satis
1395 1258 1566 1292 constat.
1627 1252 1736 1305 apud

377 1315 615 1355 veterrimos
635 1322 772 1355 tamen
792 1322 978 1356 auctores
1000 1315 1048 1355 T.
1070 1315 1266 1355 Larcium
1286 1315 1524 1355 dictatorem
1545 1314 1733 1368 primum,

379 1375 451 1430 Sp.
486 1375 680 1417 Cassium
716 1377 962 1431 magistrum
998 1377 1181 1430 equitum
1219 1384 1376 1417 creatos
1414 1377 1590 1418 invenio.
1641 1390 1736 1416 con-

377 1437 533 1478 sulares
565 1438 720 1492 legere:
758 1438 815 1479 ita
844 1438 912 1479 lex
942 1438 1111 1479 iubebat
1140 1439 1190 1478 dc
1216 1439 1412 1479 dictatore
1439 1438 1614 1479 creando
1639 1437 1732 1477 lata.

333 1519 350 1546 4,-
377 1513 425 1540 eo
444 1500 578 1555 magis
599 1500 781 1540 adducor
800 1507 844 1540 ut
864 1500 1040 1549 credam,
1060 1501 1272 1549 Larcium,
1299 1501 1369 1553 qui
1389 1500 1615 1541 consularis
1636 1508 1733 1545 crat,

375 1561 511 1615 potius
549 1576 673 1614 quam
703 1561 776 1601 Μ’.
803 1561 1036 1610 Valerium,
1074 1561 1135 1602 M.
1167 1562 1315 1611 filium,
1353 1561 1498 1603 Volesi
1529 1568 1732 1615 nepotem.

376 1623 446 1675 qui
483 1623 666 1663 nondum
703 1623 847 1663 consul
882 1623 1034 1671 fuerat,
1077 1623 1377 1664 moderatorem
1413 1630 1453 1663 et
1493 1623 1733 1677 magistrum

377 1684 614 1725 consulibus
640 1685 888 1738 appositum.
932 1685 1031 1738 quin
1063 1685 1097 1725 si
1122 1684 1299 1724 maxime
1326 1699 1377 1724 cx
1403 1699 1451 1724 ea
1475 1684 1631 1724 familia
1654 1683 1735 1738 legi

377 1746 616 1786 dictatorem
636 1747 786 1787 vellent
794 1778 805 1796 ,
831 1753 990 1801 patrem
1006 1747 1135 1787 multo
1154 1747 1290 1800 potius
1310 1745 1371 1786 M.
1387 1745 1602 1787 Valerium
1621 1759 1737 1799 spec-

376 1814 483 1848 tatae
508 1808 670 1849 virtutis
697 1815 737 1848 et
762 1808 1019 1850 consularem
1044 1809 1178 1849 virum
1202 1808 1413 1863 legissent.

331 1890 350 1915 s
463 1870 614 1912 Creato
644 1871 842 1912 dictatore
880 1871 1057 1925 primum
1088 1871 1247 1912 Romae
1285 1878 1505 1925 postquam
1539 1869 1735 1924 praeferri

377 1946 542 1973 secures
575 1933 781 1982 viderunt,
819 1948 995 1988 magnus
1026 1932 1189 1988 plebem
1221 1940 1356 1973 metus
1382 1932 1569 1981 incessit,
1600 1938 1646 1971 ut
1675 1931 1737 1970 in-

377 1994 571 2035 tentiores
603 2002 741 2035 essent
773 1995 825 2036 ad
855 1995 964 2036 dicto
994 1995 1234 2050 parendum.
1289 2008 1423 2047 neque
1456 1993 1582 2042 enim,
1620 1999 1665 2032 ut
1695 1992 1736 2032 in

376 2056 634 2106 consulibus,
678 2057 748 2110 qui
783 2057 872 2111 pari
906 2064 1110 2112 potestate
1148 2064 1304 2106 essent,
1341 2056 1507 2097 alterius
1539 2055 1735 2096 auxilium

376 2133 508 2171 neque
532 2119 771 2173 provocatio
796 2126 881 2160 erat
906 2134 1039 2173 neque
1064 2119 1194 2159 ullum
1224 2133 1420 2171 usquam,
1457 2117 1536 2158 nisi
1566 2117 1607 2157 in
1639 2131 1737 2157 cura

374 2180 563 2234 parendi,
590 2181 800 2222 auxilium.

331 2258 348 2286 9
464 2240 631 2284 Sabinis
657 2243 781 2284 etiam
806 2250 967 2284 creatus
987 2243 1145 2283 Romae
1171 2242 1346 2283 dictator
1371 2255 1420 2282 eo
1445 2240 1598 2295 magis,
1625 2239 1736 2293 quod

375 2311 542 2359 propter
573 2320 617 2346 se
648 2312 830 2346 creatum
862 2306 1138 2354 crediderant,
1178 2311 1333 2346 metum
1363 2304 1549 2345 incussit.
1597 2303 1734 2355 itaque

312 2382 350 2410 10
376 2366 534 2420 legatos
571 2367 621 2407 de
663 2381 764 2421 pace
807 2367 985 2408 mittunt.
1046 2367 1196 2420 quibus
1240 2365 1452 2407 orantibus
1495 2365 1734 2405 dictatorcm

376 2435 665 2482 senatumque,
696 2436 742 2470 ut
766 2430 929 2470 veniam
955 2430 1102 2470 erroris
1133 2428 1369 2470 hominibus
1400 2425 1732 2469 adulescentibus

376 2489 536 2540 darent,
562 2506 827 2545 responsum,
852 2492 1012 2547 ignosci
1038 2489 1371 2532 adulescentibus
1396 2503 1538 2544 posse,
1565 2486 1732 2528 senibus

315 2568 347 2595 11
378 2567 459 2592 non
484 2568 625 2606 posse,
659 2554 727 2606 qui
753 2553 860 2594 bella
885 2568 937 2594 cx
960 2553 1079 2594 bellis
1107 2559 1298 2593 sererent.
1349 2554 1646 2592 actum'tamen
1672 2555 1733 2588 cst

377 2613 426 2653 (le
452 2629 571 2667 pace,
604 2615 901 2669 impetrataque
925 2615 1049 2663 foret,
1083 2615 1117 2655 si
1142 2614 1254 2667 quod
1277 2614 1475 2668 inpensae
1505 2611 1661 2651 factum
1691 2610 1730 2649 in

378 2674 530 2715 bellum
556 2684 639 2717 erat
665 2684 873 2731 praestare
896 2676 1039 2717 Sabini
1055 2702 1106 2705 -—
1121 2676 1162 2716 id
1183 2675 1288 2715 enim
1308 2672 1559 2728 postulatum
1580 2678 1663 2711 crat
1679 2696 1731 2700 —

334 580 351 608 Ιῦ

334 1703 349 1730 *l
