1780 3204
434 265 589 300 LIBER
614 266 706 311 ΗΠ,
730 266 784 300 44.
804 266 858 300 45.
888 268 936 310 [a.
952 265 989 300 o.
1003 265 1200 309 421—418]
1413 253 1497 296 235

144 370 295 420 tribus,
344 376 389 410 ut
425 370 659 426 mitigarent
695 368 877 428 plebem,
927 369 1160 423 quindecim
1197 367 1362 410 milibus
1398 367 1502 409 aeris

143 432 372 473 damnatur.

229 493 391 534 Eodem
416 508 523 534 anno
548 493 765 535 Postumia
789 493 906 548 virgo
931 492 1113 534 Vestalis
1139 493 1190 534 de
1221 492 1381 533 incestu
1406 505 1502 532 cau·
1531 505 1567 533 11

144 571 232 596 sam
257 555 371 605 dixit,
399 555 579 596 criminis
605 555 790 604 innoxia,
818 554 869 596 ab
897 554 1131 609 suspicione
1156 561 1323 609 propter
1347 553 1503 594 cultum

143 618 420 659 amoeniorem
451 618 746 674 ingeniumque
780 618 950 659 liberius
987 632 1111 672 quam
1147 618 1350 674 virginem
1386 617 1503 658 decet

142 695 288 736 parum
314 680 552 722 abhorrens.
602 695 693 721 eam
718 680 974 736 ampliatam,
1001 680 1148 721 deinde
1172 680 1404 722 absolutam
1428 692 1502 734 pro

143 743 305 798 collegii
330 743 532 783 sententia
555 742 742 797 pontifex
766 743 970 784 maximus
996 742 1202 784 abstinere
1222 742 1322 784 iocis
1343 741 1502 795 colique

144 812 284 846 sancte
309 805 446 859 potius
471 819 597 858 quam
626 804 725 845 scite
750 804 883 845 iussit.

226 867 390 909 Eodem
421 882 528 908 anno
559 882 583 908 a
609 866 835 922 Campanis
863 866 1040 917 Cumae,
1078 881 1200 921 quam
1235 864 1386 908 Graeci
1417 872 1504 906 tum

143 929 288 971 urbem
314 929 520 979 tenebant,
548 929 775 984 capiuntur.

227 991 460 1044 Insequens
486 1006 618 1032 annus
645 990 831 1032 tribunos
863 991 1039 1031 militum
1071 991 1276 1032 consulari
1300 997 1503 1045 potestate

140 1053 284 1094 habuit
310 1053 540 1108 Agrippam
562 1053 806 1094 Menenium
825 1053 1048 1102 Lanatum,
1074 1052 1123 1093 P.
1143 1053 1390 1093 Lucretium
1409 1052 1502 1092 Tri-

140 1116 366 1171 cipitinum,
395 1114 592 1169 Spurium
617 1115 817 1156 Nautium
842 1115 1040 1155 Rutilum.

224 1176 474 1218 XXXXV.
523 1176 674 1217 Annus
705 1176 899 1217 felicitate
934 1175 1077 1231 populi
1106 1175 1286 1217 Romani
1320 1175 1503 1231 periculo

141 1240 276 1294 potius
302 1240 459 1295 ingenti
483 1254 607 1293 quam
633 1240 748 1280 clade
773 1238 961 1294 insignis.
1013 1238 1179 1279 servitia
1204 1237 1349 1280 urbem
1372 1245 1418 1279 ut
1442 1238 1503 1279 in-

140 1302 358 1342 cenderent
378 1301 623 1342 distantibus
643 1301 745 1342 locis
767 1301 1030 1342 coniurarunt
1048 1301 1285 1356 populoque
1305 1301 1358 1342 ad
1382 1315 1503 1355 opem

138 1363 295 1417 passim
327 1363 540 1404 ferendam
570 1363 687 1404 tectis
718 1363 876 1404 intento
912 1370 958 1404 ut
994 1378 1131 1404 arcem
1165 1363 1502 1418 Capitoliumque

139 1425 283 1466 armati
314 1431 573 1480 occuparent.
629 1425 776 1466 avertit
806 1425 988 1466 nefanda
1017 1425 1189 1467 consilia
1220 1426 1406 1481 Iuppiter
1442 1426 1503 1466 in·
1529 1442 1545 1466 ⁵.

138 1487 325 1541 (licioque
351 1488 526 1529 duorum
552 1487 824 1543 conprehensi
850 1494 989 1529 sontes
1009 1502 1164 1543 poenas
1185 1488 1398 1530 dederunt.
1442 1489 1504 1529 in-

139 1548 302 1590 dicibus
328 1549 435 1590 dena
465 1550 577 1591 milia
607 1550 746 1605 gravis
772 1550 897 1599 aeris,
935 1564 1041 1603 quae
1066 1557 1154 1591 tum
1185 1550 1352 1591 divitiae
1377 1551 1504 1593 habe-

138 1610 298 1661 bantur,
325 1626 377 1652 ex
401 1612 555 1653 aerario
580 1619 796 1653 numerata
821 1618 861 1653 et
884 1612 1051 1653 libertas
1076 1612 1307 1667 praemium
1332 1612 1421 1654 fuit.

223 1673 386 1714 Bellum
417 1673 512 1714 inde
543 1673 594 1715 ab
626 1673 787 1727 Aequis
818 1674 999 1728 reparari
1032 1680 1236 1728 coeptum.
1299 1680 1338 1714 et
1368 1689 1498 1716 novos

139 1735 280 1776 hostes
299 1734 536 1775 Labicanos
563 1735 734 1776 consilia
759 1749 853 1776 cum
875 1735 1081 1776 veteribus
1100 1736 1283 1790 iungere,
1310 1734 1421 1775 haud
1440 1736 1502 1776 in-

140 1796 260 1837 certis
287 1796 522 1837 auctoribus
548 1796 725 1838 Romam
752 1803 815 1837 est
840 1797 1021 1837 allatum.
1060 1796 1305 1850 Aequorum
1329 1797 1411 1838 iam
1432 1813 1502 1840 ve-

140 1857 201 1898 lut
226 1858 514 1899 anniversariis
541 1858 664 1899 armis
690 1859 935 1899 adsueverat
960 1858 1124 1908 civitas,
1162 1858 1345 1900 Labicos
1377 1859 1503 1915 legati

141 1918 258 1959 missi
283 1933 377 1960 cum
395 1934 594 1973 responsa
612 1920 707 1961 inde
728 1920 962 1961 retulissent
982 1920 1118 1970 dubia,
1145 1920 1295 1974 quibus
1320 1936 1396 1962 nec
1416 1931 1502 1963 tum

141 1979 296 2021 bellum
320 1980 455 2035 parari
484 1995 560 2021 nec
591 1981 826 2022 diuturnam
850 1996 994 2036 pacem
1026 1981 1114 2023 fore
1146 1990 1378 2036 appareret,
1417 1983 1502 2025 Tu-

143 2041 322 2083 sculanis
359 2042 571 2097 negotium
607 2043 767 2093 datum,
805 2044 1064 2085 adverterent
1099 2045 1276 2094 animos,
1313 2060 1366 2086 ne
1402 2046 1502 2099 quid

142 2104 238 2145 novi
262 2104 462 2145 tumultus
488 2104 659 2146 Labicis
686 2112 879 2147 oreretur.
1471 2153 1475 2156 Δ

226 2165 298 2207 Ad
321 2166 573 2220 insequentis
605 2167 701 2208 anni
731 2167 916 2209 tribunos
947 2168 1122 2209 militum
1154 2169 1358 2210 consulari
1387 2176 1502 2224 pote—

143 2234 246 2268 state
271 2227 370 2269 inito
397 2228 639 2284 magistratu
664 2229 789 2284 legati
813 2229 864 2271 ab
886 2230 1070 2271 Tusculo
1095 2237 1306 2280 venerunt,
1333 2231 1386 2272 L.
1405 2230 1501 2273 Ser-

141 2288 256 2343 gium
279 2289 535 2339 Fidenatem,
562 2289 623 2331 M.
649 2290 864 2345 Papirium
888 2291 1171 2347 Mugilanum,
1200 2291 1249 2333 C.
1278 2291 1500 2334 Servilium

141 2349 277 2391 Prisci
300 2351 442 2400 filium,
470 2366 551 2405 quo
577 2351 774 2394 dictatore
797 2353 981 2395 Fidenae
1007 2360 1150 2409 captae
1175 2354 1350 2396 fuerant.
1396 2371 1501 2397 nun-

141 2411 297 2453 tiabant
321 2412 708 2468 legati,Labicanos
734 2430 848 2456 arma
877 2415 1036 2470 cepisse
1068 2422 1107 2456 et
1139 2431 1231 2457 cum
1258 2415 1501 2470 Aequorum

141 2474 323 2514 exercitu
347 2475 617 2529 depopulatos
643 2491 789 2531 agrum
816 2476 1099 2518 Tusculanum
1125 2486 1259 2519 castra
1282 2478 1325 2519 in
1344 2478 1500 2535 Algido

140 2535 343 2590 posuisse.
393 2543 481 2577 tum
510 2536 737 2578 Labicanis
769 2537 924 2579 bellum
953 2539 1151 2579 indictum
1162 2555 1172 2589 3
1209 2539 1403 2593 factoque
1435 2556 1499 2582 se-

140 2603 260 2638 natus
292 2597 498 2647 consulto,
536 2604 581 2638 ut
611 2599 692 2640 duo
718 2614 769 2640 ex
799 2600 972 2641 tribunis
999 2601 1052 2641 ad
1082 2600 1234 2642 bellum
1265 2602 1499 2657 proficisce-

139 2666 290 2709 rentur,
317 2675 423 2701 unus
448 2675 513 2701 res
533 2660 691 2702 Romae
717 2668 888 2711 curaret,
915 2670 1121 2704 certamen
1147 2664 1283 2705 subito
1308 2664 1411 2706 inter
1429 2665 1499 2706 tri-

139 2720 271 2763 bunos
304 2728 503 2764 exortum.
554 2737 598 2764 se
628 2723 803 2778 quisque
833 2724 930 2766 belli
961 2725 1108 2766 ducem
1143 2726 1345 2780 potiorem
1375 2726 1494 2777 ferre,

1532 690 1570 720 1⁵2

1533 1002 1571 1032 13

1532 1438 1546 1456 ³
