1780 3204
512 676 800 727 [PERIOOHA
822 676 963 714 LIBRI
987 673 1078 725 vr]

171 762 262 802 [Res
295 764 472 797 adversus
496 762 658 798 Vulscos
690 765 728 796 et
750 761 903 807 Aequos
934 764 971 796 et
994 759 1261 795 Praenestinos
1289 770 1469 805 prospere

120 820 247 859 gestas
274 814 448 848 continet.
486 817 664 859 quattuor
683 813 801 847 tribus
828 812 1016 846 adiectae:
1049 811 1263 855 Stellatina,
1291 811 1470 845 Tromen-

120 866 213 909 tina,
241 864 438 909 Sabatina,
465 864 669 898 Arniensis.
708 863 757 897 M.
772 864 952 906 Manlius,
978 863 1041 908 qui
1061 862 1285 908 Capitolium
1307 874 1328 896 a
1349 862 1470 897 Gallis

120 917 352 959 defenderat,
368 927 448 949 cum
464 914 664 949 obstrictos
679 925 765 948 aere
780 914 902 948 alieno
917 914 1107 957 liberaret,
1124 925 1237 948 nexos
1252 914 1469 956 exsolveret,

120 967 269 1000 crimine
296 966 475 1000 adfectati
500 966 606 1010 regni
627 966 822 999 damnatus
844 965 889 999 de
911 976 999 999 saxo
1021 964 1189 999 deiectus
1210 970 1284 1007 est3
1308 964 1346 997 in
1367 963 1470 997 cuius

119 1022 244 1051 notam
272 1021 423 1051 senatus
451 1017 660 1050 consultum
686 1015 826 1049 factum
851 1020 924 1057 est,
962 1026 1008 1049 ne
1036 1015 1094 1049 cui
1120 1015 1165 1049 de
1190 1014 1332 1049 Manlia
1357 1017 1469 1059 gente

119 1068 247 1101 Marco
267 1078 401 1102 nomen
415 1070 526 1101 esset.
559 1065 596 1100 C.
610 1066 778 1100 Licinius
793 1069 829 1100 et
841 1065 884 1100 L.
901 1066 1047 1100 Sextius
1061 1065 1199 1099 tribuni
1213 1065 1334 1109 plebis
1349 1065 1470 1109 legem

118 1120 467 1163 promulgaverunt,
496 1122 538 1151 ut
562 1119 734 1152 consules
761 1129 805 1152 ex
831 1118 941 1162 plebe
966 1117 1117 1160 fierent,
1144 1117 1205 1161 qui
1231 1128 1274 1150 ex
1298 1116 1469 1159 patribus

119 1170 360 1210 creabantur3
380 1180 534 1213 eamque
550 1179 630 1202 cum
644 1179 780 1212 magna
794 1167 1033 1202 contentione
1046 1166 1343 1211 repugnantibus
1357 1164 1469 1209 patri-

117 1221 206 1263 bus,
234 1232 314 1254 cum
333 1220 429 1253 idem
449 1218 587 1253 tribuni
606 1218 728 1262 plebis
747 1229 814 1262 per
834 1217 1127 1262 quinquennium
1147 1216 1216 1250 soli
1229 1215 1470 1260 magistratus

117 1270 286 1314 fuissent,
306 1270 552 1314 pertulerunt,
574 1273 611 1302 et
621 1268 760 1313 primus
775 1268 942 1312 explebe
959 1268 1089 1301 consul
1103 1267 1145 1300 L.
1161 1266 1307 1301 Sextius
1323 1270 1470 1300 creatus

117 1324 185 1354 est.
216 1321 292 1354 lata
311 1323 367 1354 est
386 1319 504 1353 altera
523 1320 599 1364 lert,
620 1330 666 1353 ne
681 1318 739 1353 cui
752 1319 837 1363 plus
853 1318 1067 1364 quingentis
1081 1317 1273 1362 iugeribus
1289 1316 1369 1362 agri
1385 1316 1470 1351 lice-

116 1374 173 1405 ret
185 1371 412 1415 possidere]

614 1564 767 1617 ΤΙΤΙ
802 1564 964 1617 LIVI

434 1669 521 1706 AB
570 1669 762 1706 VRBE
811 1668 1154 1706 CONDITA

657 1781 825 1818 LIBER
855 1781 927 1817 VJ.

203 1877 237 1917 Ι.
294 1876 412 1929 Quae
449 1877 500 1918 ab
532 1878 696 1918 condita
726 1877 826 1918 urbe
858 1877 994 1918 Roma
1023 1877 1077 1918 ad
1106 1883 1266 1932 captam
1299 1876 1471 1916 eandem

119 1939 262 1980 urbem
282 1938 460 1979 Romani
481 1938 558 1980 sub
576 1938 744 1994 regibus
763 1938 960 1993 primum,
987 1938 1225 1980 consulibus
1252 1938 1398 1978 deinde
1424 1952 1472 1978 ac

120 1999 384 2040 dictatoribus
416 2000 739 2053 decemvirisque
770 2015 818 2040 ac
847 2000 1020 2041 tribunis
1058 1999 1342 2041 consularibus
1378 2014 1473 2054 ges-

121 2076 227 2110 sere,
255 2061 354 2102 foris
380 2060 505 2111 bella,
538 2061 649 2102 domi
674 2061 913 2111 seditiones,
940 2061 1119 2115 quinque
1144 2061 1258 2102 libris
1285 2061 1470 2115 exposui,

120 2139 185 2165 res
216 2139 310 2164 cum
340 2130 543 2164 vetustate
574 2124 700 2165 nimia
731 2123 946 2173 obscuras,
979 2124 1092 2164 velut
1115 2139 1220 2177 quae
1245 2138 1395 2178 magno
1421 2138 1491 2168 cx,

122 2186 334 2227 intervallo
363 2186 442 2227 loci
473 2186 543 2226 vix
573 2192 810 2236 cernuntur,
848 2193 936 2227 tum
966 2187 1077 2240 quod
1105 2201 1256 2241 parvae
1288 2193 1327 2227 et
1356 2201 1471 2227 rarae

121 2262 194 2302 per
219 2248 362 2288 eadem
386 2254 571 2302 tempora
594 2248 750 2289 litterae
770 2248 902 2297 fuere,
928 2263 1010 2289 una
1029 2248 1216 2289 custodia
1235 2248 1366 2289 fidelis
1386 2263 1472 2289 me-

123 2309 275 2350 moriae
306 2323 442 2350 rerum
472 2315 701 2364 gestarum,
734 2316 774 2350 et
797 2311 926 2364 quod,
959 2310 1082 2351 etiam
1108 2310 1143 2351 si
1167 2325 1271 2364 quae
1296 2310 1337 2350 in
1363 2324 1473 2351 com-

122 2371 331 2412 mentariis
373 2371 614 2425 pontificum
650 2372 822 2425 aliisque
858 2372 1034 2427 publicis
1070 2373 1322 2427 privatisque
1359 2378 1473 2412 erant

122 2433 417 2482 monumentis,
461 2433 629 2474 incensa
664 2434 764 2476 urbe
798 2434 1018 2490 pleraeque
1054 2435 1254 2475 interiere.
1304 2434 1473 2475 clariora

123 2494 316 2549 deinceps
342 2495 592 2549 certioraque
617 2495 669 2537 ab
696 2497 876 2537 secunda
900 2497 1056 2552 origine
1075 2497 1186 2537 velut
1205 2496 1256 2537 ab
1277 2495 1471 2551 stirpibus

122 2556 267 2596 laetius
298 2555 556 2610 feraciusque
586 2566 751 2599 renatae
779 2557 893 2600 urbis
923 2565 1042 2614 gesta
1077 2559 1188 2599 domi
1223 2559 1472 2612 militiaeque

1498 2137 1516 2166 10

1497 2448 1516 2477 3

123 2624 387 2672 exponentur,
436 2626 616 2659 ceterum
651 2619 782 2674 primo
819 2634 900 2673 quo
931 2620 1178 2662 adminiculo
1210 2626 1344 2661 erecta
1374 2627 1470 2669 erat,
1497 2634 1516 2662 4

123 2680 267 2720 eodem
298 2680 438 2721 innixa
461 2679 522 2721 M.
548 2681 674 2722 Furio
704 2681 888 2736 principe
920 2682 1048 2731 stetit,
1081 2697 1213 2736 neque
1239 2697 1332 2723 eum
1357 2682 1472 2723 abdi-

123 2756 214 2782 care
239 2757 283 2783 se
308 2742 508 2784 dictatura
532 2743 611 2784 nisi
637 2758 743 2784 anno
763 2743 1010 2785 circumacto
1028 2744 1141 2799 passi
1161 2751 1267 2785 sunt.
1306 2744 1470 2785 comitia

190 2819 253 2845 Livi
274 2820 326 2845 rol.
343 2820 360 2845 1.
1202 2810 1247 2844 20

1496 2759 1514 2786 5
