1835 3226
295 518 307 545 1

291 703 308 731 10

293 1387 310 1414 4

292 1820 310 1846 ε’)

294 2010 310 2035 b

295 2255 307 2283 1

292 2442 309 2470 '2

294 2581 310 2594 ι)

337 268 419 309 236
630 271 782 305 LIBER
806 272 850 314 V,
870 272 1015 306 34-36.
1043 275 1091 316 [a.
1106 284 1140 307 u.
1154 284 1183 308 c.
1196 274 1273 309 363.
1286 274 1368 318 364]

336 379 625 427 Haeduorum,
663 377 720 418 ibi
751 392 872 418 omen
909 385 1128 431 sequentes
1164 377 1242 418 loci
1280 377 1498 449 condidere
1534 378 1690 428 urbem,

335 439 635 481 Mediolanium
661 439 932 493 appellarunt.

419 500 619 542 XXXV.
657 500 756 542 Alia
783 501 957 543 subinde
983 517 1130 542 manus
1158 500 1492 543 Cenomanorum
1509 501 1693 544 Elitovio

334 564 437 605 duce
456 563 632 618 vestigia
649 563 831 617 priorum
852 571 992 604 secuta
1012 564 1154 605 eodem
1176 564 1282 604 saltu
1297 563 1461 616 favente
1474 563 1694 605 Belloveso

335 640 428 667 cum
448 625 768 666 transcendisset
781 624 926 679 Alpes,
953 625 1024 666 ubi
1042 641 1151 666 nunc
1165 626 1307 667 Brixia
1327 641 1374 667 ac
1387 625 1553 667 Verona
1571 625 1694 667 urbes

336 695 430 730 sunt
450 712 504 717 —
522 687 635 728 locos
655 693 821 728 tenuere
835 687 964 728 Libui
979 712 1032 716 —
1053 688 1271 728 considunt
1279 705 1289 738 3
1316 694 1411 743 post
1428 688 1504 729 hos
1521 687 1696 730 Salluvii

335 749 441 804 (qui)
466 755 628 804 praeter
652 750 863 803 antiquam
887 756 1055 804 gentem
1073 750 1241 791 Laevos
1262 751 1444 805 Ligures
1469 751 1695 792 incolentes

335 813 442 853 circa
457 812 648 852 Ticinum
668 826 843 852 amnem.
887 811 1103 853 Poeninon
1123 812 1269 853 deinde
1284 812 1377 853 Boii
1396 812 1696 868 Lingonesque

335 874 593 930 transgressi,
621 888 714 914 cum
734 873 815 914 iam
835 873 941 914 inter
953 873 1117 914 Padum
1137 880 1259 928 atque
1273 873 1406 929 Alpes
1428 874 1567 915 omnia
1584 880 1697 914 tene-

335 945 486 986 rentur,
512 935 630 977 Pado
650 935 808 976 ratibus
823 935 991 977 traiecto
1004 951 1087 977 non
1101 935 1302 977 Etruscos
1324 936 1459 986 modo,
1487 935 1696 977 sedetiam

335 998 518 1041 Umbros
550 1012 651 1054 agro
682 997 857 1053 pellunt:
889 998 994 1039 intra
1017 997 1317 1053 Appenninum
1348 1004 1487 1039 tamen
1517 1012 1609 1039 sese
1638 1003 1697 1038 tc-

335 1076 472 1102 nuere.
504 1067 591 1101 tum
608 1059 794 1102 Senones
815 1061 1089 1102 recentissimi
1109 1061 1362 1101 advenarum
1381 1060 1432 1102 ab
1447 1059 1602 1101 Utente
1621 1059 1697 1100 flu-

335 1123 444 1164 mine
464 1137 595 1176 usque
615 1123 668 1163 ad
687 1121 836 1164 Aesim
850 1123 955 1164 fines
976 1123 1170 1164 habuere.
1202 1123 1308 1164 hane
1326 1129 1491 1178 gentem
1507 1121 1697 1164 Clusium

336 1185 594 1238 Romamque
608 1185 703 1225 inde
717 1185 880 1225 venisse
896 1185 1102 1239 comperio
1111 1202 1122 1235 3
1147 1186 1189 1226 id
1204 1200 1351 1239 parum
1366 1192 1521 1226 certum
1535 1191 1609 1234 cst,
1633 1199 1698 1226 so-

335 1247 470 1288 lamne
497 1261 549 1287 an
573 1246 625 1288 ab
652 1246 842 1288 omnibus
866 1245 1174 1301 Cisalpinorum
1195 1245 1411 1289 Gallorum
1435 1246 1600 1301 populis
1626 1246 1698 1287 ad-

336 1310 478 1350 iutam.

423 1370 584 1413 Clusini
614 1386 722 1412 novo
753 1370 860 1412 bello
898 1370 1079 1411 exterriti
1112 1385 1204 1411 cum
1241 1370 1564 1419 multitudinem,
1602 1385 1696 1410 eum

336 1433 489 1475 formas
514 1433 728 1474 hominum
752 1433 981 1473 invisitatas
1013 1439 1225 1473 cernerent
1256 1439 1295 1473 et
1325 1448 1456 1488 genus
1489 1448 1695 1474 armorum

337 1496 603 1549 audirentque
619 1510 741 1550 saepe
765 1495 815 1536 ab
830 1495 878 1536 iis
896 1495 953 1536 cis
968 1494 1130 1535 Padum
1147 1495 1331 1549 ultraque
1350 1495 1534 1550 legiones
1550 1495 1697 1536 Etrus-

336 1565 477 1599 corum
507 1557 644 1606 fusas,
683 1571 935 1611 quamquam
967 1557 1166 1597 adversus
1198 1556 1409 1598 Romanos
1446 1557 1606 1597 nullum
1638 1558 1696 1598 cis

336 1620 399 1660 ius
426 1619 632 1660 societatis
659 1619 914 1659 amicitiaeve
941 1625 1037 1667 erat,
1065 1619 1144 1658 nisi
1170 1619 1281 1671 quod
1300 1618 1496 1673 Veientes
1523 1634 1698 1660 consan-

338 1682 511 1737 guineos
544 1682 744 1722 adversus
780 1681 979 1736 populum
1011 1681 1245 1721 Romanum
1283 1696 1364 1721 non
1401 1681 1695 1730 defendissent,

336 1744 494 1799 legatos
519 1743 710 1792 Romam,
738 1743 808 1796 qui
833 1743 1031 1783 auxilium
1057 1742 1108 1783 ab
1136 1749 1281 1783 senatu
1305 1749 1508 1796 peterent,
1535 1743 1695 1784 misere.

337 1806 386 1847 de
412 1806 565 1847 auxilio
590 1805 692 1846 nihil
716 1805 998 1859 impetratum:
1030 1804 1156 1859 legati
1180 1803 1241 1844 M.
1268 1804 1374 1845 Fabi
1398 1803 1597 1846 Ambusti
1625 1805 1698 1846 filii

335 1868 470 1918 missi,
508 1868 578 1921 qui
610 1872 777 1908 senatus
807 1867 950 1921 populi
980 1866 1160 1907 Romani
1197 1867 1362 1907 nomine
1399 1874 1568 1922 agerent
1605 1881 1698 1907 cum

338 1928 490 1979 Gallis,
521 1944 592 1979 ne,
625 1945 649 1970 a
674 1929 824 1983 quibus
856 1928 1011 1969 nullam
1035 1928 1226 1969 iniuriam
1252 1928 1527 1983 accepissent,
1566 1929 1699 1970 socios

303 2007 310 2014 ‘
336 1992 478 2047 populi
501 1992 680 2033 Romani
705 1997 828 2045 atque
860 1991 1014 2032 amicos
1047 1997 1346 2046 oppugnarent.
1402 1990 1602 2032 Romanis
1628 2005 1698 2032 eos

337 2054 444 2095 bello
469 2068 652 2108 quoque,
693 2054 727 2094 si
751 2068 817 2094 res
843 2059 981 2108 cogat,
1020 2053 1194 2094 tuendos
1220 2067 1331 2102 esse;
1369 2053 1443 2094 sed
1467 2052 1614 2093 melius
1640 2053 1700 2093 vi-

338 2132 430 2157 sum
456 2115 610 2158 bellum
634 2116 774 2170 ipsum
800 2115 1000 2165 amoveri,
1034 2115 1068 2156 si
1092 2121 1252 2170 posset,
1285 2122 1325 2156 ct
1351 2113 1514 2164 Gallos,
1546 2129 1696 2156 novam

335 2185 513 2234 gentem,
539 2192 641 2232 pace
665 2178 802 2233 potius
829 2177 1023 2232 cognosci
1049 2192 1173 2231 quam
1199 2177 1335 2218 armis.

420 2239 644 2281 XXXVI.
675 2239 794 2280 Mitis
819 2239 983 2295 legatio,
1010 2240 1052 2280 ni
1076 2239 1335 2294 praeferoces
1361 2239 1520 2294 legatos
1548 2237 1700 2280 Gallis-

336 2318 415 2357 que
440 2303 574 2359 magis
601 2317 724 2357 quam
744 2302 944 2343 Romanis
966 2302 1120 2343 similes
1141 2301 1366 2343 habuisset.
1398 2301 1562 2355 quibus,
1586 2307 1700 2356 post-

335 2381 460 2420 quam
483 2366 678 2406 mandata
703 2365 919 2406 ediderunt
949 2365 990 2405 in
1022 2364 1195 2405 concilio
1222 2362 1457 2413 Gallorum,
1494 2363 1614 2404 datur
1636 2377 1700 2404 re-

337 2443 553 2483 sponsum:
580 2427 657 2468 etsi
681 2442 836 2468 novum
862 2441 1013 2468 nomen
1038 2426 1207 2467 audiant
1231 2426 1535 2475 Romanorum,
1562 2432 1700 2466 tamen

337 2490 520 2540 credere,
546 2489 656 2530 viros
682 2489 810 2530 fortes
837 2503 946 2538 esse,
973 2503 1148 2542 quorum
1174 2488 1371 2529 auxilium
1397 2504 1421 2529 a
1447 2487 1631 2529 Clusinis
1658 2487 1698 2527 in

294 2567 309 2580 ⁴³
337 2568 380 2593 re
404 2552 563 2607 trepida
588 2552 640 2592 sit
664 2551 925 2606 inploratum.
975 2557 1014 2591 et
1039 2551 1234 2604 quoniam
1265 2550 1471 2606 legatione
1497 2550 1696 2591 adversus

338 2629 381 2655 se
406 2614 624 2656 maluerint
642 2628 766 2667 quam
787 2613 911 2654 armis
933 2613 1036 2654 tueri
1057 2612 1203 2662 socios,
1229 2627 1281 2653 ne
1302 2627 1346 2654 se
1367 2612 1533 2666 quidem
1553 2623 1696 2664 pacem

338 2691 461 2729 quam
473 2676 531 2717 illi
545 2676 733 2717 adferant
748 2675 972 2730 aspernari,
1000 2675 1034 2716 si
1049 2673 1182 2716 Gallis
1197 2674 1415 2730 egentibus
1435 2686 1547 2728 agro,
1574 2684 1694 2724 quem

338 2737 458 2779 latius
483 2738 723 2793 possideant
748 2751 876 2791 quam
900 2737 1036 2779 colant
1056 2736 1230 2786 Clusini,
1255 2742 1413 2791 partem
1438 2733 1581 2774 finium
1601 2745 1697 2772 con-
