1835 3226
294 772 310 800 ‘sl

292 1207 309 1235 Ιῦ

290 1951 308 1980 5

345 213 423 254 108
652 217 806 253 Llssssss
827 218 880 261 11,
906 217 962 252 46.
985 218 1040 252 47.
1071 220 1118 263 [a.
1133 230 1168 252 u.
1185 230 1212 253 c.
1227 220 1303 254 ⁴274.
1317 220 1398 264 275]

340 323 401 364 M.
432 322 588 364 Fabius
627 321 771 362 consul
807 320 1011 361 transiluit
1046 321 1217 362 iacentis
1255 336 1422 377 corpus,
1461 323 1701 379 obiectaque

339 399 482 439 parma
519 383 615 423 ‘hoc
651 382 850 432 iurastis‚'
892 383 1026 436 inquit
1062 383 1249 432 ‘milites‚
1293 383 1500 440 fugientes
1543 401 1618 427 vos
1660 388 1702 428 in

339 452 472 487 eastra
501 445 730 486 redituros?
765 445 868 486 adeo
899 445 1191 500 ignavissimos
1222 446 1352 488 hostis
1385 448 1518 502 magis
1550 448 1701 490 timetis

337 523 461 562 quam
492 508 635 548 Iovem
666 506 948 561 Martemque,
986 522 1060 562 per
1089 522 1192 561 quos
1225 508 1418 550 iurastis?
1453 515 1495 550 at
1531 525 1608 565 ego
1641 511 1704 551 in-

338 572 493 611 iuratus
520 576 590 610 aut
618 570 749 610 victor
772 576 965 620 revertar,
993 577 1063 610 aut
1088 585 1216 625 prope
1242 577 1281 611 te
1300 571 1379 620 hic,
1409 571 1562 625 Quinte
1582 573 1700 621 Fabi,

338 632 538 673 dimicans
564 631 735 673 cadam.⁷
784 632 943 672 consuli
968 638 1056 672 tum
1084 631 1219 673 Caeso
1239 632 1408 682 Fabius,
1435 635 1581 689 prioris
1607 636 1701 676 anni

339 695 502 736 consul:
531 694 740 736 ‘verbisne
754 695 856 744 istis,
883 695 1021 744 frater,
1048 701 1092 735 ut
1106 701 1303 750 pugnent,
1331 702 1369 736 te
1388 696 1701 751 impetraturum

338 757 495 798 credis?
520 757 576 797 dii
601 756 891 812 impetrabunt,
918 771 992 811 per
1016 771 1120 810 quos
1146 757 1345 798 iuravere.
1384 764 1424 798 et
1448 774 1536 808 nos,
1563 766 1608 800 ut
1633 760 1704 800 de-

337 826 400 860 cet
424 834 635 874 proceres,
662 825 708 860 ut
731 819 864 860 Fabio
889 819 1055 860 nomine
1081 826 1143 861 est
1168 820 1353 875 dignum,
1379 822 1604 875 pugnando
1629 837 1702 876 po-

337 882 417 923 tius
450 897 573 936 quam
605 882 862 923 adhortando
894 882 1170 923 accendamus
1202 883 1378 923 militum
1409 883 1595 925 animos.'
1645 884 1703 925 sie

336 945 377 985 in
401 945 580 999 primum
606 944 779 985 infensis
805 944 934 985 hastis
960 944 1177 1000 provolant
1209 945 1291 986 duo
1316 944 1455 995 Fabii,
1493 952 1702 1000 totamque

336 1013 553 1047 moverunt
579 1022 721 1047 secum
747 1007 890 1048 aciem.

421 1068 719 1110 XXXXVII.
768 1069 934 1110 Proelio
971 1084 1023 1109 ex
1059 1075 1175 1123 parte
1212 1084 1295 1110 una
1325 1070 1534 1119 restituto,
1573 1069 1702 1111 nihilo

338 1130 506 1185 segnius
532 1131 574 1171 in
599 1146 725 1172 cornu
753 1132 880 1172 altero
908 1130 985 1173 Cn.
1012 1131 1199 1172 Manlius
1232 1132 1376 1172 consul
1407 1147 1590 1188 pugnam
1622 1133 1701 1173 cie-

337 1192 424 1242 bat,
457 1192 528 1234 ubi
554 1208 681 1248 prope
708 1193 852 1234 similis
879 1193 1045 1234 fortuna
1070 1200 1133 1234 est
1157 1200 1332 1234 versata.
1383 1210 1477 1235 nam
1504 1200 1548 1234 ut
1573 1194 1700 1235 altero

336 1254 377 1295 in
402 1270 527 1296 cornu
554 1255 606 1308 Q
621 1255 812 1303 Fabium,
841 1256 899 1296 sic
924 1255 966 1295 in
990 1255 1069 1295 hoc
1094 1255 1232 1309 ipsum
1258 1256 1468 1296 consulem
1494 1255 1699 1296 Manlium

337 1317 418 1357 iam
451 1317 565 1358 velut
596 1317 713 1358 fusos
747 1323 938 1372 agentem
970 1316 1101 1357 hostis
1133 1323 1173 1357 et
1201 1317 1360 1372 inpigre
1391 1317 1540 1358 milites
1573 1319 1700 1359 secuti

337 1385 432 1419 sunt
457 1386 514 1429 et,
551 1385 596 1420 ut
620 1380 687 1420 ille
711 1380 828 1435 gravi
858 1379 1028 1420 vulnere
1059 1379 1165 1420 ictus
1198 1395 1248 1421 ex
1275 1380 1362 1421 acie
1395 1381 1537 1430 cessit,
1576 1381 1700 1421 inter-

336 1440 492 1482 fectum
515 1441 593 1482 rati
624 1442 800 1496 gradum
830 1441 1024 1491 retulerc;
1057 1441 1361 1495 cessissentque
1393 1442 1502 1491 Ioco,
1535 1443 1575 1483 ni
1602 1457 1699 1483 con-

336 1503 400 1544 sul
425 1503 527 1544 alter
551 1519 645 1544 cum
671 1504 827 1557 aliquot
852 1504 996 1544 turmis
1023 1503 1207 1557 equitum
1227 1504 1268 1544 in
1288 1519 1377 1544 eam
1397 1511 1555 1559 partem
1576 1505 1699 1546 citato

335 1579 442 1617 equo
456 1566 666 1614 advectus,
694 1566 832 1606 vivere
847 1565 1061 1606 clamitans
1082 1565 1296 1620 collegam,
1324 1581 1368 1606 se
1387 1567 1585 1607 victorem
1605 1567 1627 1607 s
1626 1582 1699 1607 uso

335 1627 461 1668 altero
488 1642 615 1668 cornu
640 1628 800 1677 adesse,
826 1642 912 1668 rem
938 1627 1175 1668 inclinatam
1202 1628 1477 1669 sustinuisset.
1514 1628 1698 1669 Manlius

335 1703 498 1743 quoque
524 1691 577 1730 ad
601 1690 899 1731 restituendam
925 1689 1056 1730 aciem
1084 1704 1127 1730 sc
1152 1690 1241 1743 ipsc
1268 1704 1405 1730 coram
1424 1690 1555 1731 offert.
1600 1691 1700 1731 duo-

333 1766 425 1791 rum
462 1752 678 1793 eonsulum
719 1752 885 1807 cognita
922 1767 993 1792 ora
1035 1752 1267 1792 accendunt
1308 1752 1485 1792 militum
1527 1752 1698 1793 animos.

336 1813 457 1854 simul
483 1821 523 1855 et
546 1815 690 1856 vanior
715 1815 797 1856 iam
824 1821 911 1855 erat
935 1814 1119 1855 hostium
1145 1814 1273 1863 acies,
1313 1814 1431 1863 dum,
1465 1814 1700 1855 abundante

334 1876 594 1918 multitudine
620 1877 726 1927 freti,
754 1876 965 1918 subtracta
991 1875 1178 1917 subsidia
1203 1876 1371 1917 mittunt
1396 1876 1448 1917 ad
1473 1883 1608 1918 eastra
1628 1891 1700 1931 op·-

333 1940 570 1994 pugnanda.
619 1940 661 1981 in
686 1955 792 1993 quae
824 1939 924 1980 haut
953 1954 1106 1994 magno
1138 1939 1360 1980 certamine
1390 1939 1548 1993 impetu
1572 1938 1695 1988 sacto,

334 2001 433 2042 dum
457 2002 635 2057 praedae
660 2002 794 2057 magis
821 2017 945 2055 quam
971 2015 1135 2056 pugnae
1161 2016 1364 2042 memores
1396 2007 1573 2041 tererent
1597 2009 1699 2041 tcm-

334 2079 425 2118 pus,
453 2064 579 2105 triarii
598 2064 789 2113 Romani,
816 2064 886 2118 qui
900 2064 1083 2118 primam
1097 2063 1375 2117 inruptionem
1397 2063 1598 2104 sustinere
1617 2078 1699 2103 non

334 2133 565 2181 potuerant,
593 2126 731 2167 missis
757 2127 809 2167 ad
835 2125 1026 2167 eonsules
1052 2125 1220 2173 nuntiis,
1250 2139 1331 2178 quo
1349 2124 1440 2165 loco
1460 2139 1525 2165 res
1546 2132 1696 2173 essent,

335 2189 570 2244 conglobati
596 2189 648 2230 ad
673 2189 921 2244 praetorium
945 2187 1118 2228 redeunt
1143 2193 1183 2227 ct
1208 2202 1283 2227 sua
1309 2193 1453 2241 sponte
1478 2186 1558 2240 ipsi
1581 2201 1700 2240 proe-

334 2253 435 2293 lium
459 2257 671 2292 renovant.
721 2257 761 2292 et
785 2250 968 2291 Manlius
995 2249 1139 2291 consul
1163 2255 1352 2290 revectus
1383 2249 1424 2289 in
1456 2255 1609 2297 castra,
1648 2249 1699 2289 ad

335 2329 476 2355 omnes
502 2319 640 2368 portas
667 2313 793 2354 milite
819 2312 1022 2367 opposito,
1049 2311 1237 2353 hostibus
1264 2311 1374 2351 viam
1400 2310 1613 2352 clauserat.
1652 2325 1699 2351 ca

335 2368 566 2431 desperatio
588 2376 738 2418 Tuscis
763 2375 920 2416 rabiem
944 2374 1078 2430 magis
1104 2389 1227 2427 quam
1255 2373 1470 2414 audaciam
1497 2373 1694 2413 accendit.

335 2455 430 2479 nam
455 2454 549 2480 cum
574 2439 843 2487 incursantes,
870 2451 1130 2490 quacumque
1152 2436 1307 2476 exitum
1328 2435 1561 2476 ostenderet
1586 2449 1693 2489 spes,

336 2516 441 2542 vano
472 2501 715 2554 aliquotiens
747 2501 903 2555 impetu
933 2499 1081 2548 issent,
1119 2498 1269 2554 globus
1294 2498 1491 2538 iuvenum
1522 2512 1628 2537 unus
1655 2496 1696 2536 in

337 2563 472 2617 ipsum
497 2563 722 2611 consulem,
748 2563 955 2617 insignem
981 2561 1123 2610 armis,
1150 2560 1318 2601 invadit.
1367 2560 1499 2615 prima
1525 2565 1695 2612 excepta

337 2640 360 2664 a
385 2625 743 2667 circumstantibus
770 2625 869 2671 tela,
909 2624 1099 2664 sustineri
1125 2623 1272 2664 deinde
1297 2622 1359 2663 vis
1390 2621 1544 2675 nequit.
1599 2634 1696 2660 con-

339 2685 401 2725 sul
439 2687 646 2729 mortifero
683 2687 851 2729 vulnere
888 2687 993 2727 ictus
1032 2686 1158 2734 cadit,
1197 2685 1362 2738 fusique
1400 2684 1508 2724 circa
1538 2696 1692 2723 omnes.
