1780 3204
508 261 662 297 LIBER
687 263 732 307 v,
757 262 811 296 40.
830 261 884 297 41.
913 265 961 306 [a.
977 262 1016 296 e.
1031 262 1112 306 390]
1409 254 1489 295 291

138 366 238 407 nihil
262 367 373 420 quod
397 366 585 407 humanis
612 371 845 420 superesset
870 365 987 407 malis
1007 366 1302 420 relinquebant.
1341 382 1491 423 magna
1516 380 1535 409 4

137 444 231 483 pars
257 434 395 469 tamen
419 442 559 469 earum
583 428 624 468 in
649 442 784 468 arcem
810 442 907 469 suos
933 435 1171 482 persecutae
1192 435 1287 470 sunt
1305 444 1381 470 nec
1397 444 1492 484 pro-

138 489 301 531 hibente
338 490 421 531 ullo
456 504 532 530 nec
569 495 758 539 vocante,
795 490 909 543 quia,
947 490 1058 543 quod
1088 490 1185 531 utile
1221 490 1402 532 obsessis
1439 491 1492 532 ad

138 552 400 592 minuendam
435 551 626 592 inbellem
663 551 982 601 multitudinem,
1018 552 1061 592 id
1089 567 1236 607 parum
1266 552 1492 594 humanum

139 620 236 654 erat.
286 613 365 653 alia
400 613 577 654 maxime
612 612 744 667 plebis
781 612 917 663 turba,
955 628 1079 667 quam
1115 629 1191 655 nec
1227 629 1373 670 capere
1408 622 1491 656 tam
1517 629 1536 658 5

137 675 313 729 exiguus
341 674 455 715 collis
480 689 556 715 nec
581 674 687 715 alere
712 675 754 715 in
784 680 897 715 tanta
925 675 1065 730 inopia
1093 675 1288 717 frumenti
1316 684 1489 732 poterat,

138 752 189 777 ex
225 736 325 777 urbe
363 736 495 777 effusa
529 736 640 777 velut
677 736 840 792 agmine
875 737 957 777 iam
987 752 1069 778 uno
1098 738 1215 793 petiit
1245 738 1488 780 Ianiculum.

134 799 228 839 inde
253 814 347 853 pars
373 814 446 853 per
475 813 595 854 agros
627 799 792 853 dilapsi,
828 813 923 853 pars
955 799 1078 841 urbes
1108 807 1253 855 petunt
1281 801 1487 851 finitimas,
1516 816 1533 845 6

136 860 222 901 sine
259 860 341 901 ullo
378 861 480 901 duce
517 868 585 901 aut
622 875 843 910 consensu,
882 876 999 902 suam
1034 862 1208 916 quisque
1244 878 1378 918 spem,
1416 879 1491 904 sua

135 923 304 964 consilia
341 922 626 964 communibus
663 922 883 977 deploratis
915 931 1200 977 exsequentes.
1249 925 1400 966 flamen
1428 926 1490 966 in·
1517 939 1531 967 7

134 985 250 1025 terim
267 984 491 1037 Quirinalis
508 984 770 1040 virginesque
783 984 973 1026 Vestales
995 985 1149 1027 omissa
1165 1000 1301 1027 rerum
1323 1002 1489 1028 suarum

134 1061 249 1095 eura,
278 1061 382 1099 quae
409 1061 617 1087 sacrorum
643 1061 783 1087 secum
807 1046 994 1096 ferenda,
1027 1061 1149 1101 quae,
1183 1048 1279 1101 quia
1303 1048 1411 1090 vires
1437 1050 1489 1090 ad

133 1109 270 1148 onmia
305 1108 474 1148 ferenda
510 1108 694 1156 deerant,
731 1107 999 1161 relinquenda
1035 1115 1172 1149 essent
1209 1110 1487 1151 consultantes

131 1169 275 1222 quisve
297 1184 344 1209 ea
363 1169 477 1210 loeus
497 1169 607 1209 fideli
626 1169 915 1209 adservaturus
937 1169 1124 1210 custodia
1143 1177 1265 1219 esset,
1286 1171 1486 1224 optimum
1513 1184 1531 1213 S

130 1231 283 1270 ducunt
309 1231 471 1270 condita
494 1231 537 1270 in
556 1230 714 1271 doliolis
736 1230 885 1271 sacello
905 1231 1093 1285 proximo
1114 1231 1287 1273 aedibus
1307 1232 1484 1273 flaminis

130 1290 373 1343 Quirinalis,
404 1291 476 1332 ubi
506 1306 614 1332 nunc
646 1292 791 1347 despui
822 1292 965 1348 religio
991 1299 1070 1342 est,
1102 1293 1314 1344 defodere3
1352 1301 1487 1336 cetera

129 1353 231 1392 inter
256 1367 299 1393 se
325 1367 446 1393 onere
470 1353 619 1407 partito
644 1354 781 1394 ferunt
799 1355 883 1403 via,
910 1369 1015 1408 quac
1037 1354 1209 1396 sublicio
1229 1363 1354 1410 ponte
1375 1357 1485 1397 ducit

127 1415 179 1454 ad
203 1414 446 1455 Ianiculum.
495 1415 537 1455 in
570 1430 617 1456 eo
643 1415 748 1457 clivo
774 1431 843 1457 eas
870 1431 964 1457 cum
988 1416 1041 1457 L.
1068 1415 1263 1459 Albinius
1290 1418 1340 1459 de
1364 1418 1484 1473 plebe
1512 1434 1528 1461 a

127 1476 315 1517 Romana
340 1477 462 1518 homo
489 1478 790 1532 conspexisset,
817 1478 1000 1534 plaustro
1027 1479 1244 1535 coniugem
1264 1495 1312 1521 ac
1331 1480 1482 1522 liberos

126 1538 300 1588 habens,
327 1539 432 1580 inter
458 1547 633 1581 ceteram
659 1541 839 1591 turbam,
867 1555 972 1595 quae
991 1541 1145 1583 inutilis
1167 1541 1273 1583 bello
1293 1542 1394 1584 urbe
1414 1558 1485 1584 ex-

126 1600 315 1650 cedebat,
349 1601 463 1642 salvo
495 1602 618 1643 etiam
649 1610 736 1643 tum
768 1603 1003 1644 discrimine
1028 1603 1258 1644 divinarum
1283 1604 1484 1646 humana-
1513 1620 1551 1647 10

123 1677 295 1715 rumque
336 1677 473 1703 rerum
515 1664 795 1719 inreligiosum
836 1673 969 1714 ratus,
1019 1665 1252 1706 sacerdotes
1295 1666 1482 1720 publicos

126 1738 322 1776 sacraque
346 1725 489 1778 populi
513 1725 691 1766 Romani
715 1726 891 1780 pedibus
916 1727 974 1767 ire
1000 1726 1196 1780 ferrique,
1230 1741 1274 1767 se
1306 1742 1354 1768 ac
1386 1742 1482 1769 suos

125 1784 168 1824 in
192 1785 381 1826 vehiculo
407 1787 606 1841 conspici,
633 1788 881 1828 descendere
907 1803 1078 1829 uxorem
1105 1803 1150 1828 ac
1175 1803 1325 1842 pueros
1350 1789 1481 1839 iussit,

126 1846 306 1900 virgines
333 1861 530 1900 sacraque
554 1848 596 1887 in
620 1848 850 1902 plaustrum
874 1849 1056 1903 inposuit
1076 1856 1115 1890 et
1130 1849 1280 1900 Caere,
1306 1865 1387 1904 quo
1406 1852 1482 1892 iter

129 1907 411 1948 sacerdotibus
438 1916 541 1957 erat,
567 1910 764 1963 pervexit.

212 1968 443 2010 XXXXI.
481 1970 640 2011 Romae
658 1971 820 2012 interim
843 1972 941 2013 satis
960 1973 1042 2013 iam
1062 1973 1253 2014 omnibus
1279 1981 1323 2014 ut
1346 1975 1388 2015 in
1413 1975 1480 2016 tali
1510 1990 1523 2017 1

126 2047 169 2073 re
201 2033 254 2073 ad
283 2034 478 2074 tuendam
509 2049 644 2074 arcem
676 2035 912 2089 compositis
944 2035 1063 2077 turba
1094 2036 1300 2077 seniorum
1337 2037 1480 2079 domos

125 2109 315 2150 regressa
346 2095 567 2136 adventum
598 2096 776 2137 hostium
809 2096 1014 2138 obstinato
1045 2097 1099 2138 ad
1134 2105 1306 2139 mortem
1344 2099 1480 2140 animo

126 2156 403 2211 exspectabat.
443 2157 513 2210 qui
533 2172 674 2198 eorum
700 2158 860 2199 curules
886 2166 1101 2214 gesserant
1125 2160 1410 2215 magistratus,
1436 2173 1481 2201 ut
1506 2174 1523 2202 2

125 2218 167 2258 in
202 2218 389 2259 fortunae
420 2219 614 2273 pristinae
644 2219 926 2274 honorumque
957 2228 1027 2261 aut
1057 2221 1217 2262 virtutis
1249 2221 1479 2276 insignibus

125 2287 387 2327 morerentur,
415 2295 519 2333 quae
540 2282 833 2336 augustissima
851 2283 978 2323 vestis
1000 2291 1060 2323 cst
1081 2289 1218 2324 tensas
1235 2283 1478 2325 ducentibus

125 2342 541 2396 triumphantibusve‚
574 2358 622 2384 ea
646 2344 784 2384 vestiti
808 2345 943 2385 medio
974 2345 1137 2385 aedium
1171 2344 1336 2386 eburnis
1368 2345 1478 2387 sellis

125 2403 280 2444 sedere.
330 2411 425 2444 sunt
460 2405 531 2458 qui
559 2404 621 2446 M.
652 2405 784 2447 Fabio
821 2406 1014 2460 pontifice
1049 2406 1231 2448 maximo
1267 2407 1477 2461 praefante
1504 2421 1521 2450 3

123 2479 287 2505 carmen
312 2465 530 2507 devovisse
556 2481 625 2508 eos
652 2482 695 2508 se
714 2482 788 2522 pro
806 2469 937 2522 patria
952 2467 1264 2522 Quiritibusque
1277 2468 1476 2510 Romanis

121 2527 295 2567 tradant.
358 2525 485 2577 Galli,
524 2535 563 2569 et
599 2530 694 2582 quia
728 2530 968 2585 interposita.
1002 2542 1122 2571 nocte
1159 2546 1183 2571 a
1218 2532 1474 2573 contentione
1500 2547 1519 2573 4

120 2603 284 2643 pugnae
320 2590 560 2630 remiserant
596 2591 753 2631 animos
790 2599 829 2632 et
865 2592 976 2645 quod
1011 2606 1087 2632 nec
1120 2592 1163 2632 in
1193 2592 1279 2633 acie
1311 2592 1476 2648 ancipiti

119 2664 295 2703 usquam
328 2658 581 2693 certaverant
610 2653 764 2707 proelio
788 2668 864 2694 nee
890 2660 976 2693 tum
1001 2653 1157 2708 impetu
1181 2661 1251 2694 aut
1275 2654 1316 2695 vi
1340 2654 1474 2710 capie-

117 2709 217 2752 bant
259 2712 422 2763 urbem,
473 2714 559 2754 sine
602 2715 679 2763 ira,
731 2715 817 2755 sine
854 2716 997 2755 ardore
1034 2715 1262 2757 animorum
1297 2716 1473 2772 ingressi

1179 2781 1246 2815 19*
