1780 3204
460 240 614 275 LIBER
633 241 667 283 Ι,
694 240 747 274 34.
768 240 821 273 35.
851 243 898 283 [a.
913 237 952 273 C.
967 239 1162 282 fiio-570¹]
1435 232 1488 269 :39

132 349 311 389 humano
349 344 653 400 superpositum
689 343 811 398 capiti
848 343 992 391 decus,
1043 349 1085 382 ut
1122 342 1316 384 divinitus
1354 343 1486 383 cidem

131 410 331 451 redderet.

216 471 308 512 Has
341 484 435 524 spes
468 468 819 524 cogitationesque
851 482 991 508 secum
1021 474 1230 521 portantes
1261 467 1406 508 urbem
1432 468 1491 507 in-

132 533 265 588 gressi
301 540 413 580 sunt,
457 530 744 583 domicilioque
780 529 837 570 ibi
874 537 1109 583 comparato
1140 530 1192 570 L.
1220 529 1491 583 Tarquinium

132 595 322 636 Priscum
349 594 513 634 edidere
538 607 700 634 nomen.
750 592 949 633 Romanis
970 592 1237 646 conspicuum
1257 608 1351 633 eum
1377 593 1493 634 novi-

133 666 194 698 tas
220 657 469 709 divitiaeque
494 654 700 696 faciebant
726 662 765 695 et
790 655 878 709 ipse
910 654 1134 701 fortunam,
1171 655 1349 711 benigno
1381 656 1493 697 adlo-

132 719 246 771 quio,
290 718 482 759 comitate
517 716 717 758 invitandi
753 715 1045 769 beneficiisque
1080 731 1184 770 quos
1220 724 1379 772 poterat
1416 717 1493 759 sibi

132 779 407 829 conciliando,
444 778 685 826 adiuvabat,
725 778 856 818 donec
886 778 929 818 in
964 778 1121 832 regiam
1156 793 1320 832 quoque
1357 780 1408 820 de
1444 794 1493 820 co

132 842 244 882 fama
285 841 442 895 perlata
483 846 558 881 est.
618 839 886 892 notitiamque
929 853 1019 880 eam
1056 839 1171 880 brevi
1207 841 1317 894 apud
1352 855 1493 896 regem

133 903 353 944 liberaliter
377 902 600 954 dextreque
627 900 819 941 obeundo
838 900 976 941 officia
994 901 1035 940 in
1055 901 1269 942 familiaris
1289 903 1493 944 amicitiae

132 965 359 1006 adduxerat
394 964 501 1012 iura,
539 970 584 1004 ut
618 961 794 1016 publicis
831 962 984 1016 pariter
1019 977 1067 1003 ac
1102 963 1273 1017 privatis
1311 965 1491 1005 consiliis

131 1026 238 1067 bello
264 1026 457 1079 domique
482 1025 699 1066 interesset
724 1030 764 1064 et
787 1038 861 1078 pcr
891 1024 1030 1065 omnia
1059 1032 1252 1078 expertus
1284 1034 1491 1080 postremo

132 1095 240 1129 tutor
264 1088 386 1128 etiam
410 1086 549 1128 liberis
575 1086 685 1141 regis
711 1092 955 1126 testamento
981 1086 1272 1127 institueretur.

213 1148 414 1190 XXXV.
468 1148 677 1203 Regnavit
702 1147 848 1188 Ancus
880 1162 1009 1188 annos
1041 1154 1234 1200 quattuor
1265 1155 1304 1188 et
1335 1149 1492 1204 viginti,

130 1210 296 1251 cuilibet
339 1210 597 1264 superiorum
638 1224 784 1264 regum
820 1208 917 1250 belli
951 1209 1150 1264 pacisque
1186 1217 1226 1251 et
1262 1210 1418 1252 artibus
1455 1220 1493 1252 et

129 1272 260 1327 gloria
295 1286 380 1326 par.
430 1272 512 1313 iam
548 1271 620 1312 filii
656 1286 784 1326 prope
820 1270 1019 1325 puberem
1056 1278 1233 1312 aetatem
1269 1279 1395 1313 crant.
1445 1288 1494 1314 co

130 1333 264 1388 magis
290 1333 542 1386 Tarquinius
574 1333 745 1382 instare,
782 1342 828 1374 ut
858 1348 982 1386 quam
1012 1333 1191 1387 primum
1217 1334 1382 1376 comitia
1406 1335 1493 1390 regi

129 1395 306 1436 creando
332 1395 488 1436 fierent.
533 1394 683 1448 quibus
709 1395 874 1436 indictis
901 1394 978 1436 sub
1005 1403 1167 1450 tempus
1193 1410 1344 1450 pueros
1370 1412 1494 1438 vcna-

129 1466 214 1498 tum
241 1456 461 1512 ablegavit.
505 1457 623 1511 isque
649 1458 806 1512 primus
832 1464 872 1499 et
895 1457 1050 1512 petisse
1076 1457 1293 1500 ambitiose
1318 1474 1491 1514 regnum

128 1528 168 1562 et
197 1521 423 1562 orationem
453 1521 601 1562 dicitur
630 1521 826 1563 habuisse
857 1521 910 1562 ad
941 1521 1219 1562 conciliandos
1249 1521 1382 1575 plebis
1408 1522 1495 1562 ani-

1523 482 1559 510 10

1524 607 1555 634 ll

1521 1411 1538 1438 lx:

128 1599 218 1625 mos
257 1584 533 1638 conpositam:
566 1599 660 1625 cum
686 1599 731 1626 se
755 1599 838 1625 non
862 1599 949 1626 rem
974 1599 1125 1625 novam
1150 1591 1307 1639 petere,
1340 1586 1492 1640 quippe
1520 1600 1537 1626 ‚xz

126 1645 198 1698 qui
215 1660 299 1686 non
316 1646 493 1699 primus,
520 1647 632 1699 quod
650 1646 872 1700 quisquam
892 1646 1097 1701 indignari
1122 1647 1313 1688 mirarive
1338 1654 1492 1701 posset,

129 1708 202 1748 sed
228 1709 370 1749 tertius
390 1709 549 1750 Romae
573 1710 816 1764 peregrinus
841 1724 1016 1764 regnum
1042 1710 1238 1751 adfectet:
1265 1717 1305 1750 et
1326 1710 1492 1751 Tatium

129 1784 211 1810 non
236 1784 287 1810 ex
310 1771 528 1825 peregrino
554 1771 707 1820 solum,
735 1771 809 1812 sed
827 1771 952 1812 etiam
971 1786 1022 1812 ex
1040 1771 1158 1812 hoste
1177 1786 1317 1826 regem
1337 1771 1492 1812 factum

130 1838 171 1871 et
193 1831 374 1872 Numam
399 1832 591 1886 ignarum
616 1832 748 1881 urbis,
780 1848 862 1873 non
886 1839 1094 1887 potentem
1118 1833 1161 1873 in
1185 1848 1360 1888 regnum
1384 1834 1492 1875 ultro

130 1892 325 1942 accitum3
354 1892 478 1948 [tum]
503 1908 565 1942 se,
591 1908 644 1934 ex
662 1909 744 1947 quo
764 1894 827 1935 sui
852 1901 998 1948 potens
1024 1894 1168 1943 fuerit,
1195 1895 1373 1936 Romam
1398 1910 1492 1936 cum

129 1954 306 2009 coniuge
330 1969 379 1995 ac
403 1954 578 1996 fortunis
604 1955 796 1996 omnibus
823 1956 1140 2010 commigrasse,
1178 1957 1375 1997 maiorem
1400 1972 1493 2011 par-

131 2024 213 2056 tem
237 2016 381 2057 aetatis
407 2017 514 2066 eius,
546 2031 629 2070 qua
652 2017 842 2058 civilibus
867 2018 1015 2059 officiis
1040 2018 1267 2073 fungantur
1290 2018 1491 2067 homines,

130 2077 288 2119 Romae
314 2093 358 2119 se
383 2093 508 2131 quam
532 2078 573 2119 in
599 2086 736 2120 vetere
759 2079 892 2133 patria
910 2080 1085 2129 vixisse,
1112 2080 1224 2121 domi
1243 2080 1492 2134 militiaeque

131 2139 208 2180 sub
233 2139 336 2180 haut
369 2140 616 2194 paenitendo
641 2141 860 2195 magistro,
891 2141 984 2196 ipso
1009 2140 1130 2183 Anco
1154 2156 1271 2197 rege,
1302 2141 1493 2184 Romana
1517 2189 1520 2192 Α

131 2217 175 2243 se
199 2201 306 2251 iura,
332 2201 543 2243 Romanos
568 2202 670 2249 ritus
696 2202 909 2252 didicisse,
942 2203 1141 2256 obsequio
1167 2210 1206 2244 et
1230 2203 1493 2245 observantia

130 2265 172 2304 in
202 2278 343 2318 regem
375 2279 469 2304 cum
500 2264 710 2313 omnibus,
743 2264 997 2319 benignitate
1023 2280 1122 2320 erga
1146 2265 1248 2306 alios
1274 2280 1369 2307 cum
1392 2281 1489 2321 rcgc

131 2326 221 2380 ipso
252 2333 445 2367 certasse.
494 2326 596 2367 haec
626 2341 721 2367 eum
746 2327 846 2368 haut
880 2327 988 2368 falsa
1012 2335 1309 2369 memorantem
1333 2329 1489 2384 ingenti

130 2402 334 2428 consensu
358 2388 535 2442 populus
561 2388 775 2430 Romanus
800 2403 971 2444 regnare
996 2389 1128 2431 iussit.

214 2449 330 2504 Ergo
355 2450 490 2490 virum
514 2457 649 2508 cetera
673 2451 886 2506 egregium
912 2458 1070 2501 secuta,
1098 2466 1221 2505 quam
1247 2451 1289 2492 in
1313 2453 1490 2506 petendo

130 2511 346 2561 habuerat,
385 2512 508 2552 etiam
537 2520 778 2567 regnantem
803 2512 972 2554 ambitio
998 2520 1079 2563 cst,
1111 2528 1187 2555 nec
1212 2513 1347 2555 minus
1373 2515 1490 2569 regni

130 2573 193 2613 sui
223 2573 413 2614 firmandi
443 2588 568 2626 quam
599 2574 814 2629 augendae
845 2575 904 2615 rei
927 2574 1118 2629 publicae
1143 2590 1300 2617 memor
1324 2584 1488 2617 centum

129 2634 170 2674 in
200 2642 337 2689 patres
368 2635 483 2690 legit,
517 2635 587 2688 qui
617 2636 765 2677 deinde
790 2637 993 2677 minorum
1017 2637 1203 2691 gentium
1229 2644 1324 2679 sunt
1349 2638 1488 2692 appel-

130 2696 216 2746 lati,
256 2697 379 2738 factio
410 2697 510 2737 haut
552 2696 677 2738 dubia
707 2698 834 2753 regis,
873 2698 988 2739 cuius
1021 2698 1220 2740 beneficio
1252 2699 1294 2739 in
1330 2699 1486 2740 curiam
