1835 3226
261 375 277 401 *t

260 559 277 585 5

259 804 276 831 «ἶ

262 1610 280 1639 Na

261 1797 278 1825 3

261 2232 279 2259 5

263 2356 280 2384 6

310 247 390 288 212
580 251 732 286 LIBER
761 250 853 293 1111,
882 250 933 284 19.
953 249 1009 283 20.
1040 250 1390 294 [a.u.e.317—319]

305 358 360 398 dii
386 356 545 404 volunt,
575 354 806 408 legatorum
831 352 1022 394 manibus
1049 351 1181 394 dabo?
1230 352 1458 394 calcaribus
1490 354 1664 396 subditis

303 418 453 459 infesta
478 416 646 470 cuspide
671 415 713 455 in
738 429 865 455 unum
891 414 1020 455 fertur
1044 413 1218 455 hostem.
1273 429 1396 468 quem
1421 429 1515 456 cum
1539 417 1665 458 ictum

303 494 407 532 equo
444 477 678 526 deiecisset,
723 476 940 518 confestim
977 484 1016 517 et
1051 477 1141 531 ipse
1176 476 1296 517 hasta
1331 477 1496 518 innixus
1540 492 1584 518 se
1625 479 1664 519 in

302 541 428 596 pedes
455 539 629 594 excepit.
672 539 965 594 adsurgentem
990 538 1047 579 ibi
1071 553 1213 594 regem
1237 538 1417 580 umbone
1441 539 1664 594 resupinat,

302 602 600 657 repetitumque
633 601 797 655 saepius
830 601 1000 656 cuspide
1027 601 1079 641 ad
1104 607 1253 641 terram
1280 600 1434 642 adfixit.
1484 608 1572 642 tum
1597 616 1664 643 ex-

304 664 452 719 sangui
485 664 668 704 detracta
700 663 849 718 spolia,
888 669 1093 718 caputque
1118 662 1328 704 abscisum
1352 663 1483 704 victor
1509 664 1666 719 spiculo

305 741 453 782 gerens
478 732 631 766 terrore
658 726 768 766 caesi
792 725 902 780 regis
927 725 1068 766 hostes
1095 725 1213 766 fudit.
1262 725 1320 766 ita
1350 725 1533 778 equitum
1565 741 1666 779 quo-

304 803 383 842 que
409 788 504 829 fusa
528 788 656 836 acies,
683 802 788 841 quae
814 802 895 828 una
920 786 1074 828 fecerat
1099 801 1251 842 anceps
1277 793 1495 828 certamen.
1540 788 1667 829 dicta-

302 858 364 892 tor
381 850 614 906 legionibus
639 850 794 905 fugatis
819 850 944 890 instat
971 856 1009 890 et
1035 849 1086 890 ad
1113 856 1247 890 castra
1272 849 1492 904 conpulsos
1519 850 1664 891 caedit.

305 913 567 954 Fidenatium
604 913 769 966 plurimi
799 912 982 953 locorum
1014 912 1158 953 notitia
1194 912 1377 967 effugere
1413 912 1455 952 in
1491 918 1664 955 montes.

308 975 468 1017 Cossus
496 974 680 1016 Tiberim
706 990 799 1015 cum
825 975 1007 1028 equitatu
1033 981 1291 1016 transvectus
1318 989 1369 1015 ex
1394 989 1494 1029 agro
1514 974 1666 1016 Veien-

303 1045 398 1078 tano
424 1037 634 1092 ingentem
659 1037 804 1077 detulit
828 1036 1025 1091 praedam
1050 1036 1103 1077 ad
1127 1036 1284 1078 urbem.
1333 1037 1438 1078 inter
1462 1037 1664 1091 proelium

304 1106 344 1140 et
373 1099 425 1139 ad
457 1105 592 1139 castra
615 1098 805 1139 Romana
834 1105 1063 1154 pugnatum
1097 1106 1160 1139 est
1191 1098 1390 1140 adversus
1416 1106 1575 1153 partem
1601 1113 1667 1140 co-

303 1161 464 1216 piarum
490 1160 540 1201 ab
567 1160 808 1210 Tolumnio,
840 1167 885 1200 ut
911 1167 1004 1201 ante
1029 1161 1184 1201 dictum
1211 1167 1291 1211 est,
1323 1161 1375 1202 ad
1407 1167 1541 1202 castra
1570 1161 1667 1202 mis-

305 1239 405 1264 sam.
460 1222 615 1263 Fabius
641 1222 875 1263 Vibulanus
907 1237 1057 1263 corona
1081 1223 1260 1277 primum
1284 1223 1437 1264 vallum
1453 1223 1666 1271 ‘defendit3

305 1286 482 1326 intentos
509 1284 657 1325 deinde
682 1284 822 1325 hostes
842 1285 884 1325 in
904 1285 1058 1325 vallum
1079 1299 1272 1340 egressus
1292 1286 1435 1326 dextra
1452 1285 1666 1340 principali

306 1364 399 1390 cum
431 1349 578 1389 triariis
609 1354 776 1402 repente
808 1348 976 1388 invadit.
1026 1362 1107 1401 quo
1143 1363 1296 1402 pavore
1331 1348 1481 1388 iniecto
1520 1347 1665 1389 caedes

307 1412 452 1460 minor,
479 1411 575 1464 quia
593 1411 808 1465 pauciores
829 1416 962 1459 erant,
989 1409 1089 1465 fuga
1109 1425 1191 1450 non
1210 1410 1346 1451 minus
1366 1410 1524 1464 trepida
1543 1424 1664 1464 quam

306 1473 348 1513 in
373 1473 459 1514 acie
484 1473 574 1513 fuit.

392 1534 501 1575 XX.
552 1534 754 1575 Omnibus
791 1534 891 1575 locis
929 1549 971 1575 re
1008 1533 1112 1575 bene
1144 1541 1263 1589 gesta
1293 1535 1467 1575 dictator
1499 1541 1665 1576 senatus

307 1596 494 1637 consulto
513 1596 714 1649 iussuque
732 1596 872 1650 populi
892 1596 1148 1650 triumphans
1167 1597 1208 1636 in
1227 1596 1371 1637 urbem
1385 1597 1515 1637 rediit.
1542 1596 1666 1651 longe

305 1658 531 1699 maximum
557 1658 752 1712 triumphi
778 1657 1057 1712 spectaculum
1083 1658 1161 1698 fuit
1188 1657 1348 1699 Cossus
1375 1659 1505 1713 spolia
1531 1659 1668 1713 opima

303 1720 413 1776 regis
444 1720 648 1760 interfecti
677 1734 838 1774 gerens,
888 1720 929 1760 in
961 1734 1056 1760 eum
1081 1720 1230 1761 milites
1256 1721 1437 1761 carmina
1461 1721 1668 1762 incondita

305 1789 528 1836 aequantes
561 1796 654 1822 cum
679 1781 860 1823 Romulo
892 1797 1052 1823 canere.
1103 1782 1233 1836 spolia
1257 1783 1300 1823 in
1325 1783 1425 1823 aede
1450 1782 1563 1824 Iovis
1587 1783 1667 1824 Fe-

304 1844 415 1885 retrii
444 1858 572 1899 prope
602 1843 770 1884 Romuli
801 1843 949 1899 spolia,
988 1858 1093 1898 quae
1124 1844 1257 1898 prima
1291 1845 1429 1899 opima
1465 1845 1668 1899 appellata

305 1906 393 1947 sola
417 1920 466 1947 ca
490 1912 734 1961 tempestate
760 1914 893 1955 erant,
927 1921 1022 1947 cum
1053 1906 1241 1947 sollemni
1271 1907 1528 1947 dedicatione
1559 1907 1667 1948 dono

306 1968 406 2009 fixit.
457 1974 739 2022 averteratque
770 1968 813 2009 in
844 1983 887 2010 se
919 1984 944 2010 a
974 1983 1096 2009 curru
1120 1969 1330 2010 dictatoris
1356 1969 1507 2009 civium
1533 1984 1605 2010 ora
1629 1976 1667 2010 ct

309 2029 556 2071 celebritatis
582 2030 670 2071 eius
697 2031 779 2071 diei
804 2030 985 2071 fructum
1009 2045 1137 2085 prope
1164 2030 1276 2072 solus
1297 2030 1456 2071 tulerat.
1495 2031 1668 2072 dictator

305 2107 498 2134 coronam
529 2107 697 2133 auream
725 2091 872 2134 libram
896 2092 1036 2147 pondo
1061 2107 1114 2134 ex
1137 2092 1303 2147 publica
1326 2093 1502 2147 pecunia
1525 2093 1668 2148 populi

304 2154 421 2196 iussu
446 2155 488 2195 in
514 2154 721 2209 Capitolio
746 2154 837 2196 Iovi
862 2154 1017 2195 donum
1040 2155 1191 2209 posuit.

392 2215 542 2259 Omnis
574 2225 668 2258 ante
699 2232 764 2258 me
796 2223 983 2258 auctores
1016 2224 1181 2258 secutus
1212 2216 1266 2258 A.
1296 2216 1535 2258 Cornelium
1563 2217 1668 2259 Cos-

306 2295 396 2320 stmi
422 2279 632 2320 tribunum
657 2279 833 2320 militum
855 2280 1036 2320 secunda
1056 2279 1188 2334 spolia
1207 2279 1345 2335 opima
1362 2279 1475 2321 Iovis
1494 2280 1668 2322 Feretrii

307 2341 459 2397 templo
484 2342 672 2383 intulisse
704 2342 889 2397 exposui.
940 2348 1139 2391 ceterum,
1172 2349 1460 2397 praeterquam
1484 2343 1596 2397 quod
1621 2358 1667 2384 ea

306 2404 379 2445 rite
405 2405 543 2459 opima
568 2405 700 2459 spolia
724 2403 944 2454 habentur,
982 2419 1087 2458 quae
1118 2405 1204 2445 dux
1234 2405 1329 2445 duci
1360 2405 1554 2455 detraxit,
1591 2420 1667 2446 nec

307 2466 454 2507 ducem
479 2467 669 2508 novimus
696 2467 775 2508 nisi
800 2466 917 2507 cuius
943 2466 1128 2521 auspicio
1153 2465 1308 2507 bellum
1332 2467 1499 2522 geritur,
1526 2467 1667 2508 titulus

262 2573 271 2582 Ι
309 2528 395 2581 ipse
432 2529 574 2583 spoliis
610 2529 831 2584 inscriptus
867 2529 959 2570 illos
997 2543 1144 2582 meque
1181 2529 1334 2584 arguit,
1374 2529 1584 2570 consulem
1621 2544 1669 2570 ca

310 2589 491 2631 Cossum
517 2590 690 2646 cepisse.

392 2652 488 2693 Hoc
519 2668 597 2708 ego
628 2669 721 2695 cum
752 2654 996 2709 Augustum
1023 2652 1266 2703 Caesarem,
1305 2654 1549 2709 templorum
1580 2667 1667 2692 om-

311 2713 422 2753 nium
449 2716 700 2757 conditorem
728 2730 776 2757 ac
799 2716 1096 2766 restitutorem,
1121 2716 1356 2770 ingressum
1382 2715 1525 2756 aedem
1542 2713 1579 2754 F
1581 2728 1667 2754 ere-
