1835 3226
298 204 381 245 504
602 210 757 244 LIBER
782 209 838 254 X,
865 210 986 243 9—11.
1014 212 1061 253 [a.
1075 220 1108 244 u.
1125 220 1155 244 0.
1170 209 1245 244 455.
1265 210 1346 254 4513]

298 313 555 362 censoribus,
588 312 800 366 tribusque
832 312 994 354 additae
1026 312 1156 354 duae:
1193 311 1391 355 Aniensis
1423 328 1470 355 ac
1502 314 1656 356 Teren-

298 378 394 418 tina.
443 376 544 416 hace
569 375 728 416 Romae
753 382 884 430 gesta.

256 454 266 481 1
382 439 442 479 X.
488 437 684 478 Ceterum
710 437 763 478 ad
786 436 1023 490 Nequinum
1054 437 1252 492 oppidum
1278 452 1372 479 cum
1399 439 1515 494 segni
1546 439 1656 481 obsi-

296 502 417 542 dione
448 507 609 554 tcmpus
642 506 857 549 tereretur,
889 500 971 541 duo
997 514 1048 541 ex
1073 500 1308 555 oppidanis,
1342 515 1516 554 quorum
1541 511 1655 542 erant

297 563 482 604 aedificia
506 562 646 602 iuncta
670 577 805 611 muro,
839 577 966 616 specu
996 561 1106 603 facto
1137 562 1190 603 ad
1221 563 1418 604 stationes
1443 563 1653 605 Romanas

284 626 438 666 *itinere
459 623 618 665 occulto
643 624 906 678 perveniunt3
932 624 1027 665 inde
1047 624 1100 665 ad
1119 624 1330 666 consulem
1356 625 1521 666 deducti
1540 640 1657 680 prae-

298 687 447 728 sidium
472 692 675 727 armatum
701 700 744 727 se
770 686 876 727 intra
894 686 1057 727 moenia
1076 693 1115 727 01
1134 701 1273 728 muros
1299 693 1538 742 accepturos
1560 702 1656 728 con-

252 764 270 791 3
295 749 470 790 firmant.
512 762 588 789 nec
614 749 872 803 aspernanda
896 763 961 790 res
980 749 1070 790 visa
1094 764 1226 803 neque
1251 750 1412 791 incaute
1439 750 1654 791 credenda.

297 826 391 852 cum
428 810 555 852 altero
592 825 734 851 corum
760 836 812 841 —
844 826 941 852 nam
977 811 1079 852 alter
1115 811 1237 853 obses
1275 818 1456 854 retentus
1488 837 1542 841 —
1573 813 1655 853 duo

251 887 271 915 4
297 873 577 928 exploratores
603 887 677 927 per
701 873 936 914 cuniculum
963 874 1097 923 missi3
1122 889 1196 929 per
1214 888 1317 928 quos
1344 875 1443 916 satis
1463 881 1657 929 conperta

295 950 338 977 re
364 935 534 976 trecenti
559 935 704 976 armati
729 935 944 991 transfuga
969 936 1072 977 duee
1098 937 1140 977 in
1164 936 1309 978 urbem
1334 937 1512 992 ingrcssi
1537 944 1656 978 nocte

295 1004 474 1052 portam,
507 1011 612 1051 quae
638 997 826 1052 proxima
851 1005 955 1048 erat,
988 1013 1144 1053 cepere.
1194 1014 1276 1053 qua
1306 1000 1482 1041 refracta
1512 999 1657 1042 consul

252 1074 270 1102 5
298 1060 581 1113 exercitusque
596 1059 810 1101 Romanus
837 1061 924 1102 sine
950 1061 1170 1102 certamine
1195 1060 1339 1102 mbem
1363 1062 1564 1104 invasere.
1601 1062 1658 1103 ita

295 1122 531 1176 Nequinum
568 1122 609 1162 in
639 1122 835 1164 ditionem
865 1123 1007 1177 populi
1036 1123 1214 1165 Romani
1244 1124 1367 1165 venit.
1417 1124 1577 1166 colonia
1608 1139 1656 1166 eo

297 1185 495 1225 adversus
516 1183 700 1225 Umbros
727 1185 855 1225 missa
880 1201 904 1225 a
927 1184 1095 1226 flumine
1114 1184 1268 1227 Narnia
1293 1186 1515 1241 appellata:
1542 1201 1657 1227 excr-

299 1247 403 1287 eitus
430 1261 523 1287 cum
551 1261 701 1301 magna
724 1247 879 1300 praeda
903 1246 1082 1288 Romam
1106 1248 1314 1289 reductus.

254 1322 272 1351 6
382 1308 545 1349 Eodem
578 1323 686 1348 anno
717 1307 768 1348 ab
799 1307 989 1349 Etruscis
1022 1309 1220 1350 adversus
1251 1309 1431 1350 indutias
1467 1317 1654 1364 paratum

298 1370 465 1411 bellum.
510 1370 583 1410 scd
609 1384 678 1410 cos
705 1369 786 1409 alia
810 1369 1012 1410 molientis
1041 1368 1254 1411 Gallorum
1280 1371 1425 1425 ingens
1453 1371 1654 1412 exercitus

255 1445 271 1473 7
298 1432 400 1473 fines
442 1431 655 1486 ingressus
698 1430 908 1485 paulisper
948 1447 972 1472 a
1012 1432 1223 1486 proposito
1266 1432 1422 1473 avertit.
1482 1433 1656 1487 pecunia

298 1493 464 1542 deinde,
503 1507 585 1546 qua
620 1492 795 1532 multum
833 1499 1039 1547 poterant,
1078 1493 1171 1534 freti
1210 1494 1343 1535 socios
1381 1509 1431 1534 ex
1466 1494 1654 1535 hostibus

298 1556 433 1596 faeere
460 1553 604 1596 Gallos
630 1561 845 1603 conantur,
878 1561 921 1595 ut
947 1570 995 1596 eo
1020 1555 1212 1596 adiuncto
1243 1556 1424 1596 exercitu
1455 1571 1547 1597 cum
1571 1556 1656 1597 Ro-

253 1632 272 1661 s
298 1617 429 1658 manis
461 1616 670 1658 bellarent.
725 1616 777 1657 de
808 1617 1001 1658 societate
1032 1616 1132 1658 haut
1167 1616 1352 1658 abnuunt
1388 1617 1568 1667 barbari,
1605 1618 1655 1658 de

298 1680 486 1721 mercede
512 1679 658 1734 agitur.
708 1694 789 1733 qua
813 1686 935 1733 pacta
959 1686 1210 1734 acceptaque
1236 1695 1329 1720 011111
1354 1686 1497 1734 parata
1522 1688 1657 1722 cetera

299 1743 350 1784 ad
375 1741 528 1783 bellum
555 1748 693 1782 essent
719 1741 918 1795 sequique
943 1741 1148 1783 Etruscus
1174 1741 1343 1790 iuberet,
1370 1742 1520 1783 infitias
1546 1749 1655 1791 eunt,

255 1817 272 1846 9
299 1805 530 1845 mercedem
569 1818 612 1845 se
648 1803 745 1845 belli
774 1803 974 1845 Romanis
1010 1803 1213 1844 inferendi
1247 1810 1403 1858 pactos.
1459 1804 1658 1857 quidquid

299 1866 548 1921 acceperint,
582 1866 813 1921 accepisse,
845 1880 895 1907 ne
927 1881 1074 1921 agrum
1099 1865 1326 1906 Etruscum
1356 1871 1565 1906 vastarent
1595 1881 1658 1906 ar-

236 1942 274 1970 10
300 1929 460 1982 misque
484 1928 735 1969 lacesserent
760 1928 951 1970 cultores.
1000 1928 1244 1969 militaturos
1270 1934 1408 1968 tamen
1433 1942 1495 1978 se,
1523 1928 1557 1968 si
1582 1928 1659 1968 1111-

300 2005 379 2044 quc
409 1991 581 2032 Etrusci
617 1991 761 2040 velint,
801 1991 874 2031 sed
909 1990 1023 2031 nulla
1059 1989 1139 2030 alia
1169 1990 1357 2030 mercede
1388 2004 1513 2043 quam
1542 1996 1587 2030 ut
1617 1990 1659 2030 111

296 2060 454 2107 partem
480 2052 568 2108 agri
593 2052 845 2107 accipiantur
871 2052 1118 2105 tandemque
1144 2051 1280 2105 aliqua
1306 2051 1402 2092 sede
1428 2058 1538 2092 certa
1563 2066 1660 2092 con-

236 2128 272 2156 11
302 2115 460 2155 sistant.
511 2114 641 2154 multa
665 2114 716 2155 de
742 2129 790 2155 eo
817 2114 990 2155 concilia
1019 2113 1266 2168 populorum
1290 2113 1480 2154 Etruriae
1505 2113 1658 2162 habita,

299 2191 375 2218 nec
399 2176 541 2231 perfici
565 2176 784 2231 quiequam
809 2176 954 2231 potuit,
980 2191 1063 2217 non
1088 2183 1171 2217 tam
1197 2176 1293 2229 quia
1317 2175 1489 2216 inminui
1513 2191 1659 2230 agrum

300 2253 424 2292 quam
455 2239 553 2292 quia
583 2239 744 2280 accolas
777 2238 856 2279 sibi
886 2239 1062 2292 quisque
1094 2239 1318 2293 adiungere
1350 2245 1434 2278 tam
1466 2238 1659 2279 efferatae

236 2313 274 2342 12
299 2301 434 2355 gentis
465 2300 652 2342 homines
684 2300 888 2342 horrebat.
937 2300 994 2341 ita
1025 2300 1184 2341 dimissi
1211 2299 1320 2341 Galli
1351 2300 1568 2354 pecuniam
1598 2299 1660 2339 in-

300 2369 466 2417 gentem
493 2363 580 2404 sine
604 2362 744 2404 labore
771 2377 818 2404 ac
843 2362 1024 2417 periculo
1056 2369 1241 2416 paratam
1272 2362 1526 2403 rettulerunt.
1575 2361 1659 2402 Ro-

301 2439 391 2466 mae
423 2431 617 2466 terrorem
647 2424 837 2480 praebuit
867 2425 979 2466 sama
1011 2422 1161 2466 Gallici
1191 2424 1391 2465 tumultus
1424 2424 1476 2465 ad
1506 2423 1659 2465 bellum

301 2486 526 2528 Etruscum
551 2487 717 2528 adiecti:
744 2501 792 2528 eo
817 2487 953 2528 minus
980 2493 1219 2528 cunctanter
1242 2486 1389 2528 foedus
1414 2486 1540 2527 ictum
1565 2500 1659 2526 011111

303 2548 462 2589 Picenti
486 2549 640 2603 populo
666 2556 740 2590 cst.

263 2623 272 2650 1
387 2611 469 2651 XI.
520 2611 569 2652 T.
596 2611 756 2653 Manlio
783 2612 941 2654 consuli
967 2612 1178 2667 provincia
1201 2611 1370 2652 Etruria
1396 2618 1503 2653 sorte
1528 2610 1656 2659 venit3

302 2671 371 2723 qui
397 2672 566 2713 vixdum
592 2674 803 2728 ingressus
830 2674 1010 2716 hostium
1036 2674 1128 2714 finis
1155 2689 1248 2715 cum
1274 2680 1530 2714 exerceretm·
1555 2673 1658 2712 111101·

252 639 270 666 {C
