1835 3226
281 1309 318 1338 10

282 1621 315 1649 11

302 2121 319 2149 2

344 252 427 292 3th
685 255 839 289 LIBER
864 254 934 296 VI,
960 254 1014 288 ⁶24.
1036 253 1090 287 25.
1119 256 1215 297 [a.u.
1231 264 1260 287 e.
1276 253 1358 297 374]

343 361 462 402 sunt?
498 360 631 414 pudor
655 358 787 413 primo
812 357 942 398 tenuit
960 357 1135 406 effusos,
1162 356 1257 397 inde
1277 362 1322 396 ut
1341 356 1563 412 circumagi
1584 358 1700 413 signa

343 422 582 475 obvertique
608 421 738 462 aciem
757 420 948 461 viderunt
966 420 1008 460 in
1026 419 1202 469 hostem,
1229 428 1268 459 et
1293 419 1390 468 duX,
1416 425 1702 473 praeterquam

342 485 453 539 quod
477 490 538 525 tot
561 483 735 539 insignis
762 482 992 538 triumphis,
1020 482 1143 524 etiam
1163 487 1296 523 aetate
1314 481 1573 531 venerabilis,
1600 481 1704 523 inter

341 548 473 601 prima
498 547 628 601 signa,
656 545 727 586 ubi
751 545 952 600 plurimus
977 544 1094 586 labor
1117 543 1427 599 periculumque
1449 550 1545 593 erat,
1573 558 1616 585 se
1643 543 1705 584 of-

341 609 518 659 ferebat,
555 609 767 663 increpare
800 607 953 663 singuli
985 622 1028 648 se
1061 607 1236 661 quisque
1262 615 1301 647 et
1327 606 1447 655 alios,
1486 612 1526 646 et
1557 606 1705 647 adhor-

342 672 440 712 tatio
465 671 642 712 invicem
668 677 795 711 totam
821 669 946 710 alacri
973 669 1152 710 elamore
1176 668 1360 724 pervasit
1384 668 1527 709 aciem.
1570 682 1705 722 neque

341 735 443 775 alter
467 733 654 792 tribunus
678 733 737 774 rei
762 732 911 782 defuit,
951 732 1024 773 sed
1048 732 1202 773 missus
1228 747 1252 772 a
1277 731 1435 786 collega
1466 731 1705 772 restituente

341 796 526 851 peditum
552 795 683 836 aciem
709 795 761 835 ad
786 794 963 848 equites,
996 808 1078 834 non
1104 793 1364 848 castigando,
1393 793 1444 833 ad
1469 807 1594 846 quam
1619 808 1704 834 rem

341 858 537 900 leviorem
569 866 777 899 auctorem
815 872 909 897 eum
947 856 1091 911 culpae
1131 856 1306 897 societas
1337 855 1509 904 fecerat,
1550 855 1622 896 sed
1654 855 1706 896 ab

342 921 513 977 imperio
539 926 647 962 totus
673 920 727 960 ad
756 934 899 974 preces
931 933 1076 960 versus
1109 933 1223 960 orare
1256 918 1440 973 singulos
1471 918 1707 959 universos-

342 999 439 1038 que,
476 989 522 1024 ut
559 998 602 1024 se
637 997 754 1025 reum
789 982 979 1023 fortunae
1016 981 1103 1022 eius
1141 980 1222 1021 diei
1259 980 1426 1020 crimine
1463 980 1706 1021 eximerent:

344 1046 566 1087 ‘abnuente
599 1060 647 1086 ac
677 1044 920 1100 prohibente
957 1043 1116 1098 collega
1151 1043 1390 1084 temeritatis
1425 1057 1488 1083 me
1525 1043 1707 1084 omnium

342 1109 477 1163 potius
505 1108 662 1149 socium
688 1123 813 1161 quam
845 1107 965 1147 unius
996 1106 1238 1161 prudentiae
1269 1105 1376 1146 dedi.
1440 1104 1641 1146 Camillus
1667 1105 1708 1144 in

344 1179 515 1225 utraque
540 1178 677 1211 vestra
701 1170 867 1210 fortuna
892 1184 1009 1210 suam
1034 1168 1208 1223 gloriam
1234 1168 1364 1208 videt:
1402 1182 1498 1223 ego,
1526 1167 1567 1207 ni
1592 1167 1710 1208 resti-

343 1234 469 1274 tuitur
493 1248 650 1288 pugna,
678 1233 789 1286 quod
814 1231 1089 1272 miserrimum
1116 1237 1196 1279 est,
1224 1230 1431 1270 fortunam
1458 1245 1551 1270 cum
1578 1230 1708 1269 omni-

345 1295 435 1345 bus,
462 1295 674 1336 infamiam
701 1294 813 1335 solus
841 1293 1040 1334 sentiam.’
1077 1293 1278 1347 optimum
1304 1292 1439 1332 visum
1466 1298 1527 1332 est
1547 1291 1588 1331 in
1608 1291 1708 1332 fluc-

344 1365 527 1399 tuantem
564 1358 712 1406 aciem,
751 1357 856 1397 tradi
892 1371 1020 1410 equos
1058 1362 1097 1396 et
1132 1355 1312 1409 pedestri
1343 1369 1484 1409 pugna
1513 1354 1707 1394 invadere

343 1421 517 1461 hostem.
569 1427 666 1461 eunt
691 1419 877 1474 insignes
904 1418 1027 1459 armis
1054 1417 1302 1470 animisque,
1329 1431 1411 1469 qua
1435 1416 1566 1470 premi
1590 1422 1706 1470 parte

344 1483 522 1523 maxime
547 1482 732 1536 peditum
758 1482 897 1536 copias
929 1480 1081 1520 vident.
1141 1479 1242 1520 nihil
1272 1493 1406 1532 neque
1438 1478 1549 1532 apud
1580 1478 1706 1518 duces

344 1559 477 1597 neque
509 1544 618 1598 apud
650 1543 799 1584 milites
829 1542 1049 1583 remittitur
1074 1557 1098 1582 a
1124 1556 1285 1581 summo
1317 1541 1538 1581 certamine
1570 1540 1707 1580 animi.

346 1606 472 1647 sensit
499 1620 597 1660 ergo
624 1616 794 1645 eventus
820 1604 981 1644 virtutis
1013 1604 1157 1644 enixae
1189 1617 1327 1657 opem,
1366 1608 1406 1643 et
1431 1601 1590 1651 Volsci,
1629 1617 1711 1655 qua

344 1669 467 1710 modo
493 1668 684 1708 simulato
709 1674 823 1707 metu
848 1672 1069 1715 cesserant,
1097 1680 1144 1706 ea
1169 1666 1211 1705 in
1237 1680 1377 1705 veram
1403 1664 1547 1719 fugam
1573 1664 1708 1713 effusi,

344 1746 497 1786 magna
531 1745 627 1785 pars
660 1736 700 1770 et
729 1729 771 1769 in
801 1729 892 1783 ipso
924 1727 1145 1769 certamine
1183 1734 1223 1768 et
1258 1733 1351 1781 post
1381 1726 1423 1766 in
1453 1726 1555 1781 fuga
1586 1726 1708 1775 caesi,

346 1795 469 1835 ceteri
499 1794 541 1834 in
573 1793 737 1842 eastris,
774 1807 880 1846 quae
906 1798 1026 1846 capta
1057 1791 1203 1832 eodem
1227 1790 1385 1845 impetu
1416 1796 1522 1830 sunt.
1571 1789 1709 1844 plures

346 1864 484 1897 tamen
509 1856 617 1910 capti
643 1870 767 1908 quam
794 1854 932 1896 occisi.

429 1918 581 1960 XXV.
642 1918 730 1959 Ubi
764 1917 807 1958 in
843 1916 1106 1958 recensendis
1144 1915 1316 1970 captivis
1354 1929 1448 1955 cum
1485 1913 1711 1955 Tusculani

346 1982 502 2035 aliquot
532 1981 851 2029 noscitarentur,
891 1979 1037 2020 secreti
1069 1978 1119 2019 ab
1152 1977 1241 2018 aliis
1273 1978 1325 2018 ad
1362 1977 1546 2018 tribunos
1583 1977 1712 2017 addu-

347 2051 511 2093 cuntur,
544 2042 963 2098 percontantibusque
989 2041 1109 2089 fassi,
1142 2039 1308 2095 publico
1335 2039 1504 2080 consilio
1537 2053 1580 2079 se
1606 2038 1712 2079 mili-

347 2114 468 2148 tasse.
513 2106 630 2147 cuius
657 2112 741 2146 tam
766 2105 891 2145 vicini
916 2104 1013 2145 belli
1039 2110 1151 2143 metu
1171 2102 1372 2144 Camillus
1399 2107 1535 2142 motus
1556 2107 1711 2141 extem-

345 2169 413 2223 plo
451 2183 494 2209 se
524 2168 703 2209 Romam
740 2167 924 2221 captivos
962 2167 1181 2206 ducturum
1212 2164 1286 2214 ait,
1324 2179 1374 2204 ne
1405 2169 1543 2218 patres
1576 2163 1709 2218 ignari

349 2231 447 2280 sint,
481 2230 742 2271 Tusculanos
769 2229 821 2270 ab
848 2229 1043 2270 societate
1076 2227 1270 2268 descisse.
1320 2226 1464 2266 castris
1497 2225 1712 2266 exercitui-

347 2308 427 2346 que
452 2293 626 2342 interim,
655 2292 689 2333 si
714 2291 913 2340 videatur,
940 2290 1093 2345 praesit
1119 2289 1290 2344 collega.
1330 2289 1577 2329 documento
1603 2303 1710 2328 unus

347 2356 434 2396 dies
460 2355 605 2404 fuerat,
633 2369 683 2395 ne
710 2369 785 2394 sua
809 2353 980 2394 consilia
1006 2351 1242 2393 melioribus
1269 2350 1505 2406 praeferret.
1550 2365 1625 2390 nee
1651 2359 1711 2390 ta-

348 2433 442 2458 men
467 2424 537 2458 aut
560 2417 640 2472 ipsi
665 2423 735 2457 aut
759 2416 801 2456 in
826 2415 1007 2456 exercitu
1033 2415 1223 2467 cuiquam
1257 2414 1355 2454 satis
1386 2413 1548 2467 placato
1573 2412 1710 2453 animo

349 2479 550 2520 Camillus
577 2479 734 2519 laturus
761 2478 923 2532 culpam
951 2477 1038 2518 eius
1064 2475 1299 2524 videbatur,
1333 2490 1415 2528 qua
1439 2475 1535 2515 data
1560 2474 1602 2514 in
1628 2480 1710 2514 tam

348 2542 615 2596 praecipitem
640 2555 782 2582 casum
807 2555 872 2581 res
903 2539 1070 2594 publica
1101 2544 1228 2587 esset,
1267 2544 1307 2577 et
1332 2552 1425 2577 eum
1456 2536 1499 2576 in
1529 2535 1710 2577 exercitu

349 2612 436 2644 tum
459 2604 619 2645 Romae
645 2609 837 2644 constans
870 2602 1054 2643 omnium
1085 2601 1198 2642 fama
1223 2606 1326 2650 erat,
1365 2614 1458 2640 cum
1489 2599 1604 2639 varia
1628 2597 1710 2638 for-

351 2673 448 2706 tuna
478 2666 518 2706 in
544 2665 709 2706 Volscis
741 2671 860 2721 gesta
883 2679 949 2706 res
975 2670 1102 2713 esset,
1141 2663 1339 2704 adversae
1369 2675 1534 2716 pugnae
1565 2659 1710 2715 fugae-

351 2741 430 2783 que
466 2728 507 2768 in
537 2728 590 2769 L.
622 2728 749 2769 Furio
787 2727 969 2782 eulpam,
1019 2726 1224 2768 secundae
1261 2725 1387 2766 decus
1425 2737 1544 2764 omne
1579 2735 1706 2777 penes
