1780 3204
444 273 598 307 LJBER
620 272 695 317 111,
721 272 774 306 52.
794 272 847 305 53
877 274 924 314 [a.
940 270 1075 314 e.449]
1363 261 1445 301 ΠΒ

94 379 272 434 amplexi
291 377 461 418 tenetis?
487 377 604 419 tectis
623 391 668 417 ac
688 375 912 430 parietibus
938 374 1026 414 iura
1051 373 1197 414 dicturi
1216 372 1340 414 estis?
1364 387 1446 412 non
1473 388 1488 415 ῖ

92 442 230 496 pudet,
251 440 440 480 lictorum
457 446 685 479 vestrorum
704 437 898 477 maiorem
919 450 1045 490 prope
1064 450 1279 475 numerum
1298 435 1340 475 in
1358 434 1447 474 foro

93 501 276 556 conspici
300 516 424 554 quam
448 507 680 555 togatorum
706 497 1022 550 aliorum(que)?
1047 497 1156 550 quid,
1183 497 1216 537 si
1236 497 1376 537 hostes
1396 496 1448 536 ad

93 564 236 604 urbem
251 563 427 612 veniant,
449 561 595 603 facturi
614 561 738 602 estis?
761 560 872 613 quid,
896 559 930 599 si
948 558 1063 613 plebs
1084 574 1192 607 mox,
1213 558 1283 599 ubi
1302 573 1447 612 parum

94 625 325 665 secessione
351 630 575 672 moveatur,
602 629 758 663 armata
782 621 943 662 veniat?
968 635 1169 661 occasune
1189 619 1302 660 urbis
1324 619 1446 659 vultis

93 687 208 727 finire
232 685 476 739 imperium?
506 684 618 737 atqui
643 690 713 724 aut
736 682 854 737 plebs
879 697 961 723 non
987 688 1049 722 est
1072 681 1262 722 habenda
1287 687 1357 721 aut
1376 680 1449 721 ha·
1474 691 1492 720 S

93 749 215 789 bendi
247 757 343 788 sunt
373 747 525 800 tribuni
555 746 706 800 plebis:
744 760 819 786 nos
845 745 964 785 citius
991 745 1241 785 caruerimus
1266 743 1446 798 patriciis

93 809 399 865 magistratibus
420 824 542 862 quam
561 808 619 848 illi
638 807 807 862 plebeis.
832 821 982 847 novam
1001 806 1338 860 inexpertamque
1358 820 1446 845 eam
1475 816 1492 844 9

92 880 339 925 potestatem
359 871 541 924 eripuere.
560 869 745 923 patribus
765 868 927 917 nostris,
952 882 1004 908 ne
1024 882 1131 908 nunc
1150 867 1365 908 dulcedine
1386 881 1450 907 se-

94 933 174 972 mel
200 933 308 987 capti
331 932 464 972 ferant
489 930 755 979 desiderium,
782 944 876 969 cum
900 929 1139 983 praesertim
1159 943 1235 968 nec
1254 943 1328 969 nos
1349 936 1451 969 tem-

93 1009 282 1048 peremus
314 993 514 1048 imperiis,
547 1007 628 1046 quo
659 992 794 1032 minus
819 991 877 1030 illi
909 991 1050 1031 auxilii
1076 990 1239 1045 egeant'
1264 1014 1319 1019 —-
1355 1004 1448 1030 cum
1477 1000 1516 1027 m

94 1056 195 1096 hacc
220 1069 273 1096 ex
296 1055 406 1096 omni
430 1061 544 1109 parte
570 1055 832 1101 iactarentur,
870 1052 967 1092 victi
998 1066 1203 1092 consensu
1227 1051 1450 1091 decemviri

94 1118 254 1158 futuros
281 1132 343 1166 se,
370 1117 534 1169 quando
559 1117 615 1155 ita
640 1115 838 1162 videatur,
864 1113 906 1153 in
925 1119 1126 1166 potestate
1146 1118 1308 1165 patrum
1328 1112 1450 1151 adfir-

94 1185 218 1219 mant.
266 1179 309 1218 id
333 1178 454 1218 modo
480 1176 601 1217 simul
627 1182 741 1216 orant
761 1189 809 1214 ac
827 1180 1011 1222 monent,
1042 1180 1087 1213 ut
1106 1173 1206 1226 ipsis
1226 1172 1277 1213 ab
1297 1172 1450 1212 invidia
1478 1189 1511 1215 11

95 1248 286 1280 caveatur
340 1253 415 1279 nec
447 1253 521 1278 suo
552 1237 752 1292 sanguine
783 1235 836 1275 ad
867 1234 1067 1289 supplicia
1096 1240 1259 1288 patrum
1284 1233 1447 1287 plebem

94 1300 387 1342 adsuefaciunt.

175 1362 299 1402 LIII.
355 1361 463 1401 Tum
500 1360 690 1401 Valerius
726 1359 1010 1412 Horatiusque
1046 1358 1162 1399 missi
1198 1358 1251 1399 ad
1285 1357 1447 1412 plebem
1481 1368 1490 1395 1

94 1422 400 1464 condicionibus
426 1422 577 1476 quibus
602 1423 808 1463 videretur
837 1421 1111 1462 revocandam
1136 1420 1450 1474 conponendas-

93 1500 173 1538 que
197 1500 280 1534 res,
313 1485 554 1526 decemviris
580 1499 743 1538 quoque
769 1484 821 1525 ab
846 1484 906 1524 ira
931 1490 970 1524 et
994 1484 1150 1537 impetu
1175 1483 1447 1523 multitudinis

94 1561 338 1601 praecavere
378 1546 583 1587 iubentur.
642 1545 816 1601 profecti
857 1545 1010 1599 gaudio
1046 1544 1204 1600 ingenti
1240 1543 1372 1599 plebis
1408 1544 1450 1584 in
1475 1553 1492 1581 2

94 1614 227 1649 castra
252 1608 519 1662 accipiuntur,
546 1608 696 1662 quippe
722 1607 960 1648 liberatores
980 1606 1092 1646 haud
1111 1606 1234 1647 dubie
1255 1612 1294 1646 et
1313 1612 1449 1646 motus

93 1670 206 1710 initio
231 1676 272 1710 et
296 1670 408 1710 exitu
431 1670 501 1710 rci.
540 1669 592 1710 ob
612 1669 712 1709 hacc
731 1669 781 1709 iis
801 1668 1113 1709 advenientibus
1140 1668 1294 1722 gratiae
1321 1673 1448 1707 actae.

93 1731 233 1772 Icilius
259 1746 332 1785 pro
356 1731 615 1771 multitudine
640 1730 766 1771 verba
790 1730 900 1770 facit.
949 1730 1077 1778 idem,
1110 1744 1203 1769 cum
1229 1729 1280 1768 dc
1311 1728 1444 1768 condi·
1477 1736 1494 1763 :3

95 1792 281 1833 cionibus
307 1798 508 1845 ageretur,
535 1792 825 1844 quaerentibus
850 1791 997 1846 legatis
1017 1805 1121 1843 quae
1142 1789 1346 1843 postulata
1366 1789 1452 1843 ple-

94 1853 158 1893 bis
184 1858 340 1900 essent,
373 1853 586 1906 conposito
617 1853 699 1893 iam
733 1860 826 1892 ante
852 1853 1072 1892 adventum
1098 1851 1327 1905 legatorum
1354 1865 1451 1891 con-

98 1914 186 1955 silio
218 1928 266 1954 ea
296 1913 536 1967 postulavit,
575 1921 619 1953 ut
651 1920 865 1967 appareret
894 1913 937 1952 in
968 1913 1172 1965 aequitate
1197 1927 1332 1952 rerum
1357 1912 1450 1966 plus

97 1990 220 2029 quam
252 1975 291 2014 in
318 1974 441 2014 armis
466 1975 610 2028 reponi
641 1975 740 2028 spei.
788 1980 1034 2028 potestatem
1060 1973 1168 2014 enim
1193 1972 1450 2014 tribuniciam
1477 1982 1496 2009 4

97 2037 510 2092 provocationemque
535 2036 792 2090 repetebant,
821 2050 925 2089 quae
951 2043 1043 2076 ante
1063 2035 1317 2076 decemviros
1340 2049 1452 2075 crea-

98 2110 161 2140 tos
191 2098 345 2139 auxilia
369 2098 501 2151 plebis
528 2098 708 2147 fuerant,
741 2105 781 2138 et
804 2113 856 2138 ne
882 2097 948 2138 cui
972 2097 1108 2138 fraudi
1132 2104 1242 2138 esset
1266 2097 1450 2138 concisse

98 2161 245 2202 milites
276 2167 348 2202 aut
377 2159 540 2214 plebem
571 2161 621 2200 ad
647 2160 911 2213 repetendam
935 2173 1008 2213 per
1033 2159 1308 2200 secessionem
1332 2158 1453 2199 liber·
1492 2191 1496 2195 .

96 2229 234 2263 tatem.
273 2224 323 2264 de
343 2222 666 2264 decemvirorum
684 2222 807 2262 modo
833 2220 1033 2275 supplicio
1058 2227 1175 2261 atrox
1199 2219 1451 2274 postulatum
1478 2228 1496 2257 5

98 2283 193 2324 fuit:
236 2284 330 2324 dedi
366 2284 517 2338 quippe
552 2298 622 2324 eos
660 2297 837 2336 aequum
873 2282 1096 2323 censebant
1133 2282 1330 2334 vivosque
1365 2281 1453 2336 igni

101 2352 430 2386 concrematuros
467 2344 740 2385 minabantur.
789 2343 915 2399 legati
950 2344 1003 2384 ad
1034 2358 1100 2385 ea:
1138 2347 1262 2396 ‘quae
1292 2343 1452 2383 consilii
1478 2351 1496 2380 6

98 2407 282 2457 fuerunt,
315 2409 418 2449 adeo
443 2422 575 2461 aequa
598 2407 857 2462 postulastis,
887 2413 934 2446 ut
956 2406 1062 2447 ultro
1086 2406 1204 2447 vobis
1230 2405 1454 2446 deferenda

94 2468 269 2510 fuerint:
295 2469 471 2510 libertati
497 2469 605 2510 enim
626 2483 674 2509 ea
692 2469 897 2523 praesidia
914 2468 1070 2522 petitis,
1096 2482 1179 2508 non
1197 2467 1383 2508 licentiae
1401 2468 1453 2508 ad

95 2531 384 2585 inpugnandos
409 2531 522 2572 alios.
559 2531 643 2571 irae
671 2537 831 2571 vestrae
848 2529 981 2584 magis
1001 2528 1301 2584 ignoscendum
1326 2542 1450 2581 quam
1479 2542 1494 2571 7

94 2592 395 2648 indulgendum
419 2599 498 2641 est,
531 2593 683 2647 quippe
707 2593 778 2646 qui
803 2592 1051 2632 crudelitatis
1083 2591 1176 2632 odio
1206 2591 1249 2631 in
1279 2591 1454 2632 crudeli-

97 2661 222 2695 tatem
245 2654 362 2695 ruitis
383 2661 422 2695 et
440 2654 552 2708 prius
571 2668 701 2708 paene
746 2669 870 2708 quam
888 2653 966 2708 ipsi
985 2653 1103 2694 liberi
1122 2653 1227 2702 sitis,
1254 2653 1452 2694 dominari

101 2715 183 2756 iam
218 2715 259 2756 in
295 2716 550 2757 adversarios
587 2716 725 2757 vultis.
784 2729 1061 2769 numquamne
1097 2715 1269 2769 quiescit
1307 2714 1450 2756 civitas
1473 2724 1492 2754 8
