1835 3226
257 346 274 375 G

298 226 380 265 438
629 228 784 262 LIBER
809 227 918 271 VIII,
945 227 998 260 33.
1012 227 1066 260 39.
1094 229 1142 270 [a.
1157 237 1190 260 u.
1207 237 1238 261 c.
1253 227 1335 270 432]

301 337 393 376 dem
419 334 559 387 copiae
585 337 678 372 ante
703 330 839 370 lucem
864 329 1008 370 castris
1030 343 1234 384 egressae.
1273 343 1398 382 eques
1419 345 1545 372 ausus
1564 331 1655 373 luce

300 399 466 437 demum
491 395 698 434 incursare
719 392 762 432 in
779 391 942 432 hostem
968 392 1172 445 carpendo
1197 391 1445 433 novissimos
1470 407 1658 446 premen-

300 460 434 511 doque
459 455 609 508 iniquis
636 454 690 494 ad
714 453 930 494 transitum
955 453 1056 493 locis
1083 468 1232 508 agmen
1263 453 1448 494 detinuit.
1496 454 1658 495 interim

300 520 425 575 pedes
452 517 630 571 equitem
656 516 897 565 adsecutus;
924 522 963 556 et
983 515 1078 556 totis
1098 516 1178 556 iam
1200 515 1328 570 copiis
1345 514 1512 557 Samnis
1538 531 1659 571 urge-

258 592 272 619 ῖ
301 583 381 622 bat.
424 586 512 620 tum
532 578 717 627 dictator,
743 585 964 632 postquam
990 577 1077 618 sinc
1104 592 1254 632 magno
1280 577 1540 618 incolnmodo
1565 593 1659 632 pro-

239 1152 278 1181 10

244 1469 276 1496 11

244 1648 280 1676 12

250 2148 285 2176 ll

248 2267 285 2295 15)

300 643 416 699 gredi
446 656 528 682 non
558 647 734 695 poterat,
769 655 862 681 eum
900 641 1038 695 ipsum
1069 640 1111 680 in
1142 654 1223 693 quo
1255 640 1490 680 constiterat
1520 640 1655 681 locum

302 705 446 746 eastris
473 703 661 744 dimetari
692 703 823 744 iussit.
872 703 915 743 id
942 717 1038 743 vero
1064 702 1315 743 circumfuso
1339 702 1520 756 undique
1547 702 1660 756 equi-

303 774 407 816 tatu,
433 772 477 806 ut
503 764 654 806 vallum
681 771 887 819 peteretur
912 779 1098 819 opusque
1123 765 1337 819 inciperet,
1370 764 1457 805 fieri
1481 780 1564 805 non
1587 779 1661 819 po-

303 836 416 870 terat.
454 828 593 881 itaque
612 827 685 868 ubi
703 841 837 881 neque
863 827 987 867 eundi
1011 841 1145 880 neque
1170 827 1363 867 manendi
1389 826 1548 881 copiam
1568 841 1659 867 esse

302 892 424 940 videt,
451 890 628 931 instituit
652 890 783 930 aciem
808 889 1096 944 inpedimentis
1117 904 1168 930 ex
1188 889 1351 943 agmine
1376 888 1556 929 remotis.
1599 888 1661 928 in-

303 959 464 994 struunt
490 959 631 993 contra
656 959 695 992 et
719 951 874 1001 hostes,
902 958 940 992 et
960 951 1106 992 animis
1127 958 1166 992 et
1185 951 1339 992 viribus
1365 966 1497 1006 pares.
1535 965 1661 991 auxe-

302 1023 361 1057 rat
388 1016 429 1056 id
454 1016 632 1056 maxime
658 1015 830 1064 animos,
857 1014 968 1068 quod
993 1014 1137 1069 ignari,
1163 1013 1253 1054 loco
1278 1013 1432 1066 iniquo,
1451 1028 1532 1054 non
1551 1012 1661 1053 hosti

303 1094 485 1127 cessum,
517 1078 629 1118 velut
664 1077 872 1132 fugientes
904 1091 950 1118 110
982 1077 1143 1117 territos
1181 1075 1380 1116 terribiles
1416 1075 1495 1130 ipsi
1532 1075 1662 1116 secuti

303 1142 477 1182 fuerant.
521 1140 564 1180 id
589 1139 840 1192 aliquamdiu
865 1139 1057 1193 aequavit
1082 1154 1280 1194 pugnam,
1300 1138 1381 1179 iam
1407 1139 1565 1193 pridem
1592 1139 1663 1178 de-

305 1210 421 1244 sueto
438 1201 622 1244 Samnite
642 1202 862 1242 clamorem
877 1202 1053 1242 Romani
1074 1202 1277 1242 exercitus
1303 1202 1400 1256 pati.
1440 1207 1478 1241 et
1497 1200 1662 1241 hercule

305 1265 374 1305 illo
399 1265 464 1305 die
491 1263 542 1305 ab
569 1263 670 1304 hora
694 1263 774 1303 diei
800 1263 917 1304 tertia
943 1263 995 1304 ad
1026 1271 1214 1304 octavam
1246 1264 1302 1303 ita
1333 1278 1484 1317 anceps
1516 1263 1664 1302 dieitur

307 1334 513 1368 certamen
539 1326 720 1374 stetisse,
753 1332 797 1365 ut
821 1339 955 1378 neque
981 1325 1152 1374 clamor,
1187 1332 1231 1365 ut
1256 1325 1388 1379 primo
1414 1324 1540 1365 semel
1566 1338 1663 1364 con-

307 1404 430 1430 cursu
455 1395 517 1428 est
543 1387 748 1435 sublatus,
780 1387 948 1427 iteratus
975 1386 1027 1427 sit
1058 1401 1190 1439 neque
1217 1387 1333 1440 signa
1360 1393 1547 1440 promota
1571 1385 1662 1425 loco

306 1458 467 1492 retrove
493 1456 658 1503 recepta
682 1464 815 1502 neque
840 1463 1050 1489 recursum
1077 1448 1128 1489 ab
1155 1448 1235 1488 ulla
1263 1449 1313 1489 sit
1345 1455 1471 1501 parte.
1520 1447 1561 1487 in
1588 1462 1663 1487 suo

308 1512 495 1565 quisquis
521 1512 653 1565 gradu
678 1510 819 1551 obnixi
843 1518 1037 1565 urgentes
1064 1510 1190 1550 scutis
1218 1510 1303 1550 sine
1329 1508 1594 1563 respiratione
1616 1523 1662 1548 110

305 1580 496 1628 respectu
520 1572 781 1627 pugnabant,
813 1572 1000 1612 fremitus
1026 1572 1208 1624 aequalis
1234 1578 1429 1624 tenorque
1455 1571 1562 1611 idem
1588 1585 1664 1624 pu-

307 1651 412 1691 gnae
432 1635 474 1675 in
488 1634 825 1689 defatigationem
844 1633 1030 1674 ultimam
1050 1639 1117 1673 aut
1138 1640 1300 1673 noctem
1321 1632 1544 1686 spectabat.
1580 1632 1662 1672 iam

307 1698 403 1737 viris
424 1697 543 1745 vires,
565 1696 646 1736 iam
665 1696 774 1736 ferro
794 1710 868 1735 sua
887 1695 962 1743 115,
983 1695 1063 1734 iam
1090 1694 1259 1734 consilia
1284 1693 1458 1734 ducibus
1483 1694 1663 1739 deerant,

309 1775 403 1801 cum
435 1758 570 1799 subito
604 1756 854 1799 Samnitium
886 1757 1062 1810 equites,
1101 1771 1195 1797 cum
1226 1763 1360 1795 turma
1390 1770 1472 1795 una
1501 1755 1664 1809 longius

308 1827 503 1877 provecta
533 1820 791 1875 accepissent
820 1819 1101 1873 inpedimenta
1125 1818 1409 1858 Romanorum
1441 1816 1584 1871 procul
1614 1816 1666 1856 ab

310 1884 475 1924 armatis
509 1883 595 1924 sine
632 1882 857 1937 praesidio,
896 1882 983 1922 sine
1019 1881 1272 1921 munimento
1310 1888 1435 1928 stare,
1474 1879 1667 1919 aviditate

267 1962 284 1991 3
312 1946 488 2000 praedae
508 1945 707 1999 impetum
727 1944 895 1985 faciunt.
924 1943 1044 1996 «quod
1067 1943 1137 1983 ubi
1155 1942 1342 1983 dictatori
1362 1942 1544 1996 trepidus
1564 1956 1668 1981 nun-

310 2009 391 2048 tius
418 2007 580 2048 adtulit:
609 2007 714 2047 ‘sine
735 2006 883 2055 modo,’
908 2006 1041 2059 inquit
1067 2010 1176 2046 ‘sese
1202 2005 1355 2059 pracda.
1378 2003 1668 2058 praepediant.’

311 2070 379 2110 alii
404 2070 550 2110 deinde
578 2083 700 2123 super
725 2069 826 2109 alios
852 2068 973 2122 diripi
997 2068 1154 2122 passim
1179 2067 1357 2120 ferrique
1382 2066 1567 2106 fortunas
1594 2065 1669 2105 mi-

313 2133 429 2173 litum
451 2131 794 2173 vociferabantur.
832 2137 918 2171 tum
938 2131 1136 2185 magistro
1156 2130 1338 2183 equitum
1359 2128 1506 2169 accito:
1535 2127 1668 2167 ‘vides

311 2195 380 2243 tu,’
406 2194 538 2248 inquit
564 2193 643 2234 ‘M.
656 2194 693 2234 F
695 2193 775 2243 abi,
796 2193 848 2234 ab
872 2193 1055 2234 hostium
1080 2192 1215 2245 equite
1241 2191 1437 2233 omissam
1461 2189 1670 2245 pugnam?

312 2257 481 2297 haerent
504 2256 676 2311 inpediti
699 2255 987 2310 inpedimentis
1012 2255 1176 2296 nostris.
1221 2253 1458 2309 adgredere,
1479 2252 1591 2306 quod
1608 2251 1670 2292 in-

313 2326 373 2359 ter
397 2319 678 2373 praedandum
704 2317 816 2359 omni
841 2317 1092 2358 multitudini
1118 2316 1264 2365 evenit,
1285 2315 1519 2369 dissipatos.
1556 2327 1668 2354 raros

314 2381 428 2433 cquis
459 2381 703 2429 insidentes,
735 2395 868 2427 raros,
901 2378 1049 2432 quibus
1081 2379 1234 2419 ferrum
1265 2379 1307 2418 in
1331 2392 1456 2418 manu
1482 2376 1532 2418 sit
1557 2376 1670 2416 inve-

315 2443 421 2493 nies3
449 2457 658 2497 equosque
678 2443 776 2483 dum
794 2442 947 2496 praeda
971 2447 1153 2489 onerant,
1175 2441 1299 2481 caede
1324 2440 1500 2480 inermes
1527 2452 1671 2478 cruen-

254 2513 289 2541 10·
317 2511 481 2558 tamque
512 2505 592 2546 illis
624 2505 819 2559 praedam
850 2503 988 2544 redde.
1045 2503 1145 2543 mihi
1182 2503 1366 2557 legiones
1403 2500 1668 2555 peditumque

276 2634 285 2662 1

314 2581 454 2621 pugna
479 2582 599 2608 curae
625 2573 760 2607 erunt:
792 2581 919 2620 penes
945 2571 985 2605 tc
1011 2571 1200 2618 equestre
1226 2565 1277 2605 sit
1303 2563 1455 2605 decus?

400 2628 693 2669 XXXVIIII.
725 2628 926 2681 Equitum
948 2627 1070 2676 acics,
1091 2626 1223 2680 qualis
1249 2640 1354 2679 quae
1380 2639 1472 2666 esse
1498 2624 1669 2664 instruc-

319 2688 475 2730 tissima
506 2698 657 2744 potest,
689 2691 851 2731 invecta
881 2691 922 2730 in
953 2689 1173 2744 dissipatos
1206 2688 1491 2743 inpeditosque
1529 2685 1666 2725 hostes
