1780 3204
486 293 640 328 LIBER
665 293 738 337 111,
765 293 818 326 (30.
838 293 890 326 61.
920 291 1118 335 [mesic]
1403 281 1479 320 151

126 402 211 442 acic
232 399 458 454 indignatio
471 397 644 451 Aequos
665 406 704 437 ct
724 395 901 437 Volscos
920 395 1099 444 incessit,
1127 395 1162 435 si
1182 394 1353 435 victores
1370 394 1484 434 exer-

125 463 229 503 citus
255 461 408 502 vallum
433 460 569 514 potius
595 474 720 512 quam
745 458 874 498 virtus
900 463 940 498 et
970 472 1083 497 arma
1114 463 1310 511 tegerent.
1360 455 1485 510 igitur

126 531 163 565 et
189 525 268 579 ipsi
293 523 563 578 efflagitatum
595 520 646 562 ab
678 519 851 560 ducibus
886 519 1049 574 signum
1080 533 1244 574 pugnae
1277 531 1484 571 accepere.

126 587 288 639 iamque
313 600 408 639 pars
435 598 603 639 egressa
627 582 754 636 portis
776 587 861 622 erat
880 581 1155 634 deincepsque
1175 580 1243 620 alii
1269 578 1487 620 servabant

127 648 311 688 ordinem
335 647 378 687 in
404 661 524 687 suum
549 645 724 699 quisque
748 644 885 684 locum
917 643 1233 691 descendentes,
1272 657 1365 682 cum
1392 656 1484 682 con-

128 710 190 751 sul
221 710 454 758 Romanus,
491 708 732 762 priusquam
755 706 849 747 totis
874 705 1030 746 viribus
1061 705 1165 745 fulta
1196 711 1337 745 contra
1364 709 1487 744 staret

128 772 307 813 hostium
333 771 460 819 acies,
497 769 634 810 intulit
660 769 796 824 signa3
835 768 1084 820 adortusque
1115 781 1190 807 nec
1222 781 1363 807 omncs
1390 765 1489 805 dum

129 834 297 874 eductos
324 847 416 881 nec,
456 831 682 885 quierant,
721 830 820 871 satis
847 829 1059 884 explicatis
1093 828 1324 878 ordinibus,
1362 841 1489 882 prope

129 896 393 936 fluctuantem
419 894 581 935 turbam
607 893 894 947 trepidantium
927 892 1007 932 huc
1033 900 1155 945 atque
1186 891 1283 932 illue
1317 891 1491 931 circum-

130 957 484 1012 spectantiumque
515 970 558 997 se
590 970 637 996 ac
669 970 764 995 suos
802 954 940 994 addito
967 953 1144 994 turbatis
1176 952 1382 993 mentibus
1409 951 1491 992 cla-

129 1035 241 1060 more
267 1025 388 1072 atque
413 1019 568 1073 impetu
594 1017 760 1057 invadit.
798 1016 973 1056 retulere
1000 1016 1133 1070 primo
1160 1015 1309 1069 pedem
1328 1014 1488 1062 hostes3

130 1081 290 1130 deinde,
318 1095 411 1121 cum
433 1080 590 1121 animos
611 1078 875 1133 collegissent
896 1084 934 1118 et
948 1077 1131 1130 undique
1152 1077 1291 1125 duces,
1318 1075 1490 1116 victisne

130 1143 285 1185 cessuri
311 1148 460 1190 essent,
486 1141 755 1195 increparent,
781 1139 1009 1180 restituitur
1032 1153 1187 1192 pugna.

212 1204 339 1246 LXI.
378 1203 537 1244 Consul
562 1218 613 1243 ex
637 1202 764 1243 altera
787 1208 903 1256 parte
927 1201 1139 1241 Romanos
1166 1199 1404 1240 meminisse
1431 1198 1491 1238 iu-

131 1266 265 1315 bebat,
290 1265 360 1306 illo
385 1265 450 1305 die
475 1265 652 1318 primum
677 1263 827 1304 liberos
847 1277 922 1317 pro
941 1261 1069 1302 libera
1087 1260 1189 1302 urbe
1209 1261 1398 1301 Romana
1417 1275 1493 1314 pu-

129 1342 267 1384 gnare.
300 1327 462 1368 sibimet
475 1326 576 1381 ipsis
592 1326 784 1374 victuros,
811 1339 892 1365 non
909 1330 953 1364 ut
967 1324 1295 1365 decemvirorum
1314 1323 1490 1363 victores

128 1389 357 1445 praemium
377 1394 528 1429 essent.
579 1403 662 1428 non
688 1387 828 1442 Appio
854 1387 957 1427 duce
982 1401 1069 1427 rem
1094 1386 1195 1441 geri,
1224 1386 1296 1426 sed
1322 1384 1489 1426 consule

129 1451 313 1500 Valerio,
352 1450 403 1492 ab
433 1450 720 1492 liberatoribus
751 1449 892 1504 populi
923 1448 1101 1490 Romani
1132 1455 1238 1497 orto,
1276 1448 1493 1489 liberatore

129 1515 231 1569 ipso.
264 1513 537 1562 ostenderent,
564 1511 768 1567 prioribus
789 1511 953 1566 proeliis
974 1526 1046 1565 per
1066 1511 1208 1560 duces,
1232 1525 1314 1551 non
1333 1525 1406 1564 per
1420 1509 1494 1549 nii-

1517 777 1555 806 10

1520 1027 1550 1053 11

1518 1398 1534 1426 [ὑ

131 1577 221 1618 lites
248 1576 430 1625 stetisse,
467 1590 518 1616 ne
543 1575 771 1616 vincerent:
810 1581 927 1628 turpe
953 1588 1064 1623 esse,
1097 1579 1238 1614 eontra
1264 1573 1374 1613 cives
1401 1571 1493 1626 plus
1522 1588 1538 1613 :j

131 1638 255 1680 animi
279 1637 475 1679 habuisse
531 1652 655 1690 quam
687 1643 829 1678 contra
859 1636 1000 1677 hostes
1032 1643 1072 1676 et
1102 1635 1215 1676 domi
1246 1650 1369 1688 quam
1394 1634 1495 1674 foris

132 1700 370 1741 servitutem
395 1700 528 1754 magis
554 1699 754 1739 timuisse.
787 1701 917 1738 ‘unam
935 1697 1179 1752 Verginiam
1205 1697 1348 1745 fuisse,
1376 1696 1492 1736 cuius

132 1762 351 1816 pudicitiae
375 1761 417 1801 in
441 1775 543 1815 pace
568 1760 795 1815 periculum
822 1765 948 1808 esset,
986 1774 1115 1799 unum
1141 1758 1329 1812 Appium
1363 1757 1495 1797 civem

134 1822 386 1876 periculosae
410 1822 610 1863 libidinis:
643 1828 701 1870 at,
730 1822 763 1862 si
788 1821 954 1862 fortuna
978 1820 1075 1861 belli
1099 1820 1284 1868 inclinet,
1312 1819 1495 1874 omnium

133 1883 270 1924 liberis
296 1882 348 1924 ab
373 1889 432 1924 tot
457 1883 622 1924 milibus
647 1883 830 1923 hostium
854 1881 1083 1936 periculum
1108 1881 1209 1922 fore.
1259 1880 1367 1921 nolle
1393 1880 1495 1920 omi-

134 1945 240 1995 nari,
278 1959 384 1998 quae
414 1959 490 1985 nec
520 1944 708 1999 Iuppiter
737 1958 812 1984 nec
842 1942 960 1984 Mars
990 1950 1108 1997 pater
1136 1943 1300 1997 passuri
1331 1942 1412 1982 sint
1446 1942 1496 1983 iis

135 2007 329 2061 auspiciis
355 2007 540 2048 conditae
566 2006 657 2047 urbi
683 2006 880 2046 accidere.
918 2004 1119 2045 Aventini
1140 2004 1326 2057 sacrique
1346 2004 1497 2044 montis

137 2068 402 2117 admonebat,
435 2075 497 2117 ut,
530 2068 600 2109 ubi
625 2068 791 2108 libertas
816 2074 933 2122 parta
963 2073 1073 2107 esset
1095 2066 1238 2121 paucis
1265 2072 1357 2107 ante
1383 2080 1497 2106 men-

137 2131 264 2179 sibus,
291 2145 339 2171 eo
353 2130 555 2185 inperium
570 2129 786 2170 inlibatum
802 2129 1002 2169 referrent
1020 2129 1376 2181 ostenderentque,
1403 2143 1499 2179 ean-

137 2193 230 2233 dem
255 2192 434 2233 indolem
465 2191 662 2233 militibus
688 2191 887 2232 Romanis
918 2197 1013 2245 post
1044 2197 1210 2231 exactos
1242 2190 1497 2231 decemviros

137 2269 248 2304 esse,
281 2269 386 2308 quae
412 2260 506 2295 ante
533 2260 690 2294 creatos
716 2253 856 2302 fuerit,
883 2268 958 2294 nec
984 2253 1167 2306 aequatis
1192 2252 1355 2308 legibus
1380 2253 1499 2292 inmi-

136 2323 278 2357 nutam
306 2315 495 2357 virtutem
519 2316 662 2371 populi
680 2316 860 2357 Romani
885 2330 989 2356 esse.
1026 2315 1128 2356 haec
1153 2315 1226 2356 ubi
1250 2315 1355 2355 inter
1380 2315 1499 2370 signa

136 2378 320 2433 peditum
345 2378 454 2419 dicta
478 2378 602 2426 dedit,
630 2378 795 2419 advolat
820 2378 966 2419 deinde
992 2378 1045 2418 ad
1071 2377 1249 2431 equites:
1283 2377 1412 2432 ‘agite
1436 2377 1499 2417 iu-

137 2440 294 2489 venes,’
318 2440 452 2493 inquit
478 2444 702 2495 ‘praestate
727 2440 876 2481 virtute
901 2440 1100 2495 peditem,
1127 2446 1173 2480 ut
1197 2439 1351 2480 honore
1377 2446 1499 2493 atque

137 2502 278 2543 ordine
302 2502 532 2556 praestatis.
575 2502 708 2557 primo
733 2517 936 2543 concursu
959 2502 1088 2556 pedes
1114 2501 1298 2543 movebit
1322 2501 1496 2551 hostem,

137 2564 302 2619 pulsum
332 2579 407 2605 vos
438 2564 619 2606 inmissis
650 2564 766 2618 equis
799 2564 950 2619 exigite
988 2579 1010 2605 e
1050 2579 1208 2619 campo.
1262 2579 1347 2604 non
1378 2564 1500 2605 susti-

137 2626 293 2667 nebunt
322 2627 539 2681 impetum,
577 2636 617 2668 et
651 2641 761 2668 nunc
797 2633 1040 2667 cunctantur
1069 2627 1202 2681 magis
1239 2640 1365 2679 quam
1400 2625 1499 2666 resi-

140 2687 276 2729 stunt?
325 2689 531 2730 concitant
556 2703 685 2743 equos
711 2688 1034 2744 permittuntque
1060 2689 1102 2728 in
1131 2689 1294 2730 hostem
1318 2688 1497 2743 pedestri
1525 2701 1542 2731 9

138 2751 219 2792 iam
245 2752 453 2795 turbatum
478 2768 620 2809 pugna
645 2760 701 2803 et,
738 2752 942 2808 perruptis
975 2751 1185 2793 ordinibus
1217 2751 1312 2793 elati
1343 2751 1396 2792 ad
1426 2766 1499 2792 no-
