1835 3226
276 1353 294 1381 9

275 1910 293 1938 {0

278 2594 295 2622 5

323 240 404 282 190
664 243 819 278 LIBER
838 243 912 286 111,
939 243 994 277 69.
1019 243 1073 276 το.
1104 243 1151 286 [a.
1166 253 1200 276 u.
1217 252 1246 277 e.
1259 242 1343 285 308]

321 351 605 393 oboedientem
635 348 677 387 in
706 361 750 387 re
780 352 864 386 tarn
901 344 1060 398 trepida
1089 343 1274 398 patribus
1310 343 1571 397 praeberent;
1608 360 1678 399 ap-

319 413 469 467 pellare
500 409 686 450 tribunos
719 421 979 449 communem
1015 406 1190 460 patriam
1226 402 1507 459 auxiliumque
1538 420 1678 447 eorum

319 473 520 528 inplorare
545 470 716 511 vastatis
742 469 866 524 agris,
893 468 994 510 urbe
1022 482 1152 523 prope
1178 467 1429 522 obpugnata.
1474 481 1678 509 consensu

319 534 503 576 omnium
528 532 701 573 dilectus
727 530 959 572 decernitur
982 529 1250 582 habeturque.
1300 543 1395 569 cum
1420 527 1646 569 consules
1636 544 1677 569 in

319 595 507 637 contione
530 593 885 649 pronuntiassent,
923 599 1087 646 tempus
1118 605 1201 632 non
1231 604 1323 632 esse
1355 604 1501 633 causas
1527 604 1680 646 cogno·

320 657 480 707 scendi,
519 670 661 697 omnes
692 655 872 696 iuniores
903 660 1069 708 postero
1100 652 1166 693 die
1189 652 1323 707 prima
1346 651 1438 693 luce
1467 651 1510 693 in
1535 666 1682 706 eampo

318 719 471 760 Martio
497 719 708 768 adessent,
736 716 1035 773 cognoscendis
1062 715 1199 757 causis
1226 729 1387 764 eorum,
1419 714 1490 768 qui
1514 714 1681 755 nomina

318 797 401 823 non
425 781 654 830 dedissent,
687 780 795 821 bello
820 779 1003 834 perfecto
1030 792 1074 819 se
1099 777 1267 818 daturos
1293 783 1475 831 tempus,
1512 791 1587 831 pro
1612 776 1684 817 de-

319 850 472 885 sertore
496 843 701 892 futurum,
727 842 844 883 cuius
870 856 953 882 non
976 840 1224 896 probassent
1249 854 1436 889 causam,
1464 839 1596 880 omnis
1621 838 1683 879 iu-

318 912 465 947 ventus
496 905 629 946 adfuit
658 910 824 959 postero
855 903 934 944 die.
984 902 1173 944 cohortes
1206 901 1284 943 sibi
1317 915 1505 955 quaeque
1543 909 1683 942 centu-

318 968 452 1009 riones
484 967 692 1023 legerunt,
731 965 818 1007 bini
849 971 1058 1007 senatores
1091 964 1264 1019 singulis
1297 962 1533 1005 cohortibus
1564 977 1683 1018 prae-

317 1030 452 1084 positi.
504 1029 607 1071 haee
637 1028 776 1070 omnia
806 1028 909 1069 adeo
941 1033 1100 1068 mature
1131 1026 1316 1081 perfecta
1345 1025 1600 1079 accepimus,
1638 1031 1684 1064 ut

321 1092 457 1146 signa,
496 1106 545 1133 eo
568 1091 660 1145 ipso
686 1090 752 1131 die
778 1106 802 1131 a
826 1089 1114 1144 quaestoribus
1141 1103 1191 1129 cx
1216 1088 1372 1129 aerario
1397 1093 1589 1142 prompta
1613 1087 1684 1127 de-

319 1153 482 1206 lataque
518 1153 560 1193 in
596 1167 807 1206 eampum,
851 1157 997 1205 quarta
1040 1151 1121 1191 diei
1166 1150 1267 1191 hora
1302 1156 1413 1191 mota
1451 1164 1502 1190 ex
1539 1163 1684 1202 campo

321 1216 401 1256 sint
426 1214 712 1267 exercitusque
737 1229 888 1262 novus,
927 1213 1070 1267 paucis
1098 1212 1335 1253 cohortibus
1367 1218 1554 1252 veterum
1578 1211 1684 1251 mili-

321 1283 407 1317 tum
432 1277 641 1318 voluntate
668 1275 948 1329 sequentibus,
975 1274 1170 1315 manserit
1190 1274 1242 1315 ad
1261 1274 1468 1315 decimum
1488 1272 1680 1327 lapidem.

320 1339 542 1392 insequens
574 1338 661 1379 dies
692 1337 855 1378 hostem
885 1337 927 1377 in
953 1342 1220 1390 conspectum
1246 1335 1359 1376 dedit
1390 1341 1604 1388 castraque
1630 1334 1683 1374 ad

322 1400 573 1442 Corbionem
598 1399 743 1441 eastris
771 1405 865 1440 sunt
891 1398 1121 1439 coniuncta.
1159 1397 1277 1439 tertio
1303 1397 1368 1437 die
1394 1411 1488 1437 cum
1513 1396 1574 1437 ira
1598 1395 1682 1436 Ro-

320 1478 483 1512 manos,
510 1463 620 1512 illos,
648 1477 742 1503 cum
767 1461 916 1502 totiens
941 1459 1227 1509 rebellassent,
1260 1458 1511 1500 conscientia
1536 1457 1682 1512 culpae

320 1539 367 1566 ac
392 1524 625 1578 desperatio
650 1523 844 1571 inritaret,
871 1537 986 1563 mora
1011 1521 1232 1562 dimicandi
1256 1520 1368 1561 nulla
1393 1526 1456 1561 est
1480 1520 1601 1560 faeta.

404 1585 555 1626 LXX.
604 1586 654 1626 In
680 1585 862 1625 exercitu
886 1584 1076 1625 Romano
1102 1597 1196 1623 cum
1221 1583 1303 1623 duo
1328 1582 1519 1624 consules
1545 1587 1683 1623 essent

319 1653 521 1702 potestate
545 1647 647 1701 pari,
674 1647 787 1700 quod
812 1645 1126 1686 saluberrimum
1152 1645 1194 1684 in
1219 1644 1571 1685 administratione
1596 1658 1682 1684 ma-

319 1725 494 1765 gnarum
519 1724 656 1749 rerum
682 1715 763 1757 est,
801 1722 963 1749 summa
986 1706 1164 1761 imperii,
1203 1706 1453 1747 concedente
1478 1706 1682 1760 Agrippa,

319 1786 446 1827 penes
472 1771 674 1826 collegam
699 1776 797 1820 erat,
825 1776 864 1811 et
889 1769 1095 1824 praelatus
1120 1769 1187 1809 ille
1212 1768 1408 1809 facilitate
1428 1768 1686 1809 summitten-

320 1835 371 1875 tis
398 1849 441 1876 se
467 1833 637 1876 comiter
659 1832 937 1888 respondebat
962 1830 1305 1872 communicando
1331 1829 1502 1871 consilia
1519 1828 1683 1870 laudes-

319 1911 399 1950 que
425 1903 465 1937 et
489 1896 704 1950 aequando
729 1895 915 1950 inparem
942 1893 1032 1935 sibi.
1082 1893 1125 1933 in
1145 1893 1232 1934 acie
1253 1891 1473 1945 Quinctius
1493 1891 1682 1932 dextrum

320 1974 464 2008 cornu,
501 1957 694 2014 Agrippa
719 1957 931 1999 sinistrum
961 1955 1109 2005 tenuit3
1150 1953 1223 2010 Sp.
1249 1954 1466 1996 Postumio
1489 1953 1603 1995 Albo
1627 1953 1684 1994 le-

319 2027 416 2076 gato
441 2020 561 2062 datur
586 2021 723 2061 media
753 2020 862 2061 acies
894 2018 1064 2067 tuenda,
1101 2017 1285 2071 legatum
1311 2016 1485 2057 alterum
1509 2015 1558 2056 P.
1588 2014 1685 2057 Sul-

319 2082 471 2137 picium
509 2082 716 2136 equitibus
752 2081 1007 2137 praeficiunt.
1067 2079 1227 2134 pedites
1270 2078 1322 2119 ab
1365 2078 1512 2119 dextro
1555 2090 1683 2119 cornu

321 2145 487 2200 egregie
528 2159 766 2200 pugnavere
808 2143 920 2184 haud
957 2142 1138 2197 segniter
1178 2140 1465 2182 resistentibus
1503 2139 1680 2181 Volscis.

320 2207 368 2248 P.
403 2206 614 2262 Sulpicius
650 2222 724 2261 per
760 2206 939 2246 mediam
974 2204 1157 2246 hostium
1193 2203 1325 2244 aciem
1361 2217 1456 2243 eum
1499 2202 1683 2255 equitatu

318 2269 513 2324 perrupit.
562 2269 671 2310 unde
697 2283 792 2310 cum
817 2268 962 2308 eadem
986 2266 1136 2308 reverti
1160 2271 1302 2320 posset
1326 2264 1379 2305 ad
1405 2279 1523 2314 suos,
1549 2263 1683 2318 prius-

320 2347 444 2385 quam
474 2331 605 2373 hostis
637 2330 822 2372 turbatos
860 2329 1024 2371 ordines
1064 2327 1264 2377 reficeret,
1302 2333 1418 2382 terga
1454 2326 1682 2381 inpugnare

320 2393 501 2434 hostium
527 2393 654 2434 satius
679 2393 816 2434 visum
842 2398 916 2433 est.
965 2395 1256 2443 momentoque
1281 2387 1477 2443 temporis
1501 2387 1544 2428 in
1568 2401 1683 2428 aver-

322 2471 409 2496 sam
439 2455 688 2496 incursando
720 2455 851 2496 aciem
885 2453 1053 2508 ancipiti
1079 2459 1229 2493 terrore
1260 2451 1504 2505 dissipasset
1527 2449 1680 2498 hostes,

321 2517 361 2557 ni
387 2532 462 2558 suo
486 2517 650 2572 proprio
677 2532 770 2558 eum
794 2515 950 2571 proelio
985 2515 1143 2568 equites
1168 2513 1417 2555 Volscorum
1450 2518 1489 2553 et
1513 2510 1681 2564 Aequo-

321 2595 411 2620 rum
436 2587 655 2635 exceptum
685 2578 937 2632 aliquamdiu
968 2577 1209 2618 tenuissent.
1258 2575 1315 2616 ibi
1345 2589 1443 2616 vero
1471 2572 1679 2627 Sulpicius

322 2657 471 2696 negare
497 2642 716 2683 cunctandi
742 2648 904 2695 tempus
936 2654 1048 2688 esse,
1085 2639 1386 2680 circumventos
1418 2634 1679 2676 interclusos-

323 2717 401 2755 que
427 2703 478 2744 ab
505 2704 590 2745 suis
616 2703 866 2752 vociferans,
904 2703 944 2743 ni
971 2707 1160 2755 equestre
1184 2699 1385 2754 proelium
1410 2695 1544 2737 conixi
1568 2692 1678 2734 omni
