1780 3204
419 244 572 278 LIBER
597 243 691 288 IHI,
716 244 859 278 46—48.
888 246 935 287 [a.
951 243 989 278 c.
1006 243 1201 287 418—416]
1404 234 1484 275 237

128 348 433 403 providentiam
458 348 498 388 in
524 362 566 388 re
591 347 757 402 publica
781 361 875 387 cum
898 347 1039 388 multis
1059 347 1147 388 aliis
1173 346 1485 402 tempestatibus

131 417 222 450 ante
248 415 416 464 experta
440 410 584 450 civitas
611 415 709 458 erat,
735 414 823 449 tum
848 415 998 449 eventu
1023 409 1110 449 eius
1136 408 1250 457 belli,
1278 409 1389 462 quod
1413 409 1487 449 uni

131 482 335 513 certamen
366 472 622 513 tribunorum
659 478 897 525 suspectum
928 478 1022 512 ante
1058 486 1146 512 rem
1182 471 1288 512 male
1324 478 1486 526 gestam

131 533 282 582 fuerat3
319 533 516 589 magistro
543 533 724 586 equitum
750 539 904 582 creato,
943 549 967 573 a
991 547 1073 586 quo
1097 533 1186 587 ipse
1217 532 1380 574 tribuno
1410 533 1487 573 mi·
1514 547 1547 575 11

131 595 248 635 litum
273 595 444 636 dictator
469 602 554 636 erat
573 595 719 643 dictus,
746 594 829 635 fflio
849 609 923 635 suo
943 620 997 624 —
1015 600 1061 635 ut
1085 594 1286 635 tradidere
1305 595 1485 648 quidam,

131 672 225 697 nam
256 657 324 698 alii
348 657 529 698 Ahalam
557 655 779 698 Servilium
808 656 1053 711 magistrum
1084 656 1268 709 equitum
1300 671 1348 698 eo
1379 671 1486 697 anno

131 718 261 760 fuisse
287 719 469 760 scribunt
493 744 547 748 —
571 732 679 759 novo
705 718 886 758 exercitu
909 718 1118 772 profectus
1144 718 1198 759 ad
1221 717 1393 768 bellum,
1420 732 1488 759 ac-
1514 731 1552 760 12

132 780 220 821 citis
247 781 315 834 qui
341 780 514 822 Tusculi
538 786 666 829 erant,
693 780 774 820 duo
800 779 911 820 milia
934 794 1106 834 passum
1130 779 1182 821 ab
1207 780 1324 821 hoste
1349 780 1487 822 locum

133 843 277 882 eastris
303 843 423 896 cepit.

216 904 512 946 XXXXVH.
556 904 793 945 Transierat
813 919 864 945 ex
882 919 925 945 re
945 904 1049 946 bene
1068 911 1187 960 gesta
1207 905 1400 960 superbia
1417 919 1489 945 ne-
1516 919 1531 947 1

131 966 418 1022 glegentiaque
444 967 496 1007 ad
514 965 698 1020 Aequos,
725 980 830 1019 quae
854 966 896 1006 in
916 966 1115 1008 Romanis
1141 967 1315 1008 ducibus
1341 967 1488 1007 fuerat.

132 1029 268 1081 itaque
293 1029 424 1082 primo
450 1028 586 1069 statim
611 1027 766 1082 proelio
791 1041 885 1068 cum
910 1028 1083 1069 dictator
1108 1028 1292 1081 equitatu
1315 1028 1487 1068 inmisso
1514 1040 1532 1069 2

132 1090 422 1144 antesignanos
454 1089 633 1130 hostium
659 1088 884 1138 turbasset,
921 1089 1131 1142 legionum
1162 1089 1257 1129 inde
1283 1089 1402 1143 signa
1426 1089 1489 1128 in-

131 1152 228 1192 ferri
251 1165 422 1206 propere
446 1151 566 1191 iussit
590 1149 915 1204 signiferumque
941 1163 993 1189 ex
1023 1149 1109 1190 suis
1134 1164 1263 1189 unum
1294 1155 1489 1190 cunctan-

132 1221 214 1253 tem
240 1212 399 1253 oceidit.
436 1218 573 1252 tantus
599 1211 720 1251 ardor
739 1211 791 1251 ad
813 1209 1091 1251 dimicandum
1109 1210 1200 1259 fuit,
1226 1218 1271 1250 ut
1290 1211 1488 1265 impetum
1515 1226 1532 1253 3

131 1274 269 1327 Aequi
293 1289 375 1314 non
400 1273 575 1321 tulerint,
602 1272 779 1325 victique
800 1272 886 1312 acie
906 1286 999 1312 cum
1019 1271 1120 1327 fuga
1139 1272 1271 1313 effusa
1289 1273 1489 1327 petissent

132 1344 276 1385 eastra,
303 1335 465 1376 brevior
488 1341 670 1389 tempore
696 1341 736 1375 et
761 1334 982 1375 certamine
1006 1335 1140 1376 minor
1164 1342 1393 1376 castrorum
1417 1351 1489 1390 op-

130 1397 328 1453 pugnatio
358 1397 437 1438 fuit
467 1412 592 1451 quam
627 1397 828 1451 proelium
862 1397 1009 1438 fuerat.
1069 1398 1199 1452 captis
1236 1398 1487 1453 direptisque
1514 1411 1533 1439 4

131 1460 274 1500 castris
301 1474 396 1500 cum
419 1459 615 1514 praedam
640 1459 813 1500 dictator
837 1458 954 1499 militi
980 1460 1254 1501 concessisset
1273 1460 1487 1514 secutique

131 1521 356 1576 fugientem
382 1535 433 1562 ex
458 1521 601 1562 castris
626 1520 788 1562 hostem
813 1521 971 1574 equites
995 1523 1318 1572 renuntiassent,
1345 1537 1487 1564 omnes

130 1583 367 1625 Labicanos
381 1583 524 1632 victos,
551 1598 745 1638 magnam
764 1589 922 1638 partem
936 1582 1179 1637 Aequorum
1192 1584 1374 1626 Labicos
1394 1600 1490 1626 con-

131 1645 304 1700 fugisse,
329 1651 492 1699 postero
506 1645 571 1685 die
591 1645 643 1685 ad
655 1644 838 1685 Labicos
858 1645 1006 1686 ductus
1027 1646 1244 1695 exereitus,
1271 1646 1490 1700 oppidum·
1516 1659 1534 1688 5

131 1721 212 1759 que
249 1721 400 1747 corona
435 1706 685 1747 circumdata
721 1706 842 1747 scafis
879 1712 1046 1760 captum
1083 1721 1131 1747 ac
1172 1707 1377 1761 direptum
1413 1713 1487 1748 est.

133 1768 306 1807 dictator
330 1767 510 1807 exercitu
534 1767 687 1808 victore
706 1767 883 1808 Romam
900 1768 1081 1817 reducto,
1108 1768 1173 1808 die
1194 1775 1340 1809 octavo
1365 1782 1490 1821 quam
1517 1782 1533 1811 6

135 1836 294 1869 creatus
320 1837 417 1876 erat,
443 1828 686 1882 magistratu
712 1842 755 1869 se
781 1827 1004 1877 abdicavi&
1030 1836 1069 1868 et
1088 1836 1286 1882 oportune
1307 1836 1487 1878 senatus,

134 1889 372 1943 priusquam
397 1888 448 1929 ab
474 1889 646 1930 tribunis
670 1889 782 1943 plebi
811 1889 995 1942 agrariae
1026 1889 1248 1931 seditiones
1283 1891 1489 1932 mentione

135 1950 245 1990 illata
265 1951 315 1990 de
334 1964 433 2004 agro
451 1949 663 1991 Labicano
683 1950 902 1990 dividendo
920 1949 1075 1999 fierent,
1104 1952 1262 1992 censuit
1281 1952 1487 2005 frequens,

137 2011 338 2052 coloniam
367 2011 550 2052 Labicos
581 2012 876 2053 deducendam.
931 2012 1064 2053 coloni
1094 2012 1145 2053 ab
1177 2013 1277 2054 urbe
1308 2014 1418 2054 mille
1450 2021 1490 2055 et

136 2073 348 2128 quingenti
371 2073 488 2114 missi
513 2073 609 2113 bina
632 2073 776 2128 iugera
799 2080 1054 2130 acceperant.

223 2134 367 2189 Captis
399 2134 569 2176 Labicis
600 2150 649 2176 ac
679 2135 826 2176 deinde
862 2136 1035 2178 tribunis
1072 2136 1248 2177 militum
1284 2137 1489 2178 consulari

138 2203 338 2251 potestate
361 2196 552 2252 Agrippa
576 2197 771 2238 Menenio
796 2198 959 2240 Lanato
985 2205 1024 2239 et
1047 2198 1101 2239 L.
1125 2198 1300 2240 Servilio
1322 2197 1488 2240 Structo

137 2266 176 2298 et
198 2258 248 2299 P.
273 2259 469 2299 Lucretio
495 2258 748 2312 Tricipitino,
773 2259 921 2300 iterum
946 2260 1136 2301 omnibus
1161 2260 1244 2309 his,
1272 2269 1311 2301 et
1337 2259 1488 2315 Spurio

137 2319 308 2360 Veturio
335 2319 508 2369 Crasso,
540 2326 579 2360 et
607 2321 848 2374 insequente
879 2336 986 2363 anno
1010 2321 1065 2362 A.
1094 2320 1338 2376 Sempronio
1363 2322 1488 2363 Atra-
1513 2335 1532 2365 S

137 2382 221 2422 tino
246 2381 408 2421 tertium
432 2388 471 2422 et
496 2381 656 2423 duobus
680 2382 826 2423 iterum
844 2383 906 2424 M.
926 2383 1092 2438 Papirio
1111 2382 1327 2438 Mugilano
1353 2390 1393 2424 et
1413 2383 1486 2439 Sp.

137 2442 286 2483 Nautio
310 2443 468 2491 Rutilo,
499 2442 711 2483 biennium
736 2444 976 2497 tranquillae
1002 2451 1192 2486 externae
1217 2460 1301 2495 res,
1333 2445 1487 2487 discor-

137 2504 204 2544 dia
228 2504 338 2544 domi
364 2518 415 2544 ex
439 2504 609 2558 agrariis
634 2504 795 2559 legibus
821 2506 911 2546 fuit.

220 2565 538 2605 XXXXVHI.
587 2565 837 2608 Turbatores
868 2567 983 2622 vulgi
1019 2573 1132 2608 erant
1164 2566 1236 2622 Sp.
1267 2567 1485 2610 Maecilius
1514 2584 1528 2612 1

137 2633 280 2680 quarto
306 2634 346 2667 et
374 2626 474 2682 [M]
496 2626 681 2668 Metilius
707 2628 824 2669 tertio
848 2628 998 2670 tribuni
1023 2629 1167 2684 plebis,
1194 2629 1315 2671 ambo
1341 2630 1488 2673 absen-

137 2696 197 2729 tes
223 2689 358 2729 creati.
409 2696 446 2730 et
473 2703 564 2729 cum
589 2690 842 2744 rogationem
867 2691 1217 2747 promulgassent,
1243 2699 1287 2733 ut
1312 2708 1412 2748 ager
1435 2708 1486 2735 ex
1512 2707 1530 2736 2

1516 2029 1531 2057 —1
