1835 3226
297 528 314 555 ἴ)

298 2140 315 2167 [ό

341 218 422 257 :32⁴2
638 221 790 255 LIBER
814 221 886 264 vi,
914 221 966 253 17.
989 221 1040 254 18.
1069 221 1118 265 [a.
1132 231 1165 254 u.
1181 231 1211 256 e.
1224 221 1301 256 369.
1314 223 1396 268 370]

341 328 517 383 agminis
546 324 760 366 Gallorum
791 339 866 379 pcr
892 324 1112 378 Tarpeiam
1143 339 1288 378 rupem
1320 325 1579 366 scandentis?
1616 342 1698 368 non

341 389 470 442 ipsius
502 387 562 427 M.
589 386 740 436 Manli,
779 386 943 440 qualem
977 401 1070 426 eum
1102 393 1304 426 armatum
1336 386 1504 441 plenum
1536 387 1697 429 sudoris

341 466 387 491 ae
419 449 631 504 sanguinis
662 448 753 502 ipso
779 463 909 503 paene
935 448 1034 489 Iove
1060 455 1200 502 erepto
1225 463 1276 489 ex
1301 448 1482 490 hostium
1506 449 1697 491 manibus

340 511 564 552 vidissent?
601 510 815 551 selibrisne
846 510 966 551 farris
992 510 1168 565 gratiam
1194 511 1391 552 servatori
1417 511 1571 566 patriae
1596 512 1698 553 rela-

341 573 448 614 tam?
483 579 523 614 et
552 587 675 625 quem
700 587 828 627 prope
854 572 1092 621 caelestem,
1125 573 1369 628 cognomine
1396 580 1504 614 certe
1531 573 1699 629 Capito-

340 635 422 676 lino
447 635 537 675 Iovi
563 649 704 689 parem
732 634 919 683 fecerint,
948 649 1040 674 eum
1066 635 1151 688 pati
1176 635 1358 676 vinctum
1383 636 1425 676 in
1450 650 1630 686 carcere,
1657 637 1720 677 in*

341 697 519 739 tenebris
545 697 767 739 obnoxiam
789 698 990 738 carnificis
1012 698 1177 739 arbitrio
1197 698 1346 739 ducere
1367 699 1571 740 animam?
1596 700 1698 741 adeo

340 761 381 800 in
412 775 492 801 uno
525 759 716 801 omnibus
749 760 848 801 satis
874 760 1015 800 auxilii
1041 760 1189 810 fuisse,
1222 761 1376 801 nullam
1403 776 1523 816 opem
1549 762 1589 802 in
1615 769 1697 802 tam

342 822 481 864 multis
508 822 578 862 uni
603 823 721 864 esse?
1589 834 1595 840 ·

425 884 514 925 Iam
552 899 603 925 ne
640 892 759 926 nocte
796 885 962 938 quidem
996 884 1116 925 turba
1146 900 1197 925 ex
1229 900 1276 926 eo
1307 885 1397 926 loco
1429 885 1697 935 dilabebatur,

339 946 672 1000 refracturosque
709 961 916 987 carcerem
951 946 1230 996 minabantur,
1281 962 1374 987 cum
1416 948 1609 998 remisso,
1656 948 1699 989 id

341 1009 452 1062 quod
483 1009 660 1063 erepturi
692 1015 824 1058 crant,
858 1023 910 1049 ex
936 1017 1103 1050 senatus
1129 1009 1316 1050 consulto
1342 1009 1526 1051 Manlius
1552 1010 1697 1050 vinclis

340 1070 547 1112 liberatur.
597 1086 678 1124 quo
709 1071 819 1112 facto
851 1086 933 1112 non
965 1071 1111 1112 seditio
1136 1071 1268 1121 finita,
1302 1072 1374 1112 sed
1400 1072 1484 1112 dux
1510 1072 1699 1113 seditioni

342 1133 462 1172 datus
491 1142 564 1173 cst.

425 1194 508 1235 Per
544 1195 711 1235 cosdem
749 1195 836 1236 dies
872 1195 1037 1236 Latinis
1075 1204 1114 1236 et
1151 1196 1344 1237 Hernicis
1384 1197 1504 1237 simul
1542 1197 1698 1238 colonis

344 1257 650 1299 Circeiensibus
678 1266 717 1298 et
742 1274 766 1299 a
785 1258 973 1307 Velitris,
999 1259 1272 1313 purgantibus
1299 1274 1343 1300 se
1362 1259 1506 1300 Volsci
1532 1260 1698 1300 crimine

343 1319 438 1360 belli
464 1320 730 1374 captivosque
749 1320 1042 1374 repetentibuS,
1069 1329 1113 1360 ut
1133 1321 1218 1361 suis
1238 1320 1399 1375 legibus
1419 1321 1461 1361 in
1481 1335 1551 1362 eos
1572 1321 1700 1361 anim-

342 1381 612 1431 adverterent,
635 1382 765 1422 tristia
784 1397 983 1436 responsa
1002 1383 1172 1432 reddita,
1199 1382 1376 1423 tristiora
1395 1383 1562 1432 colonis,
1589 1383 1699 1436 quod

343 1443 454 1483 cives
479 1443 658 1484 Romani
689 1444 843 1498 patriae
876 1444 1177 1499 oppugnandae
1202 1444 1381 1485 nefanda
1406 1445 1576 1485 consilia
1600 1445 1698 1485 inis—

343 1511 444 1544 sent.
482 1520 564 1545 non
588 1512 783 1560 negatum
809 1506 946 1558 itaque
971 1513 1129 1546 tantum
1149 1506 1199 1546 de
1219 1507 1410 1560 captivis,
1438 1507 1529 1556 sed,
1556 1506 1598 1547 in
1617 1521 1698 1560 quo

342 1565 393 1606 ab
421 1566 542 1607 sociis
569 1574 707 1607 tamen
731 1573 1078 1621 temperaverant,
1106 1568 1390 1609 denuntiatum
1416 1575 1582 1610 senatus
1609 1583 1698 1609 ver-

342 1627 423 1676 bis,
456 1627 709 1669 facesserent
738 1643 912 1682 propere
945 1643 996 1669 ex
1026 1629 1127 1670 urbe
1153 1629 1204 1670 ab
1230 1644 1298 1670 ore
1324 1637 1445 1684 atque
1472 1630 1601 1672 oculis
1625 1645 1699 1685 po-

342 1689 428 1743 puli
457 1689 655 1739 Romani,
692 1705 743 1730 ne
779 1690 880 1730 nihil
916 1705 987 1731 eos
1023 1690 1241 1746 legationis
1272 1691 1355 1740 ius,
1394 1699 1580 1742 externo,
1618 1708 1699 1733 nou

343 1751 421 1791 civi
447 1758 734 1805 conparatum,
762 1758 931 1807 tegeret.

426 1813 598 1854 XVIII.
648 1814 982 1855 Recrudescente
1007 1813 1222 1856 Manliana
1254 1815 1453 1856 seditione
1485 1815 1562 1856 sub
1588 1816 1699 1857 exitu

342 1876 439 1916 anni
477 1876 643 1917 comitia
680 1876 821 1917 habita
857 1877 1064 1930 creatique
1102 1877 1253 1918 tribuni
1289 1877 1464 1918 militum
1495 1877 1700 1919 consulari

341 1945 544 1992 potestate
573 1937 744 1979 Servius
772 1938 990 1979 Cornelius
1016 1939 1321 1994 Maluginensis
1347 1940 1513 1988 iterum,
1545 1939 1594 1980 P.
1615 1939 1700 1980 Va-

341 2000 465 2041 lerius
490 1999 654 2041 Potitus
680 2001 847 2050 iterum,
874 2000 935 2041 M.
961 2001 1112 2042 Furius
1140 2001 1342 2043 Camillus
1368 2002 1575 2055 quintum,
1604 2000 1701 2043 Ser-

342 2063 433 2103 vius
473 2062 683 2117 Sulpicius
719 2063 857 2104 Rufus
895 2064 1059 2114 iterum,
1100 2063 1148 2105 C.
1180 2063 1372 2118 Papirius
1412 2063 1610 2114 Crassus,
1649 2064 1698 2105 T.

344 2124 563 2177 Quinctius
602 2125 873 2167 Cincinnatus
910 2126 1070 2167 iterum.
1132 2126 1249 2167 cuius
1291 2126 1491 2180 principio
1528 2126 1624 2167 anni
1659 2134 1698 2167 et

340 2187 525 2242 patribus
564 2194 603 2228 et
638 2188 749 2243 plebi
785 2196 1060 2243 peroportune
1097 2197 1265 2230 externa
1300 2204 1383 2244 pax
1418 2190 1532 2230 data:
1575 2188 1697 2244 plebi,

343 2250 454 2303 quod
479 2265 559 2290 non
586 2257 757 2291 avocata
783 2251 935 2291 dilectu
961 2266 1076 2305 spem
1102 2252 1227 2306 cepit,
1259 2251 1356 2291 dum
1383 2258 1466 2292 tam
1491 2258 1699 2306 potentem

342 2311 510 2352 haberet
529 2312 696 2362 ducem,
724 2312 903 2354 faenoris
925 2314 1189 2368 expugnandi
1198 2330 1208 2363 3
1233 2312 1432 2368 patribus,
1457 2327 1509 2354 ne
1528 2327 1610 2367 quo
1631 2327 1701 2353 ex-

344 2381 458 2415 terno
496 2381 649 2416 terrore
685 2383 955 2416 avocarentur
991 2376 1116 2416 animi
1153 2376 1204 2417 ab
1237 2376 1430 2417 sanandis
1462 2375 1698 2417 domesticis

298 2450 315 2475 ε’.
342 2435 472 2476 malis.
521 2436 647 2491 igitur
683 2451 777 2478 cum
812 2452 907 2492 pars
946 2444 1117 2490 utraque
1154 2438 1285 2478 acrior
1321 2437 1529 2490 aliquanto
1561 2443 1700 2478 coorta

299 2696 315 2721 -ι

342 2507 468 2548 esset,
506 2499 587 2539 iam
618 2499 895 2554 propinquum
921 2507 1128 2540 certamen
1159 2501 1296 2541 aderat
1307 2516 1318 2550 3
1356 2507 1396 2540 et
1419 2499 1602 2540 Manlius
1628 2499 1699 2540 ad-

343 2568 487 2601 vocata
512 2561 681 2602 domum
707 2562 828 2616 plebe
854 2576 948 2603 cum
973 2562 1227 2617 principibus
1254 2562 1537 2603 novandarum
1561 2575 1695 2601 rerum

343 2621 516 2663 interdiu
542 2631 749 2677 noctuque
775 2624 946 2665 consilia
965 2624 1110 2679 agitat,
1138 2624 1296 2679 plenior
1315 2624 1524 2678 aliquanto
1543 2623 1699 2663 animo-

342 2698 430 2723 rum
456 2684 689 2739 irarumque
715 2700 839 2739 quam
865 2693 985 2726 antea
1010 2686 1156 2727 fuerat.
1194 2687 1295 2727 iram
1316 2685 1555 2726 accenderat
1580 2683 1698 2737 igno-
