1835 3226
290 358 329 387 14

289 543 328 571 15

290 668 328 696 16

291 916 327 944 1?

315 1042 328 1069 1

312 1103 330 1131 2

320 1975 335 2002 *l

355 169 438 211 384
687 174 841 210 [ABER
866 172 958 217 VII,
983 172 1038 206 32.
1057 172 1112 206 33.
1139 174 1188 216 [a.
1202 183 1237 207 u.
1252 183 1282 207 c.
1295 172 1378 217 411]

354 295 461 322 anno
493 278 649 319 familia
678 277 758 318 ista
788 275 1066 325 consulatum,
1103 289 1186 328 quo
1222 274 1321 315 urbs
1358 274 1462 316 haee
1497 276 1707 317 consulem

355 341 546 391 habuit;”
582 354 691 381 nune
721 339 804 380 iam
834 338 954 379 nobis
985 337 1171 393 patribus
1209 337 1410 390 vobisque
1446 337 1582 392 plebei
1615 353 1710 393 pro-

353 404 535 445 miscuus
563 401 798 443 consulatus
818 408 929 455 patet
948 415 1023 441 nec
1042 400 1224 456 generis,
1253 407 1294 440 ut
1316 407 1429 449 ante,
1457 399 1530 440 sed
1549 399 1709 441 virtutis

355 472 415 507 est
440 465 681 520 praemium.
729 464 900 518 proinde
927 478 1134 503 summum
1160 462 1352 515 quodque
1379 469 1579 516 spectate,
1605 461 1711 502 mili-

354 536 435 577 teS,
473 527 612 568 decus.
661 541 744 567 non
775 525 810 566 si
841 524 941 565 mihi
976 540 1129 565 novum
1164 525 1243 565 hoe
1275 523 1445 565 Corvini
1483 537 1710 579 cognomen

355 590 432 631 diis
465 588 700 630 auctoribus
731 587 919 629 homines
946 587 1136 636 dedistis,
1167 585 1478 627 Publicolarum
1502 592 1711 626 vetustum

355 652 535 693 familiae
559 658 723 692 nostrae
750 665 980 706 cognomen
1005 650 1203 691 memoria
1223 649 1413 690 excessit.
1453 663 1616 703 semper
1634 663 1712 703 ego

355 714 518 770 plebem
548 713 782 755 Romanam
817 713 985 754 militiae
1017 712 1228 766 domique,
1266 711 1470 766 privatus,
1507 711 1549 751 in
1581 709 1713 765 magi-

355 776 550 819 stratibus
585 776 724 832 parvis
761 776 1024 831 magnisque,
1069 790 1198 829 aeque
1235 774 1423 815 tribunus
1466 787 1513 814 ac
1555 773 1711 821 consul,

355 841 500 881 eodem
531 846 671 880 tenore
700 854 775 894 per
805 854 948 880 omnes
979 839 1173 893 deinceps
1206 837 1443 878 consulatus
1475 836 1565 877 eolo
1590 842 1713 889 atque

356 902 474 943 colui.
534 916 644 943 nune
669 901 781 955 quod
805 901 947 950 instat,
975 901 1052 942 diis
1078 900 1184 942 bene
1208 899 1447 940 iuvantibus
1473 913 1627 939 novum
1653 905 1714 938 at-

356 980 434 1018 que
460 965 666 1020 integrum
692 964 742 1005 de
771 962 1027 1005 Samnitibus
1053 962 1307 1017 triumphum
1332 976 1495 1002 mecum
1520 960 1672 1015 petite.’

439 1026 667 1067 XXXIII.
715 1026 754 1067 N
757 1041 809 1067 on
835 1026 934 1067 alias
960 1025 1079 1066 militi
1103 1024 1342 1065 familiarior
1367 1023 1451 1064 dux
1475 1023 1554 1063 fuit
1577 1022 1716 1064 onmia

359 1089 464 1129 inter
493 1089 656 1130 infimos
690 1088 866 1128 militum
897 1087 1008 1128 haud
1039 1094 1208 1143 gravate
1244 1086 1385 1126 munia
1421 1085 1624 1126 obeundo.
1673 1084 1716 1124 in

355 1151 453 1191 ludo
473 1157 682 1204 praeterea
701 1149 883 1197 militari,
911 1164 1004 1190 eum
1030 1148 1259 1189 velocitatis
1284 1147 1516 1200 viriumque
1541 1147 1646 1187 inter
1671 1160 1715 1186 se

358 1212 550 1266 aequales
571 1212 792 1253 certamina
812 1212 971 1261 ineunt,
999 1212 1169 1253 comiter
1187 1211 1332 1262 facilis,
1359 1211 1522 1251 vincere
1542 1224 1590 1250 ae
1609 1208 1716 1249 vinei

358 1275 474 1315 vultu
493 1275 638 1315 eodem
657 1289 732 1314 nec
752 1289 1001 1327 quemquam
1028 1274 1237 1327 aspernari
1262 1288 1404 1327 parem
1429 1272 1499 1325 qui
1525 1286 1568 1312 se
1594 1271 1716 1312 offer-

359 1344 438 1386 ret,
476 1337 596 1378 factis
627 1336 832 1391 benignus
864 1351 938 1390 pro
969 1351 1030 1385 re,
1069 1336 1187 1376 dictis
1219 1335 1330 1374 haud
1354 1335 1490 1374 minus
1515 1333 1714 1374 libertatis

359 1399 515 1440 alienae
541 1414 665 1453 quam
691 1413 789 1439 suae
815 1397 1026 1453 dignitatis
1051 1412 1209 1437 memor
1233 1405 1291 1445 et,
1318 1411 1399 1450 quo
1425 1395 1523 1436 nihil
1544 1395 1716 1449 popula-

359 1462 443 1502 rius
469 1468 548 1510 est,
576 1460 726 1514 quibus
753 1460 908 1501 artibus
934 1460 1105 1514 petierat
1125 1459 1408 1514 magistratus,
1435 1458 1579 1499 iisdem
1600 1472 1717 1512 gerc-

361 1523 442 1565 bat.
503 1524 640 1576 itaque
672 1523 889 1563 universus
922 1522 1126 1562 exereitus
1159 1521 1386 1562 incredibili
1412 1520 1619 1561 alacritate
1645 1519 1717 1560 ad-

359 1585 632 1626 hortationem
657 1592 900 1639 prosecutus
926 1584 1041 1624 ducis
1068 1584 1212 1624 castris
1239 1583 1458 1638 egreditur.
1500 1581 1714 1637 proelium,

360 1655 404 1688 ut
429 1648 541 1701 quod
565 1647 744 1687 maxime
769 1660 986 1699 umquam,
1012 1645 1100 1700 pari
1121 1660 1212 1699 spe,
1237 1645 1441 1698 utrimque
1461 1644 1601 1698 aequis
1621 1643 1717 1684 viri-

361 1709 459 1759 bus,
487 1725 581 1750 cum
600 1709 751 1750 fiducia
770 1708 852 1757 sui,
881 1708 968 1748 sine
989 1714 1228 1761 contemptu
1247 1707 1428 1747 hostium
1449 1706 1715 1747 commissum

362 1782 436 1813 est.
499 1770 756 1814 Samnitibus
788 1771 985 1811 ferociam
1016 1769 1224 1825 augebant
1253 1783 1385 1809 novae
1415 1782 1480 1809 res
1511 1776 1653 1824 gestae
1678 1775 1718 1808 et

361 1849 516 1889 paucos
543 1841 637 1875 ante
662 1834 750 1874 dies
775 1833 984 1889 geminata
1009 1832 1197 1881 victoria,
1230 1830 1430 1872 Romanis
1456 1837 1595 1871 contra
1619 1843 1719 1883 qua-

362 1897 673 1952 dringentorum
711 1910 912 1936 annorum
943 1894 1093 1935 deeora
1123 1901 1163 1934 et
1193 1893 1380 1934 conditae
1413 1891 1503 1933 urbi
1534 1890 1718 1944 aequalis

364 1959 552 2009 victoria3
602 1959 786 2012 utrisque
829 1965 967 1998 tamen
1008 1971 1140 1997 novus
1183 1955 1314 1997 hostis
1351 1969 1490 1996 curam
1527 1952 1717 1995 addebat.

361 2037 503 2077 pugna
537 2021 688 2062 indicio
725 2020 820 2069 suit,
859 2034 963 2074 quos
1000 2018 1204 2074 gesserint
1240 2018 1418 2059 animos:
1455 2030 1633 2069 namque
1662 2015 1720 2056 ita

363 2084 651 2133 conflixerunt,
678 2090 722 2124 ut
742 2082 996 2136 aliquamdiu
1020 2082 1061 2122 in
1085 2088 1272 2122 neutram
1298 2086 1454 2135 partem
1479 2078 1720 2119 inclinarent

364 2146 485 2187 acies.
524 2154 612 2187 tum
632 2145 775 2187 consul
795 2144 1109 2200 trepidationem
1129 2143 1377 2184 iniciendam
1397 2148 1529 2190 ratus,
1555 2139 1720 2194 quando

363 2209 404 2250 vi
438 2209 536 2264 pelli
570 2224 652 2251 non
682 2215 888 2264 poterant,
927 2207 1133 2261 equitibus
1170 2205 1352 2247 inmissis
1389 2203 1553 2245 turbare
1589 2203 1722 2257 prima

366 2272 484 2327 signa
515 2271 695 2313 hostium
728 2277 909 2312 conatur.
970 2284 1074 2322 quos
1102 2268 1172 2309 ubi
1196 2267 1446 2321 nequiquam
1471 2265 1723 2306 tumultuan-

365 2344 425 2377 tes
451 2335 493 2375 in
519 2333 651 2389 spatio
678 2333 828 2388 exiguo
848 2331 1012 2372 volvere
1033 2339 1188 2371 turmas
1208 2330 1309 2370 vidit
1328 2343 1403 2370 nee
1423 2341 1545 2382 posse
1565 2326 1722 2382 aperire

363 2398 405 2438 in
435 2397 574 2437 hostes
604 2396 733 2444 viam,
771 2401 959 2435 revectus
991 2393 1043 2433 ad
1074 2392 1365 2446 antesignanos
1391 2390 1602 2445 legionum
1627 2402 1721 2429 cum

303 2476 311 2502 i
365 2459 598 2500 desiluisset
623 2472 674 2498 ex
700 2471 824 2511 equo:
864 2454 1084 2496 ‘nostrum’
1110 2455 1241 2507 inquit
1267 2453 1470 2507 ‘peditum
1495 2451 1614 2500 illud,
1646 2450 1722 2490 mi-

365 2522 475 2571 lites,
503 2527 564 2562 est
584 2535 707 2575 opus3
734 2519 963 2575 agitedum,
991 2525 1033 2558 ut
1059 2532 1124 2557 me
1150 2516 1351 2565 videritis,
1378 2527 1637 2568 quacumque
1661 2512 1723 2552 in-

367 2599 530 2625 cessero
560 2584 603 2624 in
633 2583 762 2624 aciem
793 2581 994 2630 hostium,
1027 2579 1135 2621 ferro
1161 2579 1270 2619 viam
1296 2578 1533 2626 facientem,
1565 2575 1624 2617 sic
1647 2589 1722 2629 pro

368 2661 411 2688 se
437 2647 611 2701 quisque
637 2647 782 2689 obvios
815 2645 1000 2688 sternite:
1038 2644 1108 2686 illa
1137 2644 1292 2693 onmia,
1325 2657 1405 2697 qua
1430 2655 1540 2683 nune
1565 2647 1722 2682 erectae
