1780 3204
418 217 567 251 Lissssn
593 216 627 260 1,
654 216 799 250 54-:202
831 218 880 259 [a.
898 215 1144 259 0531-510]
1408 207 1459 248 57

108 322 257 378 privati
281 320 485 362 commodi
505 334 650 360 sensus
670 320 870 360 malorum
890 319 1145 373 publicorum
1165 318 1307 368 adimi,
1334 319 1464 360 donec

108 383 207 425 orba
232 382 402 424 consilio
428 381 661 434 auxilioque
683 379 847 422 Gabina
870 395 935 422 res
961 381 1048 436 regi
1067 381 1255 422 Romano
1276 381 1362 422 sine
1381 381 1464 422 ulla

102 443 371 485 demicatione
396 444 439 483 in
463 458 631 483 manum
657 443 838 483 traditur.

192 506 287 547 LV.
339 504 485 546 Gabiis
516 505 691 558 receptis
718 505 966 558 Tarquinius
996 519 1141 559 pacem
1172 519 1265 546 cum
1295 505 1465 559 Aequo-

107 582 198 608 rum
228 574 351 622 gente
382 566 497 615 fecit,
536 566 682 607 foedus
715 581 809 607 cum
842 566 990 607 Tuscis
1022 567 1251 616 renovavit,
1288 567 1383 607 inde
1414 567 1466 607 ad

109 629 274 684 negotia
304 628 463 669 urbana
493 628 675 669 animum
707 628 916 668 convertit.
965 643 1140 682 quorum
1165 635 1250 669 erat
1274 629 1463 683 primum,

107 698 152 731 ut
182 690 295 731 Iovis
333 689 530 744 templum
560 689 602 729 in
633 696 771 730 monte
803 689 979 743 Tarpeio
1009 696 1320 730 monumentum
1350 691 1466 745 regni

109 753 172 793 sui
196 751 455 804 nominisque
478 750 743 804 relinqueret:
776 750 1022 803 Tarquinios
1048 766 1167 806 reges
1200 751 1362 801 ambos,
1394 767 1467 806 pa-

109 821 211 854 trem
236 813 420 862 vovisse,
453 812 582 852 filium
607 811 844 866 perfecisse.
894 819 933 852 et
962 819 1007 852 ut
1030 812 1159 853 libera
1183 829 1207 854 a
1232 814 1377 854 ceteris
1402 829 1465 854 re-

106 874 330 929 ligionibus
356 888 452 915 area.
476 880 584 914 esset
616 879 700 913 tota
723 872 835 912 Iovis
866 873 1089 926 templique
1121 874 1227 923 eius,
1266 875 1376 927 quod
1405 875 1466 915 in-

107 936 408 984 aedificaretur,
453 948 706 988 exaugurare
749 934 846 974 fana
883 934 1114 987 sacellaque
1152 936 1311 984 statuit,
1360 951 1465 989 quae

107 998 261 1051 aliquot
285 997 343 1037 ibi
367 1012 391 1037 a
416 996 465 1036 T.
487 996 607 1036 Tatio
631 1010 728 1049 rege
752 995 930 1049 primum
955 996 996 1035 in
1021 996 1110 1050 ipso
1136 997 1370 1038 discrimine
1396 999 1467 1038 ad-

108 1075 252 1100 versus
277 1058 502 1099 Romulum
532 1072 696 1111 pugnae
729 1064 840 1105 vota,
874 1064 1111 1098 consecrata
1141 1058 1465 1127 inauguiataque

107 1128 251 1176 postea
275 1120 448 1160 fueiant.
491 1119 596 1158 inter
619 1118 820 1172 principia
844 1118 1046 1158 condendi
1070 1118 1192 1158 huius
1219 1120 1353 1173 opeiis
1379 1135 1466 1161 mo-

106 1183 217 1222 visse
248 1196 401 1221 numen
432 1181 483 1221 ad
514 1180 776 1220 indicandam
808 1179 910 1219 tanti
934 1179 1094 1233 imperii
1119 1180 1269 1220 molem
1294 1181 1465 1222 traditur

108 1245 226 1292 deos,
263 1258 359 1283 nam
391 1257 485 1282 cum
516 1241 699 1282 omnium
731 1241 975 1282 sacellorum
1013 1243 1357 1297 exaugurationes
1394 1244 1466 1284 ad-

106 1305 312 1346 mitterent
337 1318 453 1352 aves,
479 1303 521 1343 in
536 1303 720 1344 Termini
739 1303 835 1344 fano
855 1318 938 1344 non
957 1304 1164 1345 addixere.
1202 1305 1325 1358 idque
1344 1320 1463 1346 omen

106 1367 405 1422 auguriumque
431 1367 487 1406 ita
508 1372 722 1419 acceptum
742 1372 823 1415 est,
849 1380 931 1406 non
950 1372 1104 1407 motam
1119 1366 1303 1407 Termini
1325 1368 1464 1408 sedem

105 1443 312 1481 unumque
343 1442 438 1468 eum
467 1428 637 1468 deorum
663 1443 745 1468 non
770 1434 987 1468 evocatum
1014 1429 1183 1470 sacratis
1211 1429 1289 1470 sibi
1312 1429 1463 1471 finibus

102 1491 221 1531 firma
247 1489 490 1542 stabiliaque
516 1496 663 1530 cuncta
688 1490 943 1544 portendere.
981 1490 1058 1532 hoo
1083 1491 1366 1546 perpetuitatis
1393 1507 1465 1532 au·
1491 1507 1504 1533 s

107 1552 234 1607 spicio
259 1558 445 1605 accepto,
479 1559 665 1592 secutum
691 1552 803 1592 aliud
827 1553 1153 1607 magnitudinem
1178 1554 1339 1608 imperii
1370 1569 1463 1608 por-

106 1613 276 1654 tendens
318 1613 552 1668 prodigium
594 1620 673 1654 est:
724 1625 847 1668 caput
889 1614 1115 1655 humanum
1157 1615 1318 1669 integra
1354 1615 1461 1656 facie

106 1675 381 1728 aperientibus
407 1675 675 1715 fundamenta
706 1675 848 1730 templi
879 1676 1027 1717 dicitur
1057 1677 1317 1730 apparuisse,
1356 1691 1461 1729 quae

104 1737 196 1777 visa,
220 1736 377 1789 species
402 1736 501 1776 haut
524 1751 597 1789 per
621 1736 817 1791 ambages
844 1752 979 1777 arcem
1011 1752 1103 1778 eam
1132 1738 1293 1791 imperii
1323 1745 1465 1791 caput-

107 1811 187 1849 que
211 1811 347 1836 rerum
371 1797 460 1837 fore
485 1797 770 1850 portendebat,
797 1798 920 1850 idque
945 1798 1001 1838 ita
1025 1798 1208 1839 cecinere
1234 1805 1348 1839 vates
1375 1799 1465 1852 qui-

109 1873 187 1911 que
218 1858 259 1898 in
289 1858 390 1898 urbe
421 1867 534 1898 erant
560 1873 746 1911 quosque
771 1859 823 1899 ad
849 1874 939 1899 eam
964 1874 1050 1899 rem
1075 1859 1388 1901 consultandam
1414 1876 1464 1901 ex

108 1919 275 1959 Etruria
300 1919 542 1959 acciverant.
592 1920 821 1974 augebatur
844 1921 897 1960 ad
933 1922 1129 1974 inpensas
1154 1922 1263 1976 regis
1289 1923 1462 1963 animus.

109 1981 245 2033 itaque
271 1980 511 2021 Pometinae
542 1981 778 2030 manubiae,
811 1996 916 2034 quae
940 1982 1200 2036 perducendo
1226 1984 1278 2023 ad
1303 1984 1465 2025 culmen

1491 826 1509 854 2

1492 1134 1509 1161 3

1492 1319 1509 1346 4

1490 1692 1507 1719 (i

1492 2001 1506 2028 7

110 2043 223 2097 operi
253 2042 482 2083 destinatae
514 2050 645 2092 erant,
679 2043 748 2083 vix
777 2043 819 2083 in
844 2044 1112 2084 fundamenta
1137 2045 1462 2099 suppeditavere.
1500 2056 1503 2059 ⁴

110 2119 158 2145 eo
190 2104 323 2159 magis
348 2103 499 2153 Fabio,
537 2111 823 2158 praeterquam
853 2105 965 2158 quod
995 2105 1200 2158 antiquior
1225 2114 1303 2156 est,
1337 2108 1465 2148 credi-

110 2166 259 2215 derim,
298 2166 571 2220 quadraginta
603 2181 651 2206 ea
682 2166 769 2206 sola
793 2166 945 2207 talenta
975 2167 1121 2216 fuisse,
1159 2182 1283 2220 quam
1307 2168 1462 2219 Pisoni,

109 2228 180 2280 qui
211 2227 483 2282 quadraginta
512 2227 624 2268 milia
648 2228 784 2282 pondo
809 2229 967 2283 argenti
993 2229 1170 2282 seposita
1195 2230 1239 2270 in
1263 2244 1352 2270 cam
1377 2246 1462 2271 rem

110 2289 268 2338 scribit,
320 2304 523 2330 summam
564 2290 763 2344 pecuniae
803 2305 936 2344 neque
978 2305 1029 2331 ex
1071 2291 1192 2331 unius
1227 2303 1315 2332 tum
1352 2293 1463 2334 urbis

108 2351 261 2404 praeda
292 2351 536 2405 sperandam
567 2358 607 2391 et
636 2352 800 2401 nullius,
832 2367 883 2392 ne
913 2352 1060 2392 horum
1086 2352 1252 2405 quidem
1276 2354 1464 2409 magnifi-

109 2412 265 2452 centiae
291 2426 461 2466 operum
485 2412 754 2453 fundamenta
777 2428 860 2454 non
884 2420 1232 2467 exsuperaturam.

192 2472 311 2514 LVI.
360 2474 547 2515 Intentus
578 2474 825 2528 perficiendo
850 2475 1019 2529 templo,
1052 2475 1180 2516 fabris
1206 2476 1386 2530 undique
1412 2492 1462 2518 ex

107 2534 274 2575 Etruria
299 2536 457 2585 accitis,
484 2551 565 2576 non
589 2537 764 2590 pecunia
790 2537 923 2577 solum
948 2537 1000 2577 ad
1018 2537 1060 2577 id
1080 2537 1245 2592 publica
1264 2546 1326 2579 est
1347 2554 1460 2590 usus,

108 2597 181 2638 sed
205 2598 339 2652 operis
366 2598 488 2638 etiam
513 2613 565 2638 ex
588 2597 720 2652 plebe.
769 2599 840 2652 qui
870 2614 963 2640 eum
994 2599 1093 2639 haut
1122 2615 1274 2654 parvus
1306 2606 1346 2641 et
1374 2601 1462 2656 ipse

107 2658 273 2700 militiae
305 2659 521 2700 adderetur
551 2660 682 2709 labor,
722 2661 856 2701 minus
887 2668 1024 2706 tamen
1054 2661 1170 2716 plebs
1202 2661 1460 2717 gravabatur,

1489 2122 1508 2150 ὃ

1489 2245 1507 2274 9
