1780 3204
417 227 570 262 LIBER.
593 226 681 267 VII,
706 225 760 259 30.
779 225 833 259 31.
861 227 909 269 [a.
925 223 963 260 C.
976 225 1058 270 343]
1335 216 1414 258 381

68 332 204 374 ditatis
237 331 463 386 explendae
494 338 621 380 esset,
652 345 797 386 parum
822 329 918 379 fuit,
950 329 1061 383 quod
1086 328 1214 370 semel
1237 329 1280 369 in
1306 326 1417 371 Sidi-

67 396 157 436 cino
177 410 295 450 agro,
320 395 467 435 iterum
485 394 528 434 in
548 392 777 447 Campania
800 392 891 447 ipsa
914 391 1098 447 legiones
1124 399 1285 433 nostras
1312 391 1417 433 ceci-

67 457 187 498 dere?
223 471 326 510 quae
353 463 414 497 est
437 456 517 497 ista
541 463 623 496 tam
648 455 799 495 infesta
822 455 900 503 ira,
933 469 1057 508 quam
1080 469 1154 509 per
1178 454 1280 495 duas
1307 454 1415 495 acies

67 520 185 560 fusus
212 519 380 574 sanguis
407 519 569 574 explere
594 533 676 559 non
700 517 902 572 potuerit?
942 517 1047 558 adde
1077 517 1158 558 huc
1189 517 1418 572 populatio-

67 597 161 622 nem
193 597 402 636 agrorum,
439 581 612 635 praedas
643 580 855 621 hominum
891 586 1013 633 atque
1047 580 1253 634 pecudum
1291 586 1416 628 actas,

67 644 254 684 incendia
280 643 467 683 villarum
493 657 540 683 ac
565 642 721 690 ruinas,
753 641 890 682 omnia
915 642 1021 682 ferro
1046 641 1214 696 ignique
1238 648 1416 682 vastata:

68 706 223 746 hiscine
248 706 307 746 ira
333 705 487 759 expleri
510 720 593 745 non
611 705 766 759 potuit?
791 705 863 745 sed
885 705 1087 759 cupiditas
1113 704 1316 759 explenda
1340 711 1414 745 est.

67 783 115 808 ca
141 768 193 808 ad
217 768 537 822 oppugnandam
557 766 746 822 Capuam
765 767 886 821 rapit:
913 774 982 807 aut
1001 767 1135 807 delere
1161 766 1304 807 urbem
1328 767 1419 821 pul-

68 829 310 870 cherrimam
346 836 415 870 aut
451 829 531 884 ipsi
567 829 780 884 possidere
821 828 975 870 volunt.
1037 829 1110 870 sed
1152 844 1226 870 vos
1268 829 1417 884 potius,

66 890 261 939 Romani,
287 890 485 932 beneficio
506 898 641 932 vestro
662 897 857 945 occupate
878 905 986 939 earn,
1013 905 1138 944 quam
1156 890 1247 931 illos
1267 890 1418 931 habere

66 967 138 1006 per
162 952 407 993 maleficium
428 952 582 994 sinatis.
624 967 707 993 non
725 951 870 1006 loquor
894 953 1004 1007 apud
1027 959 1287 993 recusantem
1310 953 1420 994 iusta

65 1015 173 1056 bella
202 1015 417 1070 populum,
451 1016 523 1056 sed
554 1022 709 1064 tamen,
743 1015 777 1056 si
807 1015 1065 1056 ostenderitis
1092 1015 1244 1056 auxilia
1267 1022 1417 1064 vestra,

65 1092 116 1118 ne
140 1077 247 1118 bello
272 1077 437 1131 quidem
462 1077 634 1118 arbitror
657 1076 775 1118 vobis
801 1092 904 1131 opus
935 1076 1036 1118 fore.
1095 1091 1227 1130 usque
1258 1077 1311 1117 ad
1341 1092 1417 1118 nos

66 1145 322 1193 contemptus
351 1137 598 1180 Samnitium
622 1138 826 1193 pervenit,
854 1153 977 1192 supra
1001 1153 1084 1179 non
1108 1139 1310 1179 ascendit:
1343 1139 1418 1179 ita-

65 1215 144 1254 que
174 1201 320 1241 umbra
349 1201 474 1241 vestri
499 1197 657 1249 auxilii,
689 1199 884 1248 Romani,
919 1199 1002 1254 tegi
1026 1214 1267 1254 possumus,
1300 1200 1418 1253 quid-

64 1263 162 1315 quid
186 1262 333 1302 deinde
357 1261 640 1311 habuerimus,
667 1261 868 1315 quidquid
887 1261 968 1315 ipsi
987 1261 1206 1310 fuerimus,
1232 1269 1417 1302 vestrum

63 1324 105 1364 id
140 1338 260 1364 omne
301 1323 581 1364 existimaturi.
642 1323 759 1364 vobis
803 1322 984 1364 arabitur
1025 1338 1124 1378 ager
1160 1323 1414 1378 Campanus,

63 1385 179 1426 vobis
207 1384 352 1439 Capua
376 1384 474 1425 urbs
500 1383 843 1438 frequentabitur3
871 1385 1145 1435 conditorum,
1172 1387 1415 1440 parentium,

63 1448 231 1488 deorum
266 1446 543 1487 inmortalium
578 1462 749 1488 numero
784 1446 903 1488 nobis
942 1448 1071 1497 eritis,
1108 1448 1221 1489 nulla
1257 1448 1418 1490 colonia

63 1516 199 1549 vestra
229 1508 322 1558 erit,
359 1523 464 1562 quae
494 1523 570 1550 nos
602 1508 800 1562 obsequio
826 1523 924 1564 erga
948 1525 1022 1551 vos
1048 1510 1211 1563 fideque
1239 1518 1415 1565 superet.

64 1571 245 1620 adnuite,
276 1577 413 1625 patres
439 1571 677 1625 conscripti,
710 1578 856 1611 nutum
887 1587 1122 1625 numenque
1147 1579 1330 1613 vestrum
1355 1572 1417 1612 in-
1442 1591 1456 1615 ·.

62 1633 216 1673 victum
242 1632 467 1688 Campanis
500 1642 539 1674 et
568 1633 706 1674 iubete
739 1649 922 1688 sperare,
953 1634 1201 1675 incolumem
1229 1634 1418 1689 Capuam

63 1694 254 1735 futuram.
315 1709 396 1747 qua
432 1694 662 1748 frequentia
698 1695 882 1736 omnium
916 1710 1115 1750 generum
1145 1695 1417 1737 multitudinis

64 1764 337 1811 prosequente
363 1757 526 1797 creditis
551 1771 627 1798 nos
652 1756 763 1798 illine
787 1757 1013 1811 profectos,
1041 1772 1165 1810 quam
1190 1758 1327 1799 omnia
1345 1773 1418 1799 vo-

64 1826 197 1859 torum
233 1817 575 1871 lacrimarumque
605 1818 727 1872 plena
755 1819 989 1871 reliquisse,
1026 1819 1068 1859 in
1099 1834 1179 1872 qua
1210 1834 1318 1860 nunc
1349 1834 1419 1860 ex-

66 1879 317 1934 spectatione
355 1886 541 1919 senatum
578 1879 858 1934 populumque
896 1879 1176 1934 Campanum,
1220 1882 1417 1936 coniugcs

66 1941 299 1994 liberosque
329 1948 492 1981 nostros
523 1941 639 1982 esse?
682 1948 789 1983 stare
825 1957 990 1982 omnem
1026 1943 1328 1984 multitudinem
1365 1944 1418 1984 ad
1466 1965 1472 1970 -

65 2010 202 2058 portas
240 2003 350 2043 viam
384 2002 480 2043 hinc
515 2002 712 2053 fierentem
743 2011 1052 2059 prospectantes
1085 2012 1241 2045 certum
1271 2005 1416 2055 habeo,

70 2066 169 2119 quid
194 2066 272 2106 illis
297 2081 391 2115 nos,
423 2072 559 2120 patres
587 2066 824 2121 conscripti,
858 2067 1040 2108 sollicitis
1066 2082 1114 2108 ac
1143 2067 1418 2122 pendentibus

67 2129 212 2169 animis
243 2128 475 2168 renuntiare
506 2127 694 2169 iubeatis.
756 2128 929 2169 alterum
958 2144 1204 2183 responsum
1229 2130 1416 2180 salutem,

68 2190 297 2238 victoriam,
334 2190 469 2230 lucem
500 2205 547 2230 ac
577 2189 824 2239 libertatem,
861 2191 1034 2232 alterum
1065 2192 1236 2232 ominari
1272 2191 1418 2234 horreo

66 2266 172 2305 quae
196 2251 318 2292 ferat!
355 2252 525 2306 proinde
558 2258 600 2292 ut
632 2259 701 2293 aut
726 2253 775 2293 de
800 2253 947 2294 vestris
973 2253 1121 2294 futtu'is
1149 2254 1270 2295 sociis
1296 2261 1418 2308 atque

67 2313 209 2354 amicis
235 2320 304 2354 aut
326 2328 534 2366 nusquam
558 2313 652 2354 ullis
677 2314 826 2356 futuris
852 2315 972 2356 nobis
998 2315 1224 2356 consulite.'

150 2375 331 2417 XXXI.
382 2374 608 2417 Summotis
640 2377 787 2418 deinde
816 2377 964 2432 legatis
996 2392 1090 2418 cum
1116 2377 1326 2419 consultus
1354 2393 1417 2420 se-

67 2444 187 2479 natus
219 2444 346 2486 esset,
385 2438 462 2479 etsi
492 2453 666 2492 magnae
696 2439 802 2493 parti
825 2439 924 2480 urbs
950 2440 1131 2481 maxima
1156 2440 1418 2494 opulentissi-

68 2514 215 2553 maque
250 2499 412 2548 Italiae,
455 2499 685 2541 uberrimus
722 2515 820 2556 ager
855 2502 1038 2555 marique
1074 2502 1327 2556 propinquus
1365 2503 1418 2544 ad

69 2562 283 2603 varietates
309 2577 493 2603 annonae
518 2562 707 2603 horreum
727 2563 868 2617 populi
886 2563 1063 2604 Romani
1081 2564 1169 2604 fore
1187 2564 1414 2614 fidebatur,

67 2633 204 2665 tamen
228 2630 340 2664 tanta
364 2624 536 2665 utilitate
560 2624 662 2666 fides
689 2625 892 2679 antiquior
915 2626 1010 2674 fuit,
1041 2626 1333 2681 responditque.
1360 2627 1416 2669 ita‘

67 2701 118 2727 cx
159 2687 398 2728 auctoritate
440 2693 606 2728 senatus
649 2687 810 2729 consul:
860 2688 1030 2730 ‘auxilio
1065 2703 1159 2738 vos,
1198 2687 1412 2744 Campani,

1444 467 1483 496 15

1444 715 1484 744 1ss

1446 841 1483 870 17

1446 1337 1483 1366 19

1440 2703 1458 2722 c)
