1780 3204
472 212 625 248 LIBER
650 212 740 256 vn,
764 211 818 245 32.
846 213 895 255 [a.
911 209 950 246 C.
963 210 1045 255 343]
1355 201 1438 242 383

84 335 196 362 more
226 319 398 369 indicto,
431 318 716 366 decreverunt,
749 322 793 356 ut
823 315 954 370 primo
985 329 1149 369 quoque
1180 321 1363 370 tempore
1387 313 1439 355 de

84 398 132 424 ea
173 397 216 423 re
258 382 311 423 ad
350 381 548 437 populum
589 379 774 420 ferretur.
834 379 1034 432 iussuque
1068 377 1212 433 populi
1247 377 1438 419 consules

83 444 204 485 ambo
236 459 330 485 cum
361 443 522 484 duobus
554 440 799 483 exercitibus
826 440 877 481 ab
904 440 1003 481 urbe
1027 440 1220 495 profecti,
1246 439 1438 481 Valerius

82 508 125 548 in
151 506 441 561 Campaniam,
481 504 697 546 Cornelius
730 504 772 544 in
804 502 1040 552 Samnium,
1076 503 1144 543 ille
1175 503 1227 543 ad
1257 508 1439 543 montem

85 568 291 618 Gaurum,
322 569 388 609 hic
414 568 466 609 ad
493 566 718 609 Saticulam
745 572 879 608 castra
902 572 1072 620 ponunt.
1122 565 1247 620 priori
1271 564 1439 606 Valerio

87 631 336 673 Samnitium
365 631 549 685 legiones
581 654 635 658 —
666 643 714 669 eo
746 643 924 682 namque
956 643 1119 669 omnem
1155 627 1253 669 belli
1287 627 1438 668 molem

85 693 370 734 inclinaturam
395 691 619 733 censebant
643 716 696 720 —
723 697 952 732 occurrunt.
992 690 1114 731 simul
1137 690 1179 730 in
1200 689 1437 744 Campanos

85 755 321 796 stimulabat
350 755 427 804 ira,
465 762 550 794 tam
578 759 790 808 promptos
820 767 929 794 nunc
960 753 1014 793 ad.
1043 752 1213 794 ferenda
1242 767 1352 793 nunc
1386 752 1439 792 ad

84 818 331 859 accersenda
362 817 560 858 adversus
593 831 636 857 se
667 815 831 857 auxilla.
891 822 937 855 ut
968 830 1065 856 vero
1091 821 1225 856 castra
1249 814 1439 855 Romana

84 880 292 929 viderunt,
325 879 514 920 ferociter
536 893 610 933 pro
638 892 681 919 se
706 878 881 931 quisque
907 877 1073 932 signum
1098 877 1224 918 duces
1254 891 1437 930 poscere,

84 942 317 991 adfirmare,
361 941 505 982 eadem
540 941 704 981 fortuna
741 940 977 980 Romanum
1010 938 1225 993 Campano
1261 939 1439 980 laturum

84 1019 222 1058 opem,
256 1018 338 1057 qua
369 1003 608 1058 Campanus
637 1001 821 1044 Sidicino
852 1001 999 1042 tulerit.
1054 1001 1246 1041 Valerius
1277 1000 1437 1041 levibus

83 1065 372 1107 certaminibus
403 1065 629 1120 temptandi
658 1064 789 1105 hostis
820 1078 946 1104 causa
970 1063 1071 1103 haut
1094 1063 1152 1103 ita
1175 1062 1326 1103 multos
1352 1077 1440 1103 mo-

82 1135 194 1168 ratus
220 1127 307 1168 dies
333 1127 498 1182 signum
527 1140 692 1180 pugnae
722 1125 954 1179 proposuit,
986 1124 1129 1178 paucis
1163 1138 1260 1164 suos
1292 1123 1439 1164 adhor-

85 1197 212 1239 tatus,
257 1204 308 1230 ne
344 1204 498 1230 novum
534 1188 688 1229 bellum
724 1201 795 1228 eos
831 1200 1047 1240 novusque
1083 1185 1214 1226 hostis
1251 1192 1437 1226 terreret:

81 1251 281 1304 quidquid
311 1249 362 1291 ab
395 1249 495 1290 urbe
519 1249 682 1304 longius
707 1247 937 1303 proferrent
962 1263 1093 1296 arma,
1126 1247 1260 1302 magis
1284 1248 1439 1303 magis-

80 1327 159 1366 que
182 1313 225 1352 in
248 1311 420 1353 inbelles
445 1317 589 1367 gentes
616 1325 686 1351 eos
712 1310 887 1364 prodire.
930 1324 981 1351 ne
1009 1308 1286 1351 Sidicinorum
1313 1308 1439 1351 Cam-

79 1388 361 1429 panorumque
403 1372 588 1414 cladibus
628 1371 878 1414 Samnitium
920 1372 1184 1413 aestimarent
1225 1372 1436 1413 virtutem:

79 1437 400 1490 qualescumque
424 1436 530 1476 inter
549 1450 592 1476 se
613 1435 874 1484 certavefint,
901 1449 1072 1476 necesse
1091 1434 1241 1484 fuisse,
1268 1435 1438 1476 alteram

79 1506 237 1553 partem
256 1499 376 1539 vinei.
416 1497 653 1552 Campanos
674 1497 842 1551 quidem
866 1497 978 1538 haud
1003 1497 1126 1538 dubie
1150 1497 1285 1552 magis
1310 1497 1437 1538 nimio

78 1562 178 1602 luxu
212 1560 432 1602 fluentibus
469 1560 593 1602 rebus
630 1560 883 1613 mollitiaque
921 1575 996 1600 sua
1031 1574 1156 1612 quam
1185 1560 1227 1599 vi
1256 1559 1437 1600 hostium

79 1625 208 1665 victos
235 1638 338 1664 esse.
377 1623 476 1676 quid
501 1630 638 1663 autem
664 1637 755 1663 esse
781 1622 863 1662 duo
887 1636 1085 1676 prospera
1109 1621 1152 1661 in
1177 1627 1235 1662 tot
1261 1620 1436 1662 saeculis

79 1685 186 1727 bella
212 1683 462 1726 Samnitium
491 1684 689 1725 adversus
715 1690 773 1724 tot
799 1684 947 1724 decora
971 1682 1114 1737 populi
1138 1682 1334 1731 Romani,
1367 1683 1438 1735 qui

78 1747 307 1801 triumphos
337 1761 467 1801 paene
498 1746 636 1801 plures
662 1760 787 1799 quam
813 1760 942 1786 annos
968 1745 1019 1786 ab
1045 1744 1146 1785 urbe
1173 1745 1337 1786 condita
1361 1760 1436 1785 nu-

78 1816 252 1858 merent,
284 1808 354 1861 qui
379 1808 517 1849 omnia
541 1808 649 1848 circa
674 1822 718 1848 se
743 1832 797 1836 —
825 1806 1022 1856 Sabinos,
1054 1806 1285 1856 Etruriam,
1318 1807 1435 1847 Lati-

78 1886 172 1919 nos,
209 1870 435 1918 Hernicos,
472 1869 664 1922 Aequos,
696 1868 893 1918 Volscos,
930 1868 1153 1910 Auruncos
1190 1894 1244 1898 —
1281 1869 1437 1910 domita

79 1933 202 1973 armis
227 1931 423 1980 habeant,
451 1931 522 1984 qui
548 1929 692 1972 Gallos
719 1938 777 1972 tot
801 1931 965 1986 proeliis
992 1945 1135 1972 caesos
1160 1938 1368 1985 postremo
1393 1931 1436 1971 in

79 2009 189 2035 mare
215 2009 263 2035 ao
286 2008 414 2035 naves
439 1993 540 2049 fuga
565 1993 831 2048 conpulerint.
888 2008 982 2034 cum
1007 1993 1137 2048 gloria
1162 1992 1258 2034 belli
1284 2008 1331 2034 ac
1356 1993 1436 2034 vir-

80 2063 164 2097 tute
190 2071 265 2097 sua
288 2070 494 2109 quemque
519 2055 646 2096 fretos
672 2056 729 2096 ire
760 2055 802 2095 in
832 2055 962 2096 aciem
993 2054 1161 2105 debere,
1193 2061 1280 2095 tum
1312 2055 1435 2096 etiam

78 2118 244 2167 intueri,
271 2118 388 2159 cuius
408 2118 534 2159 ductu
554 2118 818 2172 auspicioque
837 2117 1016 2158 ineunda
1034 2132 1175 2172 pugna
1194 2117 1257 2167 sit,
1282 2124 1442 2168 utrum,-

79 2181 149 2234 qui
174 2180 403 2221 audiendus
429 2180 643 2221 dumtaxat
668 2179 912 2234 magnificus
938 2180 1175 2221 adhortator
1200 2180 1270 2230 sit,
1296 2180 1432 2222 verbis

79 2249 238 2282 tantum
268 2241 402 2291 ferox,
442 2256 612 2296 operum
642 2241 879 2282 militarium
911 2256 1076 2297 expers,
1108 2257 1161 2283 an
1186 2242 1256 2296 qui
1281 2249 1321 2283 et
1344 2243 1432 2297 ipse

80 2303 161 2345 tela
184 2310 374 2353 tractare,
400 2305 622 2359 procedere
641 2311 734 2346 ante
755 2305 893 2360 signa,
919 2305 1075 2346 versari
1099 2306 1234 2346 media
1258 2305 1301 2346 in
1326 2306 1433 2347 molo

80 2380 243 2420 pugnae
270 2366 383 2406 sciat.
434 2366 563 2407 ‘facta
586 2381 696 2416 mea,
728 2382 811 2408 non
836 2367 945 2408 dicta
969 2382 1061 2417 vos,
1094 2367 1276 2418 milites}
1301 2368 1433 2422 inquit
1481 2391 1487 2396 ·

82 2427 219 2480 ‘sequi
244 2427 338 2468 volo
362 2442 438 2468 nec
463 2428 721 2483 disciplinam
746 2429 887 2478 modo,
916 2429 989 2470 sed
1007 2430 1243 2484 exemplum
1262 2430 1385 2471 etiam
1409 2446 1434 2472 a

79 2503 144 2529 me
174 2495 326 2543 petere.
374 2504 458 2530 non
482 2490 729 2532 factionibus
755 2491 877 2532 modo
902 2506 978 2533 nec
1001 2507 1075 2547 per
1100 2493 1316 2543 coitiones,
1348 2493 1433 2534 usi-

79 2558 183 2591 tatas
208 2550 433 2600 nobilibus,
461 2553 535 2593 sed
553 2552 631 2594 hac
656 2553 800 2594 dextra
823 2553 924 2594 mihi
948 2560 1030 2595 tres
1057 2555 1294 2596 consulatus
1321 2570 1431 2596 sum-

78 2627 269 2666 mamque
294 2613 457 2654 laudem
483 2615 634 2669 peperi.
672 2615 768 2665 fuit,
796 2630 889 2656 cum
914 2616 992 2657 hoc
1018 2617 1099 2658 diei
1122 2624 1300 2672 poterat:
1328 2622 1432 2673 “pa-

78 2673 216 2716 tricius
243 2675 351 2716 enim
378 2689 466 2717 eras
494 2683 532 2718 et
558 2692 581 2718 a
605 2676 892 2720 liberatoribus
918 2679 1073 2733 patriae
1093 2686 1205 2721 ortus
1226 2688 1265 2721 et
1285 2681 1429 2722 eodem

1465 390 1482 419 2

1466 1014 1484 1042 ὁ

1465 1262 1482 1291 6

1467 1325 1482 1352 ῖ

1462 1634 1481 1663 8

1463 2009 1502 2038 10

1462 2135 1498 2164 11

1460 2631 1497 2661 13
