1780 3204
579 205 732 240 LIBER
756 207 807 247 x,
833 207 886 240 36.
915 207 963 251 [a.
981 205 1115 250 0294]
1439 198 1521 240 533

167 310 316 353 territis
343 311 458 363 equis
483 309 747 364 proculcavit.
802 309 896 351 hinc
921 309 1023 365 fuga
1049 316 1193 365 coepta
1219 317 1345 352 totam
1375 311 1520 352 avertit

166 373 295 414 aciem
326 372 578 421 Romanam,
616 372 779 425 iamque
810 372 852 412 in
883 378 999 427 terga
1029 372 1276 427 fugientium
1309 372 1516 414 Samnites

164 433 417 489 pugnabant,
444 448 538 474 eum
563 434 706 474 consul
725 448 831 487 equo
850 440 1092 488 praevectus
1113 434 1165 474 ad
1183 441 1344 488 portam
1365 441 1519 476 castro-

164 511 255 537 rum
286 511 334 537 ae
364 496 538 537 statione
564 495 746 548 equitum
777 495 834 536 ibi
865 496 1055 550 opposita
1084 496 1318 550 edictoque,
1356 503 1400 536 ut
1429 497 1518 549 qui-

165 573 340 611 cumque
360 558 413 598 ad
431 557 585 598 vallum
605 557 800 606 tenderet,
828 557 914 598 sive
933 557 1000 598 ille
1013 557 1226 599 Romanus
1248 559 1334 599 sive
1351 557 1518 600 Samnis

164 627 284 669 esset,
312 634 385 674 pro
410 619 527 660 hoste
552 618 761 668 haberent,
787 618 889 660 haee
913 619 1005 673 ipsa
1029 619 1222 660 minitans
1249 619 1407 661 obstitit
1425 634 1519 674 pro-

164 681 256 722 fuse
281 680 541 722 tendentibus
568 680 652 721 suis
677 680 720 720 in
744 687 890 721 castra.
941 685 1040 734 ‘quo
1064 682 1236 736 pergis,'
1266 682 1398 735 inquit
1424 682 1518 722 ‘mi-

162 742 248 783 les?
285 749 324 783 et
348 742 414 783 hie
440 757 552 783 arma
577 748 616 782 et
646 742 755 783 viros
785 742 987 791 invenies,
1025 758 1100 784 nec
1130 743 1224 784 vivo
1255 743 1424 785 consule
1449 750 1520 784 tuo

162 804 242 845 nisi
277 805 407 845 victor
443 810 576 845 castra
611 803 801 845 intrabis:
844 805 1015 858 proinde
1052 805 1175 860 elige,
1214 820 1308 846 cum
1343 806 1432 846 cive
1468 820 1521 846 an

162 866 279 907 hoste
310 881 493 921 pugnare
530 865 673 907 malis?
726 866 828 907 haee
864 866 1023 908 dicente
1061 867 1228 908 consule
1265 868 1422 921 equites
1458 867 1519 908 in-

162 929 280 970 festis
308 928 547 983 cuspidibus
574 928 957 969 circumfunduntur
981 943 1029 971 ae
1058 929 1239 984 peditem
1263 930 1305 970 in
1336 945 1520 984 pugnam

161 990 292 1031 redire
318 990 472 1031 iubent.
521 1005 603 1031 non
627 990 756 1031 virtus
783 990 916 1031 solum
942 991 1142 1040 consulis,
1181 992 1255 1032 sed
1284 992 1369 1033 fors
1396 992 1519 1032 etiam

162 1052 337 1101 adiuvit,
376 1052 488 1105 quod
512 1067 595 1092 non
624 1051 858 1092 institerunt
885 1051 1112 1101 Samnites,
1151 1053 1412 1106 spatiumque
1443 1053 1520 1093 cir-

161 1113 407 1168 cumagendi
438 1114 556 1168 signa
586 1113 852 1166 vertendique
885 1113 1015 1154 aciem
1046 1128 1070 1153 a
1105 1113 1250 1154 eastris
1281 1113 1322 1153 in
1357 1113 1519 1154 hostem

160 1175 249 1215 fuit.
298 1181 384 1215 tum
410 1174 477 1215 alii
509 1175 608 1215 alios
641 1174 811 1223 hortari,
850 1180 895 1214 ut
924 1180 1155 1228 repeterent
1184 1189 1388 1229 pugnam3
1426 1190 1519 1216 cen-

160 1236 339 1277 turiones
365 1235 415 1276 ab
442 1236 649 1290 signiferis
674 1242 791 1289 rapta
816 1235 935 1289 signa
952 1235 1103 1276 inferre
1122 1242 1161 1276 et
1180 1236 1395 1277 ostendere
1418 1237 1517 1286 suis,

158 1312 312 1351 paucos
337 1303 376 1337 et
401 1296 611 1337 ordinibus
631 1296 898 1350 inconpositis
920 1296 1052 1338 effuse
1071 1297 1209 1338 venire
1228 1297 1381 1339 hostes.
1414 1299 1519 1340 inter

158 1359 259 1399 haee
284 1358 427 1399 consul
451 1373 597 1399 manus
624 1358 677 1399 ad
702 1358 861 1399 eaelum
887 1358 1076 1400 attollens
1103 1374 1204 1400 voce
1230 1359 1357 1409 clara,
1392 1361 1449 1402 ita
1473 1367 1518 1402 ut

157 1420 435 1469 exaudiretur,
468 1419 667 1474 templum
691 1419 784 1460 Iovi
810 1419 965 1461 Statori
989 1427 1130 1470 vovet,
1159 1421 1193 1462 si
1218 1422 1469 1464 constitisset
1494 1439 1518 1464 a

157 1481 258 1537 fuga
281 1482 470 1522 Romana
502 1482 611 1522 acies
641 1481 1000 1536 redintegratoque
1025 1482 1180 1536 proelio
1212 1483 1428 1524 cecidisset
1458 1485 1518 1524 vi-

160 1545 363 1597 cissetque
388 1544 572 1598 legiones
600 1540 861 1585 Samnitium.
911 1558 1053 1585 omnes
1086 1544 1266 1597 undique
1298 1545 1431 1586 adnisi
1464 1547 1516 1587 ad

157 1605 453 1646 restituendam
478 1620 681 1660 pugnam,
715 1605 860 1654 duces,
901 1605 1069 1655 milites,
1101 1606 1287 1660 peditum
1313 1607 1517 1660 equitum-

157 1682 236 1720 que
263 1667 337 1707 vis.
386 1681 538 1706 numen
564 1667 687 1707 etiam
717 1667 888 1707 deorum
921 1667 1154 1721 respexisse
1186 1683 1338 1709 nomen
1361 1668 1516 1710 Roma-

157 1744 256 1769 num
281 1728 435 1769 visum:
473 1728 575 1769 adeo
600 1728 721 1769 facile
746 1728 939 1769 inclinata
964 1744 1029 1771 res
1060 1729 1296 1784 repulsique
1323 1745 1344 1771 e
1370 1732 1514 1773 castris

157 1791 316 1839 hostes,
356 1805 452 1830 mox
477 1790 601 1830 etiam
631 1790 785 1830 redacti
817 1790 869 1830 ad
900 1805 994 1831 eum
1026 1791 1180 1840 locum,
1219 1792 1260 1832 in
1291 1807 1372 1845 quo
1404 1807 1516 1834 com-

157 1853 285 1892 missa
308 1866 449 1906 pugna
474 1858 570 1892 erat.
608 1851 665 1892 ibi
690 1851 902 1892 obiacente
929 1853 1180 1893 sarcinarum
1207 1854 1383 1903 cumulo,
1410 1869 1513 1907 quas

157 1913 413 1955 coniecerant
437 1913 480 1953 in
504 1914 704 1963 medium,
732 1914 902 1955 haesere
927 1915 1117 1969 inpediti,
1149 1915 1316 1965 deinde,
1344 1931 1395 1957 ne
1420 1917 1515 1957 diri-

155 1981 349 2030 perentur
374 1990 452 2025 reS,
479 1975 621 2016 orbem
647 1982 897 2017 armatorum
925 1977 1095 2018 sarcinis
1122 1978 1388 2020 circumdant.
1428 1986 1514 2020 tum

156 2052 253 2077 vero
290 2051 359 2078 eos
396 2053 420 2077 a
450 2036 583 2078 fronte
614 2052 760 2093 urgere
796 2039 973 2093 pedites,
1012 2038 1063 2080 ab
1101 2045 1216 2094 tergo
1253 2040 1515 2082 circumvecti

157 2099 328 2152 equites.
376 2099 433 2139 ita
456 2099 497 2139 in
527 2099 662 2140 medio
694 2100 804 2141 caesi
835 2101 1036 2155 captique.
1087 2102 1341 2156 captivorum
1371 2118 1515 2144 nume-

158 2176 228 2201 rus
259 2160 337 2201 suit
370 2168 527 2215 septem
557 2161 715 2202 milium
740 2177 787 2203 ac
813 2162 1099 2212 ducentorum,
1137 2163 1207 2217 qui
1239 2179 1381 2205 omnes
1412 2165 1513 2206 nudi

157 2222 234 2263 sub
259 2222 402 2276 iugum
428 2223 542 2264 missi
551 2239 561 2272 3
589 2238 731 2265 caesos
756 2224 947 2265 rettulere
972 2225 1024 2265 ad
1043 2231 1235 2278 quattuor
1253 2226 1366 2267 milia
1385 2227 1513 2268 octin-

155 2289 314 2338 gentos.
368 2298 419 2324 ne
449 2284 648 2326 Romanis
685 2286 852 2338 quidem
888 2285 996 2326 laeta
1032 2287 1204 2327 victoria
1239 2287 1335 2328 fuit:
1372 2303 1512 2329 recen-

156 2351 270 2385 sente
296 2345 463 2386 eonsule
489 2345 614 2387 biduo
640 2354 853 2401 acceptam
873 2347 1044 2397 cladem,
1071 2349 1316 2389 amissorum
1336 2350 1511 2390 militum

155 2422 348 2448 numerus
374 2408 524 2449 relatus
552 2415 709 2463 septem
733 2409 890 2449 milium
917 2424 965 2450 ae
990 2410 1272 2452 ducentorum.

238 2468 355 2510 Dum
373 2469 475 2511 haee
489 2470 530 2510 in
544 2470 698 2525 Apulia
716 2470 976 2526 gerebantur,
1003 2471 1131 2513 altero
1151 2472 1332 2513 exercitu
1348 2471 1511 2514 Samni-

154 2538 213 2572 tes
240 2531 517 2572 Interamnam
543 2532 744 2573 coloniam
768 2532 1013 2582 Romanam,
1041 2548 1146 2586 quae
1170 2534 1237 2575 via
1255 2534 1410 2576 Latina
1435 2542 1508 2585 est,

154 2607 353 2648 occupare
385 2594 519 2634 conati
549 2594 693 2635 urbem
724 2608 806 2635 non
842 2600 1077 2635 tenuerunt:
1114 2611 1236 2650 agros
1273 2596 1510 2651 depopulati

157 2670 246 2696 cum
271 2655 465 2710 praedam
492 2655 612 2696 aliam
632 2656 725 2697 inde
745 2656 914 2697 mixtam
934 2656 1146 2698 hominum
1165 2664 1285 2712 atque
1305 2659 1508 2713 pecudum

1545 882 1562 910 9

1547 1190 1585 1217 ΙΟ

1547 1313 1582 1342 11

1546 1560 1583 1589 12

1543 1869 1581 1898 13

1543 1994 1582 2022 14

1540 2304 1578 2332 15

1539 2488 1577 2517 16

1539 2612 1574 2640 17
