1780 3204
530 250 683 284 LIBER
707 250 836 294 v1111,
863 251 917 284 26.
945 253 993 294 [a.
1008 248 1045 284 C.
1059 250 1140 294 314]
1428 240 1510 282 469

244 354 416 395 XXVI.
459 354 619 395 Eodem
646 369 752 395 anno
782 354 943 408 prodito
969 353 1155 395 hostibus
1181 354 1370 396 Romano
1394 368 1512 409 prae-

161 418 263 458 sidio
288 417 466 457 Luceria
494 415 742 458 Samnitium
772 416 892 457 facta.
941 431 1016 457 nec
1047 417 1117 457 diu
1146 417 1421 471 proditoribus
1452 417 1513 458 in-

159 480 299 533 punita
323 494 387 519 rcs
414 479 502 519 fuit.
545 478 656 519 haud
680 478 821 532 procul
845 478 939 519 inde
958 479 1159 519 exercitus
1173 478 1386 519 Romanus
1408 485 1511 529 erat3

159 541 274 581 cuius
306 541 437 595 primo
467 540 623 594 impetu
653 539 749 580 urbs
782 540 860 580 sita
883 541 925 580 in
948 540 1071 595 plano
1097 540 1265 594 capitur.
1314 541 1511 581 Lucerini

159 618 207 643 ac
234 601 440 643 Samnites
468 602 519 642 ad
544 601 862 642 internecionem
889 602 1016 651 caesi,
1048 616 1177 655 eoque
1209 603 1267 643 ira
1297 603 1509 657 processit,
1538 616 1555 641 ς’,

158 671 203 704 ut
233 664 391 704 Romae
428 678 609 717 quoque,
647 678 741 704 eum
772 664 822 704 de
859 664 1013 705 colonis
1050 664 1258 705 mittendis
1288 665 1511 705 Luceriam

159 725 440 766 consuleretur
476 731 661 775 senatus,
700 726 815 766 multi
852 726 1068 767 delendam
1104 726 1248 767 urbem
1284 733 1508 767 censerent.

158 793 319 841 practer
344 787 496 836 odium,
517 787 628 840 quod
653 787 881 828 execrabile
906 788 945 827 in
972 787 1035 829 bis
1062 794 1203 842 captos
1230 794 1326 837 crat,
1352 788 1508 843 longin-
1539 820 1543 821 γ

158 848 292 901 quitas
319 863 482 901 quoque
508 849 725 890 abhorrere
745 864 769 889 a
787 849 1019 903 relegandis
1045 855 1128 889 tam
1153 850 1295 903 procul
1320 850 1370 890 ab
1390 851 1512 891 domo

158 910 316 951 civibus
342 911 446 951 inter
464 917 548 951 tam
566 910 738 951 infestas
763 918 906 965 gentes
927 910 1111 965 cogebat.
1149 911 1245 951 vicit
1265 918 1401 952 tamen
1421 926 1513 952 sen-

158 973 295 1021 tentia,
322 979 367 1012 ut
391 973 646 1013 mitterentur
670 972 814 1013 coloni.
853 973 934 1013 duo
955 973 1066 1012 milia
1085 980 1124 1013 et
1143 973 1356 1028 quingenti
1381 973 1509 1014 missi.

242 1033 402 1073 Eodem
428 1048 552 1082 anno,
585 1048 678 1074 cum
704 1034 840 1074 onmia
870 1034 995 1074 infida
1020 1034 1218 1074 Romanis
1245 1041 1401 1084 essent,
1430 1034 1512 1075 Ca-

156 1110 262 1149 puae
288 1110 451 1148 quoque
477 1095 661 1136 occultae
685 1096 914 1149 principum
940 1095 1242 1136 coniurationes
1269 1096 1416 1137 factae.
1461 1097 1510 1136 de

156 1157 304 1210 quibus
332 1172 425 1197 cum
450 1157 502 1197 ad
528 1164 714 1197 senatum
739 1157 911 1196 relatum
938 1161 1064 1204 esset,
1096 1156 1417 1210 haudquaquam
1442 1173 1513 1199 nc-

155 1219 290 1273 glecta
314 1234 392 1259 res.
425 1219 685 1271 quaestiones
706 1218 905 1266 decretae,
926 1218 1246 1270 dictatoremque
1267 1219 1513 1271 quaestioni-

155 1279 232 1320 bus
258 1280 495 1320 exercendis
516 1280 595 1319 dici
619 1279 785 1333 placuit.
825 1278 874 1319 C.
890 1279 1082 1319 Maenius
1103 1279 1256 1329 dictus3
1283 1280 1317 1320 is
1332 1279 1393 1320 M.
1409 1280 1512 1321 Fos-
1540 1297 1554 1303 ”

154 1341 254 1380 lium
286 1341 529 1394 magistrum
560 1340 743 1393 equitum
775 1340 888 1381 dixit.
944 1341 1091 1396 ingens
1124 1348 1209 1381 erat
1245 1342 1511 1396 magistratus

153 1402 240 1442 eius
272 1408 411 1442 terror.
466 1402 603 1455 itaque
635 1402 721 1442 sive
753 1402 873 1442 timor
898 1417 970 1443 seu
1004 1403 1276 1444 conscientiae
1302 1404 1363 1445 vis
1392 1403 1514 1445 Cala-

154 1463 242 1504 vios
259 1462 415 1504 Ovium
434 1463 696 1517 Noviumque
721 1489 775 1493 —
801 1479 849 1504 ca
874 1465 1008 1519 capita
1033 1465 1324 1506 coniurationis
1350 1465 1513 1506 fuerant

152 1548 218 1573 —,
233 1525 474 1579 priusquam
492 1525 800 1566 nominarentur
813 1527 922 1580 apud
941 1527 1195 1576 dictatorem,
1239 1541 1348 1567 mors
1401 1527 1512 1567 haud

1538 1113 1555 1139 ὕ

1542 1307 1549 1323 A

152 1587 275 1628 dubie
301 1587 352 1628 ab
377 1587 479 1641 ipsis
505 1588 688 1628 conscita
711 1588 862 1628 iudicio
889 1587 1103 1629 subtraxit.
1142 1588 1288 1628 deinde
1314 1595 1358 1628 ut
1384 1602 1508 1641 quae-
1533 1596 1552 1626 S

154 1648 275 1689 stioni
296 1647 534 1702 Campanae
561 1649 731 1689 materia
756 1649 945 1698 decessit,
973 1664 1093 1689 versa
1111 1649 1288 1689 Romam
1313 1649 1511 1703 interpre-

153 1711 277 1751 tando
302 1725 385 1750 res:
422 1726 503 1751 non
530 1711 770 1751 nominatim
796 1712 866 1764 qui
893 1711 1081 1765 Capuae,
1110 1711 1183 1751 scd
1207 1711 1248 1750 in
1273 1711 1511 1752 universum

152 1772 222 1825 qui
253 1786 428 1824 usquam
462 1772 642 1812 coissent
673 1773 1010 1813 coniurassentve
1042 1773 1241 1813 adversus
1266 1787 1352 1812 rem
1377 1773 1512 1827 publi-

153 1847 244 1874 cam
275 1834 415 1886 quaeri
452 1840 639 1873 senatum
675 1834 848 1874 iussisse
884 1841 923 1875 et
953 1834 1148 1875 coitiones
1186 1834 1387 1875 honorum
1425 1835 1511 1875 adi-

152 1895 441 1949 piscendorum
480 1909 605 1935 causa
640 1895 770 1936 factas
808 1895 1006 1937 adversus
1038 1910 1123 1936 rem
1160 1895 1368 1950 publicam
1405 1911 1507 1937 esse.

153 1957 352 2010 latiorque
384 1964 423 1997 et
452 1971 495 1997 re
521 1963 560 1997 et
591 1957 777 2011 personis
809 1959 995 2010 quaestio
1026 1958 1131 2007 fieri,
1164 1958 1275 1998 haud
1305 1958 1508 1999 abnuente

153 2019 366 2067 dictatore,
395 2019 481 2059 sine
506 2019 586 2059 fine
612 2019 695 2059 ulla
720 2020 971 2072 quaestionis
999 2034 1097 2060 suae
1122 2020 1185 2059 ius
1213 2035 1317 2060 esse.
1366 2027 1507 2074 postu-

154 2080 344 2121 labantur
368 2095 465 2135 ergo
490 2081 647 2121 nobiles
673 2081 879 2130 homines,
913 2082 1297 2135 appellantibusque
1323 2082 1507 2123 tribunos

153 2157 273 2182 nemo
299 2149 385 2182 erat
410 2143 574 2191 auxilio,
601 2143 700 2195 quin
724 2144 890 2184 nomina
914 2144 1201 2198 reciperentur.
1244 2143 1338 2184 inde
1363 2144 1509 2185 nobili-

154 2210 228 2252 tas,
255 2218 329 2243 nec
348 2204 390 2243 hi
410 2204 531 2244 modo
550 2204 590 2244 in
612 2219 713 2257 quos
734 2205 885 2246 crimen
911 2205 1209 2255 intendebatur,
1232 2206 1305 2245 sed
1328 2206 1509 2247 universi

154 2264 274 2305 simul
299 2279 462 2319 negare,
489 2265 685 2305 nobilium
711 2266 753 2306 id
778 2267 931 2307 crimen
957 2282 1060 2315 esse,
1082 2266 1231 2320 quibus
1253 2267 1286 2307 si
1306 2267 1417 2308 nulla
1437 2267 1509 2308 ob-

154 2331 282 2366 stetur
305 2325 462 2375 fraude,
488 2333 625 2380 pateat
642 2327 710 2367 via
734 2328 786 2368 ad
810 2328 1019 2377 honorem,
1048 2329 1120 2368 sed
1144 2328 1356 2368 hominum
1380 2343 1508 2369 novo-

152 2402 255 2427 rum.
304 2387 416 2441 ipsos
448 2389 550 2429 adeo
581 2389 821 2430 dictatorem
850 2390 1174 2445 magistrumque
1206 2390 1389 2443 equitum
1413 2405 1505 2431 reos

153 2449 286 2503 magis
312 2464 436 2502 quam
461 2451 714 2502 quaesitores
739 2451 908 2493 idoneos
935 2452 1021 2492 eius
1049 2452 1228 2492 criminis
1255 2466 1363 2501 esse,
1390 2452 1508 2492 intel-

153 2510 430 2563 lecturosque,
462 2511 517 2551 ita
542 2512 583 2552 id
613 2527 722 2561 esse,
756 2513 877 2553 simul
908 2514 1150 2568 magistratu
1175 2513 1370 2554 abissent.
1419 2520 1506 2554 tum

153 2571 262 2611 enim
287 2586 383 2613 vero
408 2571 620 2622 RIaenius,
653 2574 733 2613 iam
759 2573 893 2615 famae
924 2575 1056 2629 magis
1083 2589 1206 2627 quam
1237 2575 1396 2629 imperii
1421 2590 1506 2616 me—

1537 1846 1554 1871 ΣΙ

1539 2031 1547 2057 l
1556 2030 1576 2055 Ο

1537 2153 1573 2181 ll

1535 2404 1573 2432 ]·’)

1535 2527 1572 2556 13

153 2648 259 2682 mor,
291 2649 536 2689 progressus
566 2635 608 2674 in
634 2636 864 2676 contionem
895 2637 951 2677 ita
975 2636 1100 2676 verba
1125 2637 1239 2676 fecit:
1279 2641 1337 2677 ‘et
1362 2651 1503 2678 omnes
1532 2650 1572 2680 14

153 2702 245 2736 ante
271 2703 385 2738 actae
411 2697 517 2737 vitae
542 2711 616 2738 vos
643 2698 829 2739 conscios
855 2698 999 2748 habeo,
1028 2698 1229 2751 Quirites,
1262 2705 1301 2740 et
1325 2699 1391 2740 hic
1416 2699 1505 2754 ipse
