1835 3226
317 381 334 407 Γ)

314 624 331 651 ‹¹›

296 1682 332 1710 1⁴)

310 2435 327 2460 ζ)

311 2678 329 2705 »1

366 253 445 293 110
666 258 820 292 LIBER
846 257 900 301 11,
925 258 980 291 4s.
999 257 1053 291 49.
1082 260 1130 301 [a.
1146 269 1180 292 u.
1199 269 1228 292 ο.
1242 259 1319 294 275.
1333 260 1415 303 am]

444 362 504 403 At
529 377 553 402 a
578 361 751 403 Veiente
782 360 900 401 hoste
931 360 1069 401 clades
1101 367 1271 415 accepta
1301 362 1528 404 temeritate
1553 364 1719 406 alterius

359 424 559 473 consulis,
586 429 806 476 actumque
831 423 881 463 de
908 423 1090 464 exercitu
1113 423 1237 473 foret,
1268 424 1311 464 ni
1338 423 1474 465 Caeso
1498 424 1654 466 Fabius
1680 427 1721 467 in
1774 451 1782 455 x

360 497 540 540 tempore
568 484 752 526 subsidio
781 485 974 525 venisset.
1023 499 1075 526 ex
1100 500 1148 526 eo
1173 492 1356 540 tempore
1387 501 1520 540 neque
1545 502 1628 541 pax
1651 503 1722 529 ne-

358 563 437 601 que
464 547 615 588 bellum
643 561 737 588 cum
762 546 1007 588 Veientibus
1035 547 1124 588 fuit.
1173 563 1239 588 res
1264 549 1450 602 proxime
1480 549 1523 589 in
1548 550 1722 590 formam

358 609 559 650 latrocinii
584 615 768 649 venerat:
799 609 1032 664 legionibus
1051 609 1251 651 Romanis
1278 610 1479 652 cedebant
1502 611 1545 651 in
1563 611 1720 660 urbem,

358 672 429 713 ubi
465 671 665 712 abductas
704 678 917 712 senserant
946 672 1130 726 legiones
1163 687 1284 727 agros
1315 673 1599 723 incursabant,
1637 673 1723 714 bel-

358 734 443 775 lum
474 734 630 787 quiete,
668 733 849 787 quietem
879 732 987 774 bello
1018 734 1195 775 invicem
1227 735 1451 776 eludentes.
1500 735 1557 776 ita
1587 750 1721 789 neque

358 797 490 839 omitti
514 803 599 838 tota
622 811 688 838 res
713 811 790 837 nee
816 796 956 851 perfici
979 803 1152 852 poterat.
1202 804 1241 838 et
1266 797 1346 839 alia
1376 797 1485 839 bella
1510 805 1580 839 aut
1603 813 1718 852 prae-

359 859 491 900 sentia
520 859 746 908 instabant,
784 866 830 900 ut
865 859 916 900 ab
947 858 1108 913 Aequis
1140 859 1407 913 Volscisque,
1445 876 1529 901 non
1566 861 1719 901 diutius

358 937 483 976 quam
513 936 658 963 recens
690 922 806 963 dolor
835 922 1048 976 proximae
1085 922 1213 964 cladis
1250 923 1439 963 transiret
1474 922 1722 976 quiescenti-

359 986 454 1034 bus,
492 991 561 1026 aut
586 1000 683 1026 mox
706 991 890 1026 moturos
918 999 962 1026 se
988 985 1213 1040 apparebat
1240 983 1439 1034 Sabinos,
1474 1000 1637 1040 semper
1660 985 1723 1025 in·-

358 1047 500 1096 festos,
526 1046 819 1100 Etruriamque
845 1061 1023 1088 omnem.
1074 1047 1148 1088 sed
1171 1046 1326 1088 Veiens
1351 1047 1495 1096 hostis,
1523 1047 1722 1088 adsiduus

358 1109 491 1163 magis
529 1123 653 1161 quam
684 1108 842 1163 gravis,
882 1109 1142 1150 contumeliis
1178 1109 1343 1164 saepius
1381 1124 1506 1163 quam
1541 1109 1724 1163 periculo

359 1171 516 1211 animos
543 1170 743 1225 agitabat,
781 1171 892 1224 quod
917 1171 1030 1211 nullo
1057 1178 1240 1225 tempore
1270 1171 1436 1226 neglegi
1467 1178 1627 1225 poterat
1652 1180 1722 1211 aut

359 1232 487 1273 averti
512 1232 590 1272 alio
618 1232 790 1273 sinebat.
839 1240 926 1273 tum
950 1232 1083 1273 Fabia
1107 1248 1210 1288 gens
1243 1241 1431 1274 senatum
1463 1233 1575 1274 adiit.
1626 1247 1722 1273 con-

359 1294 421 1335 sul
446 1309 520 1349 pro
546 1301 668 1349 gente
693 1294 891 1348 loquitur:
920 1295 1113 1335 ‘adsiduo
1133 1295 1266 1349 magis
1286 1310 1410 1348 quam
1430 1309 1582 1350 magno
1602 1309 1722 1349 prae-

359 1358 474 1406 sidio,
501 1364 546 1398 ut
572 1358 696 1407 scitis,
724 1365 861 1412 patres
883 1358 1116 1413 conscripti,
1144 1358 1298 1399 bellum
1321 1358 1475 1399 Veiens
1503 1366 1608 1413 eget.
1646 1373 1720 1398 vos

357 1420 437 1461 alia
461 1420 569 1461 bella
594 1427 745 1469 curate,
771 1420 924 1462 Fabios
950 1421 1081 1462 hostis
1107 1420 1352 1463 Veientibus
1379 1422 1485 1462 date.
1531 1428 1719 1462 auctores

359 1498 520 1532 sumus,
558 1489 688 1523 tutam
718 1483 776 1524 ibi
807 1483 1066 1524 maiestatem
1090 1483 1269 1524 Romani
1294 1484 1470 1525 nominis
1496 1483 1596 1524 sore.
1647 1498 1722 1524 no-

359 1551 488 1585 strum
513 1545 555 1585 id
579 1545 699 1586 nobis
725 1545 837 1585 velut
862 1545 1065 1586 familiare
1090 1545 1244 1587 bellum
1269 1546 1429 1599 privato
1456 1552 1623 1600 sumptu
1648 1560 1720 1600 ge-

356 1622 444 1647 rere
480 1607 523 1647 in
560 1607 696 1648 animo
728 1614 807 1647 est:
839 1621 905 1647 res
936 1606 1104 1661 publica
1133 1614 1173 1648 et
1204 1608 1331 1648 milite
1361 1608 1444 1648 illic
1474 1615 1513 1648 et
1543 1608 1720 1663 pecunia

358 1669 499 1709 vacet.⁹
547 1669 703 1723 gratiae
734 1669 924 1723 ingentes
957 1676 1084 1710 actae.
1140 1670 1285 1710 consul
1316 1684 1338 1710 e
1369 1670 1482 1711 curia
1512 1685 1718 1725 egressus,

356 1731 576 1772 comitante
602 1731 827 1772 Fabiorum
858 1731 1042 1786 agmine,
1079 1732 1150 1785 qui
1181 1732 1223 1772 in
1253 1731 1460 1773 vestibulo
1492 1732 1630 1773 curiae
1656 1748 1719 1773 sc-

357 1800 466 1834 natus
481 1793 715 1834 consultum
735 1801 1021 1848 exspectantes
1043 1799 1250 1843 steterant,
1277 1794 1447 1836 domum
1467 1794 1584 1835 redit.
1617 1794 1720 1836 iussi

356 1855 501 1896 armati
525 1862 692 1910 postero
718 1856 783 1896 (lie
809 1855 861 1897 ad
885 1856 1012 1897 limen
1037 1857 1218 1897 consulis
1245 1857 1406 1898 adesse.
1454 1857 1600 1898 domos
1625 1856 1721 1897 inde

356 1917 586 1958 discedunt.

439 1979 784 2021 XXXXVHII.
821 1979 969 2021 Manat
987 1986 1072 2022 tota
1090 1980 1191 2022 urbe
1210 1995 1361 2030 rumor,
1387 1980 1542 2022 Fabios
1562 1980 1615 2022 ad
1628 1995 1720 2021 eae-

354 2043 439 2084 lum
458 2043 651 2085 laudibus
671 2043 825 2084 ferunt:
851 2043 1051 2085 familiam
1071 2059 1196 2085 unam
1217 2044 1379 2086 subisse
1402 2043 1578 2085 civitatis
1599 2058 1717 2092 onus,

357 2105 509 2147 Veiens
530 2106 685 2148 bellum
703 2106 746 2147 in
763 2106 964 2161 privatam
985 2122 1138 2156 curam,
1164 2107 1206 2147 in
1226 2107 1385 2161 privata
1404 2121 1518 2147 arma
1536 2120 1716 2147 versum.

356 2168 391 2209 si
421 2168 502 2209 sint
532 2169 637 2209 duae
667 2168 826 2210 roboris
859 2169 1043 2210 eiusdem
1079 2169 1121 2209 in
1156 2168 1258 2210 urbe
1288 2175 1452 2224 gentes,
1489 2168 1720 2222 deposcant

354 2231 457 2271 hacc
481 2230 658 2272 Volscos
686 2231 782 2281 sibi,
809 2231 879 2272 illa
904 2231 1105 2285 Aequos,
1125 2231 1279 2286 populo
1303 2231 1494 2272 Romano
1520 2229 1718 2283 tranquil-

354 2293 436 2334 lam
461 2307 608 2347 pacem
633 2299 799 2349 agente,
826 2308 968 2334 omnes
993 2293 1187 2335 finitimos
1215 2292 1353 2349 subigi
1376 2293 1551 2348 populos
1575 2306 1712 2347 posse.

353 2355 474 2397 Fabii
503 2362 669 2410 postera
699 2356 764 2396 die
803 2371 917 2396 arma
952 2356 1137 2410 capiunt,
1175 2370 1257 2409 quo
1287 2356 1391 2397 iussi
1421 2361 1537 2396 erant
1566 2368 1715 2396 conve-

316 2432 325 2442 *
353 2418 482 2458 niunt.
537 2418 682 2459 consul
716 2418 936 2472 paludatus
972 2418 1188 2473 egrediens
1224 2418 1268 2458 in
1308 2417 1513 2459 vestibulo
1548 2422 1714 2472 gentem

355 2494 518 2520 omnem
544 2495 661 2520 suam
685 2479 885 2521 instructo
911 2481 1075 2535 agmine
1099 2480 1224 2529 videt,
1251 2486 1444 2534 acceptus
1470 2479 1514 2519 in
1532 2478 1713 2519 medium

356 2541 473 2596 signa
492 2541 589 2582 ferri
607 2541 732 2583 iubet.
770 2556 996 2595 numquam
1017 2542 1219 2583 exercitus
1240 2556 1372 2595 neque
1391 2541 1526 2582 minor
1543 2554 1713 2581 numero

355 2618 487 2657 neque
523 2604 670 2645 clarior
705 2604 818 2645 fama
847 2611 887 2645 et
918 2604 1186 2646 admiratione
1217 2604 1431 2645 hominurn
1460 2617 1534 2657 per
1567 2601 1712 2643 urbem

356 2665 538 2706 incessit:
588 2681 661 2707 sex
697 2673 737 2707 et
772 2667 942 2707 trecenti
972 2666 1141 2716 milites,
1179 2681 1321 2708 omnes
1352 2664 1528 2720 patricii,
1568 2678 1711 2705 omncs

357 2726 475 2767 unius
501 2729 647 2781 gentis,
675 2743 848 2781 quorum
873 2729 1079 2770 neminem
1099 2729 1246 2769 ducem
1266 2741 1493 2782 sperneres,
1520 2726 1711 2781 egregius
