1835 3226
341 265 368 307 8
859 271 1014 305 LIBER
1032 271 1067 314 1,
1092 271 1123 304 4.
1149 271 1180 304 5.

296 391 311 420 1
422 375 526 416 ΗΠ.
561 373 647 415 Sed
666 371 904 421 debebatur,
930 379 975 412 ut
995 372 1151 425 opinor,
1177 371 1273 412 fatis
1293 378 1429 412 tantae
1448 374 1562 427 origo
1580 375 1691 416 urbis

295 452 314 481 2
340 437 590 488 maximique
616 434 843 475 secundum
867 434 1038 473 deorum
1063 447 1162 487 opes
1182 432 1342 486 imperii
1360 433 1616 487 principium.
1652 437 1693 476 vi

339 511 576 552 compressa
599 494 781 536 Vestalis
808 509 902 535 cum
932 494 1143 548 geminum
1172 501 1336 548 partum
1367 494 1582 544 edidisset,
1621 510 1693 536 seu

337 560 394 600 ita
417 564 505 599 rata
530 571 603 598 seu
627 556 724 610 quia
748 556 850 597 deus
876 562 1018 596 auctor
1043 555 1188 609 culpae
1212 555 1422 596 honestior
1446 562 1549 605 crat,
1580 555 1695 596 Mar-

294 634 312 663 3
338 627 421 661 tem
456 619 636 660 incertae
673 617 810 672 stirpis
846 624 1005 671 patrem
1040 624 1263 671 nuncupat.
1320 617 1393 657 sed
1427 632 1503 658 nce
1534 617 1590 657 dii
1619 632 1695 658 nee

335 681 523 722 homines
555 686 626 720 aut
655 679 789 734 ipsam
820 686 891 719 aut
922 679 1090 732 stirpem
1115 693 1139 719 a
1163 678 1402 719 crudelitate
1427 679 1540 733 regia
1564 679 1695 719 vindi-

336 749 448 785 cant:
487 741 679 783 sacerdos
710 742 848 782 vincta
871 741 913 781 in
940 741 1169 782 custodiam
1195 741 1327 790 datur,
1358 752 1510 795 pueros
1536 741 1578 781 in
1601 755 1695 796 pro-

335 805 529 846 fluentem
554 818 704 856 aquam
728 801 834 844 mitti
858 802 983 844 iubet.

291 881 310 908 4
419 866 544 908 Forte
585 865 765 918 quadam
800 865 996 906 divinitus
1034 879 1156 919 super
1190 865 1300 918 ripas
1337 863 1500 905 Tiberis
1537 864 1693 905 effusus

335 927 497 969 lenibus
529 926 686 982 stagnis
717 941 793 967 nec
818 926 921 967 adiri
945 941 1121 980 usquam
1146 926 1198 967 ad
1223 926 1318 966 iusti
1345 940 1510 967 cursum
1536 932 1695 980 poterat

336 990 489 1039 amnis,
527 995 567 1030 et
596 1003 719 1043 posse
750 988 938 1041 quamvis
975 988 1172 1042 languida
1207 988 1338 1042 mergi
1374 1002 1482 1041 aqua
1515 987 1693 1028 infantes

289 1065 307 1094 5
338 1067 454 1108 spem
478 1051 704 1093 ferentibus
730 1051 866 1092 dabat.
909 1051 966 1092 ita
986 1051 1098 1091 velut
1117 1050 1300 1091 defuncti
1324 1051 1433 1105 regis
1458 1051 1628 1104 imperio
1652 1050 1694 1090 in

336 1116 524 1170 proxima
548 1114 730 1163 adluvie‚
756 1113 828 1154 ubi
852 1128 961 1154 nune
985 1113 1088 1154 ficus
1113 1112 1346 1153 Ruminalis
1373 1118 1436 1153 est
1460 1137 1514 1142 —
1538 1112 1695 1153 Romu-

293 1188 311 1217 6
335 1178 462 1218 larem
486 1182 675 1218 vocatam
699 1176 837 1216 ferunt
856 1200 909 1204 -——
928 1188 1078 1229 pueros
1104 1180 1326 1228 exponunt.
1374 1179 1516 1215 vastae
1541 1179 1628 1214 tum
1651 1173 1695 1213 in

335 1239 399 1280 his
425 1238 526 1279 locis
553 1237 794 1278 solitudines
821 1243 947 1277 erant.

421 1300 555 1341 Tenet
579 1299 708 1348 fama,
735 1313 828 1339 cum
849 1297 1078 1339 fluitantem
1098 1297 1279 1347 alveum,
1305 1312 1387 1351 quo
1412 1298 1492 1338 iam
1519 1298 1694 1352 expositi

338 1368 452 1404 erant
481 1361 617 1416 pueri,
654 1360 788 1401 tenuis
819 1360 862 1400 in
893 1359 1002 1401 sicco
1034 1374 1142 1412 aqua
1167 1360 1438 1408 destituisset,
1475 1359 1615 1413 lupam
1641 1359 1694 1399 si-

338 1425 506 1465 tientem
532 1438 584 1464 ex
607 1421 836 1472 montibus,
864 1422 934 1475 qui
954 1422 1062 1462 circa
1081 1427 1193 1471 sunt,
1220 1421 1273 1462 ad
1290 1420 1489 1475 puerilem
1508 1420 1694 1475 vagitum

335 1501 502 1528 cursum
534 1486 718 1535 flexisse,
755 1499 846 1526 eam
878 1485 1121 1526 summissas
1151 1482 1378 1524 infantibus
1415 1483 1518 1523 adeo
1553 1482 1694 1523 mitem

334 1548 574 1604 praebuisse
594 1562 814 1595 mammas,
840 1554 885 1587 ut
903 1547 1045 1601 lingua
1062 1545 1312 1587 lambentem
1330 1559 1480 1599 pueros
1500 1544 1696 1599 magister

292 1621 309 1650 7
336 1611 438 1665 regii
461 1609 620 1664 pecoris
646 1609 864 1649 invenerit:
902 1608 1100 1649 Faustulo
1126 1607 1256 1648 fuisse
1280 1621 1431 1648 nomen
1454 1605 1610 1655 ferunt,
1642 1605 1694 1646 ab

335 1687 384 1713 eo
409 1672 462 1713 ad
488 1670 649 1713 stabula
673 1671 897 1712 Larentiae
922 1671 1041 1711 uxori
1066 1670 1302 1711 educandos
1329 1669 1458 1710 datos.
1505 1674 1600 1710 sunt
1625 1669 1694 1722 qui

333 1733 576 1775 Larentiam
606 1732 776 1788 vulgato
807 1747 976 1787 corpore
1000 1732 1142 1786 lupam
1166 1732 1271 1772 inter
1294 1741 1481 1786 pastores
1506 1736 1694 1772 vocatam

334 1801 497 1850 putent,
528 1795 624 1835 inde
648 1794 787 1836 locum
811 1793 977 1835 fabulae
1003 1808 1050 1835 ac
1074 1793 1272 1834 miraculo
1297 1793 1451 1833 datum.

288 1870 307 1899 8
419 1857 485 1898 Ita
509 1856 637 1912 geniti
661 1857 801 1910 itaque
827 1855 1007 1905 edueati,
1042 1870 1136 1896 cum
1161 1855 1340 1909 primum
1365 1853 1542 1895 adolevit
1567 1859 1693 1902 aetas,

334 1933 411 1960 nec
439 1919 483 1960 in
513 1918 685 1960 stabulis
715 1933 792 1959 nee
822 1918 875 1959 ad
903 1932 1054 1972 pecora
1085 1931 1234 1972 segnes
1264 1916 1452 1957 venando
1476 1929 1695 1970 peragrare

290 1995 308 2025 9
336 1980 477 2022 saltus.
515 1980 611 2021 hinc
629 1980 776 2022 robore
796 1979 1035 2035 corporibus
1061 1979 1290 2032 animisque
1317 1984 1481 2032 sumpto
1504 1978 1587 2018 iam
1611 1991 1694 2018 non

334 2043 444 2084 feras
475 2048 636 2083 tantum
669 2041 912 2091 subsistere,
951 2041 1024 2082 sed
1053 2041 1096 2081 in
1125 2041 1303 2081 latrones
1334 2040 1488 2095 praeda
1523 2045 1694 2080 onustos

336 2105 514 2159 impetus
545 2104 682 2145 facere
712 2103 1030 2159 pastoribusque
1061 2109 1179 2158 rapta
1209 2102 1391 2143 dividere
1422 2108 1462 2142 et
1492 2115 1584 2142 cum
1628 2100 1692 2141 his

335 2173 542 2208 crescente
567 2167 610 2207 in
634 2167 722 2208 dies
747 2181 874 2221 grege
899 2166 1095 2206 iuvenum
1136 2165 1242 2206 seria
1266 2178 1314 2205 ac
1337 2164 1448 2204 iocos
1475 2163 1692 2204 celebrare.

290 2239 303 2267 1
417 2226 471 2269 V.
519 2227 610 2268 Iam
642 2234 729 2268 tum
766 2228 808 2268 in
837 2227 999 2268 Palatio
1036 2233 1175 2267 monte
1205 2225 1416 2280 Lupercal
1451 2225 1529 2265 hoc
1564 2224 1693 2265 fuisse

333 2289 537 2330 ludicrum
561 2289 698 2330 ferunt
717 2295 756 2330 et
775 2304 799 2330 a
817 2288 1035 2337 Pallantio,
1062 2287 1163 2329 urbe
1183 2286 1402 2336 Arcadica,
1428 2286 1691 2334 Pallantium,

292 2362 311 2392 2
335 2351 430 2392 dein
459 2351 668 2392 Palatium
704 2357 886 2392 montem
922 2349 1185 2405 appellatum.
1238 2348 1296 2390 ibi
1324 2348 1586 2397 Evandrum,
1623 2348 1692 2401 qui

335 2428 387 2455 ex
411 2428 460 2455 eo
484 2427 635 2468 genere
653 2411 867 2454 Arcadum
892 2412 1031 2453 multis
1058 2418 1152 2452 ante
1177 2410 1491 2466 tempestatibus
1517 2409 1693 2450 tenuerit

332 2475 441 2525 loca,
479 2475 677 2517 sollemne
726 2475 896 2516 allatum
931 2489 983 2514 ex
1011 2473 1195 2515 Arcadia
1230 2473 1476 2522 instituisse,
1513 2478 1559 2512 ut
1593 2471 1691 2512 nudi

333 2538 502 2579 iuvenes
527 2537 743 2592 Lycaeum
762 2536 880 2577 Pana
903 2542 1147 2576 venerantes
1173 2550 1246 2590 per
1269 2535 1407 2575 lusum
1432 2540 1553 2587 atque
1572 2532 1692 2573 lasci-

333 2599 443 2640 viam
468 2605 689 2648 currerent,
721 2612 845 2652 quem
869 2597 1047 2639 Romani
1072 2597 1220 2638 deinde
1250 2602 1502 2638 vocaverunt
1525 2595 1688 2634 Inuum.

292 2675 309 2703 3
418 2660 532 2701 Huic
562 2660 711 2701 deditis
742 2660 900 2701 ludicro
931 2673 1025 2700 cum
1052 2659 1250 2700 sollemne
1281 2664 1425 2699 notum
1450 2662 1559 2697 esset
1593 2654 1691 2695 insi-

334 2722 466 2763 diatos
498 2721 550 2763 ob
581 2722 684 2763 iram
713 2722 890 2776 praedae
921 2720 1098 2762 amissae
1128 2720 1326 2768 latrones,
1364 2733 1456 2759 cum
1487 2715 1689 2758 Romulus
