1780 3204
403 256 557 291 LIBER
582 256 692 301 vul,
717 256 771 290 37.
791 256 845 291 38.
873 259 921 300 [a.
936 255 973 291 e.
987 255 1217 300 325114—322]
1414 246 1496 289 437

140 363 191 405 ab
221 360 476 404 Samnitibus
503 376 616 403 arma
639 360 784 410 inlata,
812 360 886 402 sed
910 375 1004 401 cum
1029 366 1202 413 utraque
1228 359 1351 401 simul
1375 367 1497 416 gente

140 425 295 466 bellum
319 424 518 465 Romanis
544 423 688 464 fuisse.
736 437 813 464 nec
837 430 975 463 tamen
1006 437 1070 463 res
1101 422 1186 463 ulla
1216 422 1495 464 memorabilis
1523 430 1540 460 6

140 495 248 528 acta:
275 502 373 542 ager
385 486 551 541 Apulus
569 484 868 539 Samniumque
894 491 1138 534 evastatum,
1164 485 1305 526 hostes
1331 499 1406 526 nee
1431 485 1497 525 hic

140 565 215 590 nec
246 549 329 590 illic
358 549 524 590 inventi.
574 548 733 589 Romae
763 554 988 589 nocturnus
1026 555 1155 588 terror
1184 548 1241 588 ita
1272 563 1323 588 ex
1354 562 1497 588 somno

142 612 344 666 trepidam
373 616 539 665 repente
571 610 778 651 civitatem
808 610 975 659 excivit,
1013 616 1059 650 ut
1090 609 1343 664 Capitolium
1374 617 1497 663 atque

140 689 214 714 arx
238 673 481 726 moeniaque
502 680 541 713 et
560 679 701 726 portae
725 672 848 726 plena
866 680 1115 712 armatorum
1139 672 1304 712 fuerint.
1343 678 1383 712 et
1401 685 1495 712 cum

142 742 433 777 concursatum
463 734 766 787 clamatumque
797 734 849 775 ad
879 749 992 774 arma
1023 733 1214 775 omnibus
1244 733 1345 775 locis
1371 742 1494 783 esset,

139 799 271 853 prima
295 798 385 838 luce
411 812 486 838 nec
512 804 655 837 auctor
678 811 754 837 nee
779 811 905 837 causa
930 796 1093 837 terroris
1119 797 1344 851 conparuit.

217 860 379 901 Eodem
399 874 506 900 anno
526 859 576 899 de
596 858 844 900 Tusculanis
863 858 899 899 F
901 858 1009 899 laria
1028 858 1239 913 rogatione
1258 858 1400 913 populi
1419 857 1497 899 fuit

139 922 348 963 iudicium.
385 921 446 961 M.
461 921 631 961 Flavius
657 920 845 961 tribunus
870 920 1002 975 plebis
1029 921 1119 961 tulit
1138 921 1191 961 ad
1214 920 1427 975 populum,
1454 928 1499 961 ut

138 984 180 1024 in
200 982 458 1024 Tusculanos
490 983 899 1031 animadverteretur,
932 994 1106 1035 quorum
1138 982 1317 1036 (eorum)
1349 997 1426 1037 ope
1452 997 1499 1023 ac

139 1046 309 1086 consilio
323 1045 523 1086 Veliterni
537 1044 882 1098 Privernatesque
902 1045 1055 1099 populo
1069 1045 1259 1085 Romano
1272 1045 1425 1085 bellum
1439 1045 1501 1085 fe-

140 1108 307 1149 cissent.
338 1107 516 1161 populus
532 1106 794 1147 Tusculanus
815 1121 909 1147 cum
929 1106 1174 1161 coniugibus
1195 1121 1242 1147 ac
1262 1107 1401 1148 liberis
1416 1107 1500 1148 Ro-

136 1185 247 1210 mam
266 1169 388 1209 venit.
421 1183 469 1209 ea
488 1168 706 1208 multitudo
725 1174 840 1208 veste
859 1174 1014 1208 mutata
1034 1176 1072 1208 et
1093 1168 1229 1222 specie
1247 1183 1411 1209 reorum
1431 1170 1500 1209 tri-

136 1231 214 1272 bus
236 1230 389 1279 circuit,
409 1229 585 1284 genibus
606 1244 649 1270 se
669 1230 853 1270 omnium
878 1229 1116 1270 advolvens.
1153 1229 1246 1284 plus
1266 1231 1402 1284 itaque
1423 1232 1498 1272 mi-

137 1292 358 1334 sericordia
377 1292 429 1332 ad
452 1305 610 1345 poenae
635 1292 797 1332 veniam
823 1292 1123 1346 impetrandam
1150 1306 1275 1345 quam
1295 1307 1421 1334 causa
1446 1294 1499 1334 ad

136 1355 290 1395 crimen
319 1353 583 1408 purgandum
612 1353 753 1394 valuit.
804 1353 934 1395 tribus
966 1369 1109 1395 omnes
1135 1362 1297 1409 praeter
1319 1355 1498 1397 Polliam

136 1416 399 1470 antiquarunt
422 1415 570 1471 legem.
619 1415 778 1457 Polliae
805 1417 1006 1458 sententia
1030 1417 1120 1467 fuit,
1146 1417 1325 1472 puberes
1350 1418 1497 1460 verbe-

136 1485 246 1520 ratos
284 1478 439 1528 necari,
478 1478 676 1533 coniuges
712 1478 947 1532 liberosque
980 1479 1056 1520 sub
1089 1494 1240 1521 corona
1271 1480 1363 1536 lege
1400 1480 1497 1522 belli

134 1541 291 1590 venii-eg
323 1540 646 1594 memoriamque
672 1541 759 1582 cius
784 1541 868 1581 irae
883 1541 1132 1582 Tusculanis
1158 1543 1200 1582 in
1224 1557 1384 1597 poenae
1410 1550 1492 1583 tam

135 1604 282 1644 atrocis
309 1610 517 1644 auctorem
542 1603 746 1644 mansisse
772 1603 824 1644 ad
848 1611 1010 1657 patrum
1036 1610 1213 1644 aetatem
1238 1611 1397 1644 constat
1422 1619 1498 1646 nec

135 1680 386 1719 quemquam
422 1665 552 1706 ferme
589 1679 641 1705 ex
670 1664 805 1706 Pollia
841 1666 950 1707 tribu
986 1666 1250 1707 candidatum
1285 1665 1497 1721 Papiriam

134 1728 241 1768 ferre
269 1727 447 1768 solitum.

220 1788 490 1829 XXXVIII.
517 1789 760 1843 Insequenti
785 1804 904 1839 anno,
928 1789 979 1842 Q.
996 1790 1140 1839 Fabio,
1161 1791 1215 1831 L.
1229 1790 1379 1832 Fulvio
1399 1805 1496 1832 con-

137 1850 314 1899 sulibus,
346 1850 401 1891 A.
430 1850 647 1892 Cornelius
672 1851 834 1892 Arvina
858 1852 1032 1892 dictator
1057 1859 1096 1893 et
1120 1852 1181 1893 M.
1208 1852 1366 1894 Fabius
1390 1852 1497 1894 Am-

136 1912 284 1953 bustus
315 1913 513 1967 magister
542 1914 727 1966 equitum
757 1920 869 1954 metu
900 1914 1101 1968 gravioris
1126 1914 1169 1954 in
1196 1913 1368 1956 Samnio
1400 1915 1496 1956 belli

136 1998 190 2002 —
216 1974 419 2015 conducta
443 1975 553 2015 enim
578 1976 708 2030 pretio
734 1991 757 2016 a
781 1976 964 2017 finitimis
991 1976 1182 2017 iuventus
1210 1976 1423 2018 dicebatur
1442 2001 1496 2006 -—-

137 2037 351 2078 intentiore
366 2037 517 2078 dilectu
535 2037 675 2079 habito
691 2038 906 2093 egregium
921 2038 1146 2079 exercitum
1160 2039 1358 2080 adversus
1375 2038 1496 2081 Sam-

138 2099 242 2140 nites
269 2099 486 2140 duxerunt.
525 2107 659 2141 castra
678 2100 719 2140 in
743 2100 902 2141 hostico
926 2100 1130 2142 incuriose
1155 2101 1213 2142 ita
1235 2102 1371 2156 posita
1391 2108 1494 2143 tam-

139 2176 266 2214 quam
291 2162 434 2216 procul
459 2161 624 2204 abesset
648 2162 792 2212 hostis,
819 2177 912 2203 cum
939 2162 1075 2204 subito
1101 2164 1303 2205 advenere
1331 2163 1495 2206 Samni-

136 2224 238 2263 tium
263 2223 446 2278 legiones
472 2232 585 2265 tanta
608 2224 773 2274 ferocia,
800 2231 845 2265 ut
862 2225 1016 2265 vallum
1041 2240 1172 2279 usque
1198 2227 1251 2267 ad
1277 2227 1494 2268 stationem

137 2285 368 2326 Romanam
394 2285 602 2327 inferrent.
639 2287 823 2328 noxiam
843 2287 1079 2342 adpetebat3
1105 2288 1147 2328 id
1171 2287 1380 2342 prohibuit
1404 2304 1494 2329 mu-

138 2347 320 2387 nimenta
345 2347 506 2388 adoriri.
555 2363 631 2389 nec
656 2348 982 2398 dissimulabant,
1010 2356 1098 2390 orta
1121 2350 1212 2390 luce
1237 2356 1402 2405 postero
1428 2351 1494 2391 die

136 2408 331 2449 facturos.
380 2409 554 2450 dictator
583 2410 655 2451 ubi
684 2411 917 2465 propiorem
949 2426 1021 2466 spe
1048 2412 1352 2454 dimicationem
1378 2413 1491 2463 vidit,

136 2485 187 2510 ne
212 2470 387 2511 militum
412 2471 551 2512 virtuti
577 2472 728 2513 damno
753 2473 868 2514 locus
901 2480 1028 2522 esset,
1060 2473 1227 2529 ignibus
1254 2474 1406 2516 crebris
1431 2490 1495 2516 re-

135 2533 254 2581 lictis,
276 2534 345 2586 qui
366 2542 632 2588 conspectum
656 2534 837 2575 hostium
862 2535 1165 2586 frustrarentur,
1187 2537 1346 2578 silentio
1364 2537 1494 2593 legio-

136 2609 209 2635 nes
235 2595 387 2636 educit:
425 2610 501 2637 nec
527 2603 664 2638 tamen
695 2597 834 2638 fallere
865 2605 1030 2653 propter
1053 2599 1399 2653 propinquitatem
1425 2615 1492 2641 ca-

137 2664 311 2698 strorum
324 2659 470 2712 potuit.
510 2674 635 2713 eques
651 2659 856 2714 extemplo
871 2660 1081 2702 insecutus
1096 2661 1151 2702 ita
1164 2661 1309 2703 institit
1323 2663 1488 2718 agmini,

136 2727 191 2770 ut,
213 2720 343 2762 donec-
368 2721 606 2773 lucesceret,
633 2722 788 2778 proelio
814 2722 1048 2765 abstineret.
1086 2739 1138 2766 ne
1163 2725 1374 2780 pedestres
1401 2727 1490 2780 qui-

1525 1116 1542 1144 9

1526 1240 1565 1269 10

1527 1371 1564 1399 ll
