1780 3204
466 211 620 245 LIBER
643 210 718 255 111,
744 211 774 244 ss.
795 210 824 243 7.
853 212 900 253 [a.
916 208 1045 246 0464.
1063 209 1146 252 463]
1402 199 1478 239 131

126 318 238 388 quod
262 317 331 357 xix
348 316 547 356 Romanis
574 314 667 355 fulti
691 313 846 355 xiribus
873 313 1176 354 sustinuissent.
1220 326 1302 353 non
1327 312 1481 353 diutius
1515 325 1531 353 7

125 394 167 420 se
191 381 232 420 in
249 379 433 420 Hernico
454 377 583 418 hostis
604 376 815 425 continuit,
840 375 975 446 pergit
993 375 1087 416 inde
1104 374 1310 415 infestus
1300 389 1341 414 ln
1362 388 1483 428 agros

130 445 337 484 Romanos
364 441 486 481 etiam
512 440 599 480 sine
620 439 743 480 belli
733 439 881 479 mimia
899 444 1095 479 xastatos.
1132 437 1204 478 ubi
1224 451 1318 477 cum
1337 436 1483 477 obvius

127 518 265 552 nemo,
296 517 348 543 ne
373 502 539 542 inermis
565 501 749 554 quidem,
782 500 896 540 fieret
919 513 1074 554 perque
1100 499 1236 539 omnia
1261 513 1344 539 non
1367 512 1485 552 prae-

129 566 241 606 sidiis
274 565 397 607 modo
428 564 607 612 deserta,
645 563 719 604 sed
755 562 877 603 etiam
914 561 1027 602 cultu
1063 561 1216 616 agresti
1252 561 1482 609 transirent,

126 642 348 683 pervenere
373 627 426 667 ad
450 627 614 667 tertium
637 625 817 680 lapidem
843 623 1008 666 Gabina
1031 623 1110 664 via.

210 689 403 730 Mortuus
428 687 635 729 Aebutius
668 694 754 728 erat
777 686 992 727 Romanus
1018 685 1180 734 consul,
1213 685 1371 739 collega
1396 684 1483 724 eius
1510 696 1529 726 8

130 751 330 793 Servilius
356 751 506 805 exigua
530 750 572 790 in
598 764 670 804 spe
696 748 882 789 trahebat
907 748 1104 797 animam,
1132 746 1283 788 adfecti
1301 746 1485 801 plerique

127 814 374 868 principum,
402 826 564 867 patrum
588 812 718 852 maior
735 826 850 865 pars,
876 810 1062 851 militaris
1086 809 1173 850 fere
1198 815 1311 850 aetas
1337 808 1483 856 omnis,

127 883 171 915 ut
200 890 283 916 non
313 875 436 915 modo
467 874 520 914 ad
550 872 849 928 expeditiones,
881 887 984 925 quas
1009 872 1053 912 in
1077 878 1190 912 tanto
1215 871 1395 911 tumultu
1418 884 1483 910 res

126 938 339 992 poscebat,
373 937 446 977 sed
471 937 540 976 vix
565 937 618 977 ad
642 936 802 989 quietas
829 935 1024 976 stationes
1052 934 1206 975 viribus
1233 934 1482 975 sufficerent.

126 1014 274 1040 munus
300 999 534 1054 vigiliarum
560 1005 788 1045 senatores,
815 997 885 1050 qui
909 1011 983 1051 per
1008 1002 1184 1036 aetatem
1209 1010 1257 1036 ao
1281 995 1484 1035 valetudi-
1511 1006 1528 1036 9

126 1076 219 1101 nem
243 1066 447 1115 poterant,
473 1075 546 1114 per
571 1075 614 1100 se
632 1059 713 1113 ipsi
731 1058 916 1106 obibant,
944 1057 1170 1098 circumitio
1191 1071 1238 1096 ao
1258 1070 1355 1096 cura
1374 1056 1485 1096 aedi-

124 1125 224 1164 lium
249 1123 359 1178 plebi
384 1130 467 1163 erat
477 1138 487 1171 3
520 1123 572 1162 ad
598 1136 667 1162 eos
693 1135 855 1161 summa
879 1134 1016 1160 rerum
1042 1133 1090 1159 ac
1114 1118 1309 1158 maiestas
1336 1132 1485 1159 consu-

123 1186 218 1225 laris
244 1184 404 1238 imperii
428 1192 608 1224 venerat.

207 1246 305 1287 VH.
342 1246 521 1286 Deserta
541 1245 690 1293 onmia,
719 1244 806 1285 sine
825 1243 970 1298 capite,
999 1243 1085 1284 sine
1105 1241 1274 1291 xiribus,
1296 1241 1351 1282 dii
1364 1256 1482 1296 prae·
1512 1255 1525 1282 1

123 1309 232 1350 sides
257 1322 305 1348 ao
329 1307 493 1348 fortuna
518 1306 630 1348 urbis
656 1312 786 1347 tutata
811 1313 890 1355 cst,
925 1319 1031 1358 quae
1054 1303 1220 1346 Volscis
1238 1303 1484 1357 Aequisque

121 1371 372 1426 praedonum
396 1370 532 1424 potius
557 1378 737 1409 mentem
756 1383 881 1422 quam
899 1367 1080 1409 hostium
1095 1367 1224 1408 dedit:
1251 1367 1354 1407 adeo
1374 1367 1483 1407 enim

122 1433 275 1473 nullam
301 1446 417 1487 spem
441 1447 523 1473 non
547 1432 735 1486 potiundi
760 1431 902 1480 modo,
935 1431 1009 1471 sed
1033 1445 1084 1471 ne
1109 1430 1289 1471 adeundi
1314 1430 1482 1483 quidem

122 1495 310 1535 Romana
334 1494 495 1534 moenia
520 1494 680 1534 animus
707 1508 848 1534 eorum
869 1493 995 1547 cepit,
1024 1498 1212 1545 tectaque
1231 1492 1374 1547 procul
1394 1492 1484 1533 visa

122 1565 243 1610 atque
273 1556 519 1596 inminentes
550 1555 697 1596 tumuli
727 1562 909 1596 avertere
935 1561 1093 1595 mentes
1120 1569 1280 1603 eorum,
1312 1561 1358 1594 ut
1386 1555 1481 1595 totis
1509 1563 1527 1591 3

122 1618 277 1672 passim
302 1618 445 1658 castris
470 1618 637 1658 fremitu
661 1624 766 1666 orto,
793 1617 892 1670 quid
910 1617 952 1657 in
975 1623 1094 1657 vasto
1119 1631 1168 1657 ae
1192 1617 1354 1657 deserto
1382 1631 1482 1670 agro

123 1681 226 1720 inter
262 1679 399 1720 tabem
434 1694 630 1733 pecorum
666 1679 961 1732 hominumque
998 1679 1163 1719 desides
1201 1678 1288 1718 sine
1331 1678 1484 1732 praeda

125 1749 286 1795 tempus
323 1747 516 1790 tererent,
554 1755 649 1781 cum
678 1741 838 1795 integra
868 1741 976 1789 loca,
1015 1739 1301 1780 Tusculanum
1337 1754 1483 1793 agrum

125 1803 308 1857 opimum
338 1802 466 1856 copiis
490 1809 629 1856 petere
653 1808 840 1856 possent,
874 1802 993 1856 signa
1016 1808 1183 1855 repente
1209 1801 1483 1841 convellerent

125 1863 450 1916 transversisque
474 1863 687 1904 itineribus
711 1877 785 1917 per
806 1862 1044 1903 Labicanos
1071 1876 1192 1918 agros
1218 1862 1260 1902 in
1279 1862 1482 1903 Tuscula-

124 1940 198 1966 nos
218 1925 342 1966 colles
361 1925 591 1966 transirent.
629 1940 676 1966 eo
695 1925 757 1965 vis
778 1925 910 1965 omnis
935 1931 1241 1979 tempestasque
1265 1923 1363 1965 belli
1387 1939 1484 1965 con·
1509 1939 1529 1967 4

124 2002 244 2028 versa
268 1995 341 2027 est.
390 1987 552 2027 interim
577 1986 749 2027 Hernici
772 1986 1016 2039 Latinique,
1047 1986 1205 2040 pudore
1230 1986 1372 2035 etiam,
1398 2001 1480 2027 non

125 2048 404 2090 misericordia
434 2048 567 2090 solum
596 2048 715 2097 moti,
755 2048 789 2088 si
813 2062 889 2088 neo
913 2047 1168 2088 obstitissent
1193 2047 1482 2088 communibus
1505 2089 1509 2092 ,

125 2110 312 2152 hostibus
342 2110 493 2152 infesto
524 2110 687 2165 agmine
712 2110 945 2150 Romanam
977 2109 1121 2150 urbem
1145 2109 1379 2163 petentibus
1404 2124 1482 2151 nee

124 2187 244 2227 opem
268 2172 394 2213 ullam
419 2171 600 2213 obsessis
621 2172 742 2213 sociis
761 2171 932 2220 ferrent,
959 2171 1176 2212 coniuncto
1197 2171 1378 2212 exercitu
1397 2171 1482 2213 Ro-

124 2249 232 2274 mam
257 2242 447 2289 pergunt.
489 2234 561 2275 ubi
585 2249 678 2274 cum
703 2234 834 2275 hostis
858 2248 941 2274 non
964 2233 1236 2282 invenissent,
1264 2234 1394 2274 secuti
1419 2234 1481 2275 fa-
1509 2244 1527 2273 5

125 2311 231 2335 mam
258 2310 306 2336 ae
330 2296 504 2351 vestigia
531 2295 640 2336 obvii
664 2296 768 2336 fiunt
791 2294 1136 2336 descendentibus
1163 2294 1214 2336 ab
1241 2294 1481 2337 Tusculano

123 2358 164 2397 in
183 2357 393 2398 Albanam
417 2358 578 2398 vallem.
615 2357 672 2399 ibi
696 2358 1018 2411 haudquaquam
1041 2371 1173 2410 aequo
1198 2357 1352 2411 proelio
1376 2372 1483 2413 pug-

123 2427 264 2461 natum
295 2428 357 2461 est
386 2421 572 2474 fidesque
604 2435 680 2461 sua
711 2420 832 2462 sociis
863 2435 1008 2474 parum
1040 2420 1141 2460 felix
1170 2420 1214 2460 in
1248 2421 1482 2474 praesentia

123 2481 211 2522 fuit.
261 2482 372 2522 haud
401 2482 534 2523 minor
556 2482 716 2523 Romae
746 2482 792 2522 fit
822 2481 966 2522 morbo
993 2488 1151 2537 strages
1177 2495 1303 2535 quam
1327 2488 1480 2535 quanta
1506 2496 1524 2526 G

123 2543 230 2584 ferro
268 2544 471 2585 sociorum
508 2544 619 2585 facta
654 2550 752 2584 erat.
801 2544 964 2593 consul,
1004 2544 1075 2597 qui
1109 2558 1218 2585 unus
1255 2550 1478 2598 supererat,

123 2606 308 2654 moritui-3
335 2606 484 2646 mortui
503 2613 542 2646 et
561 2606 629 2646 alii
648 2606 746 2646 clari
763 2606 857 2654 viri,
883 2605 945 2646 M.
960 2605 1170 2655 Valerius,
1191 2605 1241 2646 T.
1256 2605 1480 2661 Verginius

109 2666 286 2722 ,Rutilus
319 2682 516 2723 augures,
557 2666 645 2709 Ser.
681 2667 889 2723 Sulpicius
928 2668 1039 2709 curio
1075 2668 1300 2717 maximus,
1338 2674 1378 2708 et
1406 2682 1480 2723 per
1505 2682 1522 2710 7

1210 2734 1256 2767 9*

1509 1377 1526 1405 [ὑ
