1835 3226
267 341 284 369 S

269 526 279 552 1

265 648 283 665 ⁸)

265 712 282 739 ὅ

315 217 394 258 170
653 222 806 256 LIBER
831 222 905 265 111,
931 221 985 254 49.
1005 220 1061 255 50.
1092 223 1140 263 [a.
1154 233 1188 256 u.
1204 233 1235 256 e.
1251 223 1332 265 305]

311 327 525 382 potestatis
552 325 638 365 eius
665 323 966 364 multitudinem
993 323 1164 363 sedavit.
1215 329 1381 364 senatus
1407 339 1482 365 nec
1506 326 1667 379 plebem

311 387 556 428 inritandam
581 385 741 426 censuit
765 390 805 425 et
829 384 958 425 multo
983 384 1116 439 magis
1141 384 1462 438 providendum,
1495 401 1546 427 ne
1571 388 1669 440 quid

311 449 497 503 Verginii
522 447 723 488 adventus
749 447 791 486 in
816 446 997 487 exercitu
1022 453 1158 487 motus
1185 446 1350 487 faceret.

393 511 446 550 L.
496 509 643 562 Itaque
668 508 785 549 missi
809 508 988 549 iuniores
1012 514 1176 562 patrum
1201 508 1242 548 in
1268 515 1420 558 eastra,
1452 523 1558 562 quae
1584 516 1670 550 tum

308 572 350 612 in
376 578 513 612 monte
538 570 699 611 Vecilio
725 577 856 619 erant,
883 570 1072 611 nuntiant
1097 570 1368 628 decemviris.
1385 577 1431 611 ut
1457 571 1568 611 omni
1594 586 1671 626 ope

310 633 361 674 ab
393 633 591 674 seditione
628 632 778 674 milites
814 632 1062 673 contineant.
1111 631 1168 673 ibi
1199 632 1423 687 Verginius
1461 632 1670 681 maiorem,

309 710 431 749 quam
451 695 670 748 reliquerat
688 694 731 734 in
750 693 868 743 urbe,
894 701 1052 735 motum
1072 695 1234 735 excivit.
1271 710 1366 735 nam
1386 701 1671 748 praeterquam

309 758 418 811 quod
454 757 618 812 agmine
655 771 783 811 prope
818 756 1212 811 quadringentorum
1243 756 1457 797 hominum
1487 756 1670 804 veniens,

309 820 377 873 qui
403 819 454 860 ab
480 819 580 860 urbe
605 818 848 873 indignitate
872 818 931 858 rei
956 818 1119 859 accensi
1144 819 1314 859 comites
1341 819 1377 858 ei
1397 833 1441 859 se
1461 818 1669 866 dederant,

310 887 555 936 conspectus
587 886 667 930 est,
708 879 893 921 strictum
925 879 1047 920 etiam
1084 880 1213 920 telum
1249 894 1547 934 respersusque
1582 879 1671 934 ipse

310 958 452 985 cruore
483 949 568 984 tota
598 943 640 982 in
671 956 715 982 se
746 948 881 982 castra
911 942 1122 983 convertit.
1173 948 1213 983 et
1249 949 1369 998 togae
1405 941 1672 982 multifariam

310 1009 352 1048 in
376 1006 520 1047 castris
545 1005 659 1046 visae
685 1004 850 1045 maioris
877 1004 1103 1058 aliquanto,
1130 1019 1253 1058 quam
1274 1011 1377 1054 erat,
1406 1005 1586 1058 speeiem
1607 1019 1673 1044 ur-

310 1071 441 1112 banae
466 1067 738 1108 multitudinis
765 1067 959 1108 fecerant.
1003 1067 1314 1120 quaerentibus,
1342 1068 1440 1121 quid
1465 1067 1524 1108 rei
1549 1072 1671 1115 esset,

309 1132 410 1172 flens
436 1130 506 1170 diu
530 1144 675 1170 vocem
700 1143 783 1168 non
802 1128 931 1178 misit3
957 1130 1141 1179 tandem,
1170 1129 1313 1170 utiam
1333 1144 1383 1170 ex
1403 1129 1672 1184 trepidatione

312 1192 639 1235 concurrentium
676 1191 796 1231 turba
832 1190 1014 1231 constitit
1049 1206 1097 1232 ac
1135 1191 1343 1232 silentium
1385 1191 1482 1241 fuit,
1531 1191 1671 1232 ordine

310 1262 474 1305 cuncta,
501 1261 546 1295 ut
570 1261 689 1310 gesta
714 1260 845 1303 erant,
873 1254 1075 1308 exposuit.
1126 1254 1294 1308 supinas
1321 1254 1468 1294 deinde
1495 1254 1668 1294 tendens

310 1333 474 1366 manus,
513 1316 796 1357 conmilitones
834 1315 1046 1369 appellans
1084 1316 1244 1365 orabat,
1286 1331 1356 1365 ne,
1394 1315 1505 1369 quod
1537 1315 1670 1356 scelus

309 1379 423 1434 Appi
450 1377 600 1419 Claudi
626 1383 752 1426 esset,
786 1376 863 1418 sibi
890 1377 1156 1418 attribuerent
1181 1392 1261 1418 neu
1287 1392 1330 1418 se
1357 1384 1401 1417 ut
1425 1376 1667 1431 parricidam

309 1441 482 1482 liberum
507 1445 804 1480 aversarentur.
844 1439 922 1480 sibi
941 1439 1066 1479 vitain
1087 1439 1194 1480 filiae
1215 1454 1290 1480 sua
1308 1439 1504 1480 cariorem
1524 1438 1666 1487 fuisse,

313 1503 345 1543 si
370 1502 521 1543 liberae
548 1516 595 1542 ac
618 1501 792 1555 pudicae
818 1501 955 1541 vivore
975 1501 1131 1541 licitum
1151 1502 1316 1542 fnisset:
1343 1516 1436 1542 cum
1455 1501 1567 1542 velut
1587 1515 1670 1542 ser-

308 1580 403 1605 vam
433 1564 486 1604 ad
517 1570 705 1617 stuprum
735 1563 822 1616 rapi
848 1563 1021 1612 videret,
1053 1569 1182 1604 morte
1208 1563 1339 1604 amitti
1363 1563 1509 1604 melius
1535 1569 1667 1603 ratum

309 1641 433 1679 quam
459 1625 709 1666 contumelia
732 1624 902 1673 liberos,
929 1625 1209 1666 misericordia
1235 1640 1278 1666 se
1304 1626 1345 1665 in
1371 1626 1550 1680 speciem
1577 1640 1667 1666 cru—

266 1704 279 1730 ῖ
308 1687 484 1728 delitatis
510 1687 685 1740 lapsum.
723 1700 800 1727 nec
826 1700 869 1726 se
896 1687 1157 1740 superstitem
1182 1687 1289 1727 filiae
1315 1687 1499 1727 futurum
1525 1687 1668 1736 fuisse,

264 2197 280 2224 1)

246 2380 282 2408 10

246 2686 281 2715 11

307 1749 386 1789 nisi
412 1763 528 1803 spem
553 1748 812 1788 ulciscendae
838 1748 980 1788 mortis
1008 1748 1095 1788 cius
1122 1748 1163 1788 in
1187 1747 1339 1789 auxilio
1359 1748 1669 1789 conmilitonum

307 1810 532 1852 habuisset.
582 1809 662 1850 illis
699 1824 863 1863 quoque
895 1810 1004 1850 enim
1035 1810 1158 1859 filias,
1198 1824 1359 1850 sorores
1392 1810 1671 1865 coniugesque

309 1887 417 1922 esse,
455 1887 529 1912 nce
562 1886 656 1912 eum
685 1871 770 1912 filia
795 1886 871 1912 sua
894 1871 1107 1912 libidinem
1132 1871 1247 1926 Appi
1275 1871 1425 1913 Claudi
1449 1872 1670 1912 extinctam

308 1949 417 1983 esse,
446 1934 518 1974 sed
543 1948 625 1987 quo
649 1933 873 1988 inpunitior
899 1933 968 1982 sit,
996 1948 1044 1974 eo
1070 1934 1373 1974 effrenatiorem
1393 1933 1494 1974 fore.
1537 1933 1668 1974 aliena

307 1996 537 2037 calamitate
569 1996 862 2036 documentum
893 1995 1035 2036 datum
1065 1996 1145 2036 illis
1183 1996 1390 2036 cavendae
1429 1995 1572 2036 similis
1609 1995 1670 2035 in-

309 2058 448 2098 iuriae.
499 2058 611 2111 quod
641 2058 693 2098 ad
726 2072 769 2098 se
800 2057 1000 2107 adtincat,
1039 2073 1209 2098 uxorem
1243 2058 1321 2099 sibi
1351 2057 1436 2099 fato
1473 2064 1668 2112 ereptam,

309 2120 452 2169 filiam,
480 2120 577 2173 quia
602 2135 682 2160 non
708 2119 815 2159 ultra
838 2120 989 2174 pudica
1014 2120 1171 2160 victura
1189 2119 1330 2169 fuerit,
1358 2119 1569 2167 miseram,
1597 2120 1668 2160 sed

306 2244 442 2284 locum
467 2244 510 2284 in
535 2244 658 2284 domo
685 2259 759 2284 sua
768 2259 778 2293 3
805 2242 856 2284 ab
883 2244 962 2284 alia
982 2244 1176 2284 violentia
1196 2244 1283 2285 eius
1303 2244 1448 2285 eodem
1469 2259 1512 2285 se
1532 2244 1669 2284 animo

308 2321 428 2346 suum
455 2320 603 2360 eorpus
631 2305 952 2355 vindicaturum,
986 2320 1066 2359 quo
1092 2306 1362 2347 vindicaverit
1385 2306 1492 2347 filiae
1502 2323 1512 2356 3
1545 2305 1668 2346 ceteri

308 2367 385 2407 sibi
410 2381 457 2408 ac
481 2367 620 2408 liberis
648 2368 732 2408 suis
760 2367 1031 2408 consulerent.
1076 2368 1178 2409 haec
1203 2368 1402 2424 Verginio
1427 2367 1668 2409 vociferanti

308 2429 586 2470 succlamabat
611 2430 849 2479 multitudo,
876 2444 952 2470 nec
976 2430 1085 2471 illius
1112 2430 1241 2471 dolori
1267 2445 1343 2471 nec
1369 2445 1467 2471 suae
1491 2429 1667 2471 libertati

306 2506 349 2529 se
376 2491 602 2532 defuturos.
641 2498 681 2532 et
705 2491 867 2532 inmixti
891 2491 1033 2532 turbae
1054 2492 1230 2532 militum
1250 2492 1379 2547 togati
1404 2506 1498 2533 cum
1524 2492 1666 2532 eadem

307 2552 376 2592 illa
405 2554 614 2605 querendo
645 2554 932 2607 docendoque,
970 2562 1122 2607 quanto
1153 2554 1243 2595 visa
1273 2569 1397 2608 quam
1433 2555 1573 2595 audita
1606 2553 1666 2592 in-

309 2613 495 2667 digniora
513 2616 720 2669 potuerint
739 2616 886 2665 videri,
915 2615 1036 2656 simul
1060 2616 1321 2671 profligatam
1346 2616 1426 2657 iam
1452 2630 1537 2656 rem
1561 2628 1664 2654 nun-

310 2674 447 2716 tiando
467 2675 624 2717 Romae
651 2692 742 2718 esse
767 2677 1077 2732 insecutosque,
1105 2678 1174 2732 qui
1195 2678 1379 2732 Appium
1398 2690 1524 2731 prope
1543 2675 1661 2715 inter-
