1780 3204
435 267 588 302 LIBER
613 267 647 311 1,
673 266 729 300 50.
750 266 804 300 51.
833 264 1145 309 [aemi-510]
1415 255 1470 294 53

113 388 363 428 quamquam
394 386 444 412 ne
477 371 535 412 sic
565 370 731 424 quidem
762 369 1034 424 alienigenae,
1072 367 1241 417 debere3
1278 367 1342 407 sin
1374 380 1470 407 suos

114 436 202 477 eius
238 434 464 490 paeniteat,
508 433 660 487 quippe
697 432 767 485 qui
803 431 871 472 alii
909 444 1031 484 super
1066 429 1167 470 alios
1204 429 1469 477 trucidentur,

114 498 324 539 exulatum
349 502 460 544 eant,
498 495 685 536 amittant
710 494 835 542 bona,
867 493 967 546 quid
992 492 1080 547 spei
1104 492 1282 532 melioris
1308 491 1472 531 Latinis

113 558 325 614 portendi?
356 558 390 599 si
415 572 459 598 se
484 557 669 605 audiant,
701 556 870 596 domum
897 569 1013 595 suam
1038 568 1243 607 quemque
1267 553 1362 593 inde
1387 552 1474 593 abi-

114 629 225 662 turos
251 634 384 673 neque
409 619 542 674 magis
568 618 858 659 observaturos
891 616 999 657 diem
1030 615 1191 657 concilii
1215 630 1340 669 quam
1370 614 1472 669 ipse,

114 682 184 736 qui
208 681 411 730 indixerit,
439 680 643 721 observet.

198 743 317 784 Haec
349 749 470 796 atque
500 742 580 783 alia
611 741 756 782 eodem
786 740 1033 795 pertinentia
1064 739 1284 780 seditiosus
1316 738 1474 779 facino-

115 820 315 859 rosusque
340 805 463 845 homo
487 805 620 857 iisque
646 803 801 844 artibus
827 817 926 857 opes
953 802 1065 843 domi
1094 809 1239 842 nactus
1272 816 1365 843 cum
1390 816 1477 841 ma-

115 868 224 908 xime
260 866 497 915 dissereret,
535 865 753 906 intervenit
784 864 1048 917 Tarquinius.
1103 863 1137 904 is
1174 863 1267 904 finis
1305 863 1475 903 orationi

116 930 203 970 fuit.
253 928 387 970 aversi
417 942 560 969 omnes
591 927 644 967 ad
669 926 941 979 Tarquinium
973 925 1256 973 salutandum,
1295 925 1384 978 qui,
1423 925 1477 965 si-

115 991 239 1031 lentio
264 990 386 1039 facto,
413 989 591 1030 monitus
618 1004 642 1028 a
666 987 896 1042 proxumis,
923 993 967 1027 ut
991 993 1187 1041 purgaret
1213 1001 1274 1035 se,
1301 986 1411 1039 quod
1436 985 1478 1026 id

116 1053 309 1107 temporis
346 1052 545 1100 venisset,
589 1050 906 1104 disceptatorem
951 1048 1006 1088 ait
1045 1063 1088 1088 se
1126 1055 1337 1101 sumptum
1372 1048 1478 1087 inter

115 1122 273 1167 patrem
298 1120 338 1154 et
362 1113 509 1161 filium,
542 1127 639 1153 cura.
664 1110 955 1152 reconciliandi
980 1124 1049 1150 cos
1075 1110 1118 1149 in
1142 1109 1318 1163 gratiam
1343 1123 1478 1149 mora-

116 1184 202 1216 tum
227 1189 318 1216 esse
350 1182 406 1223 et,
445 1174 541 1227 quia
571 1188 619 1214 ea
649 1188 714 1213 rcs
747 1172 968 1213 exemisset
999 1171 1115 1211 illum
1147 1171 1274 1219 diem,
1312 1176 1478 1224 postero

115 1237 179 1277 die
205 1243 409 1285 acturum,
442 1250 547 1289 quac
573 1234 867 1275 constituisset.
915 1248 967 1273 ne
992 1233 1034 1273 id
1060 1233 1226 1286 quidem
1258 1231 1309 1272 ab
1337 1231 1478 1272 Turno

115 1298 257 1339 tulisse
272 1298 441 1338 tacitum
454 1297 611 1345 ferunt3
638 1296 793 1336 dixisse
813 1295 934 1343 enim,
962 1294 1117 1335 nullam
1136 1294 1366 1335 breviorem
1386 1308 1478 1334 esse

116 1359 391 1414 cognitionem
410 1374 532 1413 quam
547 1359 652 1398 inter
672 1364 831 1412 patrem
852 1363 891 1398 et
910 1357 1039 1397 filium
1059 1356 1285 1411 paucisque
1306 1356 1479 1411 transigi

117 1420 250 1461 verbis
276 1436 419 1475 posse:
445 1421 487 1461 ni
512 1427 653 1474 pareat
677 1419 794 1474 patri,
822 1418 1059 1459 habiturum
1084 1418 1353 1458 infortunium
1373 1432 1478 1458 esse.

199 1482 276 1523 LI.
320 1483 439 1523 Haec
464 1482 661 1523 Aricinus
688 1482 729 1522 in
754 1496 896 1535 regem
921 1480 1158 1521 Romanuin
1184 1480 1402 1534 increpans
1429 1495 1479 1520 cx

117 1545 288 1586 concilio
313 1544 425 1585 abiit.
474 1559 598 1597 quam
629 1559 715 1584 rem
742 1543 993 1595 Tarquinius
1026 1543 1234 1596 aliquanto
1266 1557 1390 1595 quam
1420 1542 1481 1582 ri-

118 1607 290 1648 debatur
315 1606 478 1661 aegrius
511 1606 647 1646 fcrcns
679 1605 897 1646 confestim
924 1604 1066 1645 Turno
1097 1619 1240 1644 necem
1271 1603 1481 1644 machina-

119 1678 202 1718 tur,
239 1676 284 1708 ut
315 1668 491 1708 eundem
522 1675 736 1716 terrorem,
775 1682 856 1720 quo
888 1666 1039 1706 civium
1076 1666 1236 1706 animos
1267 1665 1379 1705 domi
1410 1678 1482 1718 op-

120 1741 337 1784 presserat,
363 1730 527 1770 Latinis
553 1729 733 1769 iniceret.
783 1735 823 1768 et
847 1728 944 1780 quia
968 1742 1042 1781 pro
1067 1727 1238 1780 imperio
1263 1726 1400 1780 palam
1420 1726 1482 1765 in-

121 1791 247 1832 terfici
260 1806 341 1831 non
363 1798 535 1844 poterat,
563 1790 700 1830 oblato
720 1789 827 1829 falso
848 1789 1016 1829 crimine
1037 1788 1243 1828 insontem
1263 1787 1481 1841 oppressit.

121 1868 193 1907 per
229 1853 426 1893 adversae
463 1852 653 1893 factionis
690 1851 892 1903 quosdam
923 1849 1117 1890 Aricinos
1155 1863 1321 1889 servum
1352 1848 1482 1889 Turni

123 1929 221 1955 auro
247 1914 444 1968 corrupit,
480 1914 524 1953 in
553 1912 834 1953 deversorium
865 1912 953 1952 eius
985 1911 1069 1951 vim
1099 1926 1294 1965 magnam
1325 1910 1484 1965 gladio-

122 1992 214 2017 rum
238 1976 379 2016 inferri
405 1976 511 2016 clam
537 1975 700 2015 sineret.
750 1988 799 2014 ea
823 1988 917 2014 cum
942 1988 1025 2013 una
1055 1979 1175 2013 nocte
1205 1972 1389 2026 perfecta
1419 1987 1484 2013 es-

126 2045 227 2085 sent,
254 2037 505 2090 Tarquinius
525 2036 647 2091 paulo
668 2043 761 2076 ante
779 2035 914 2076 lucem
928 2034 1068 2075 accitis
1089 2035 1142 2074 ad
1167 2048 1211 2075 se
1229 2033 1483 2088 principibus

125 2099 370 2140 Latinorum
402 2098 521 2152 quasi
545 2112 588 2138 re
613 2112 721 2138 nova
745 2096 1025 2151 perturbatus,
1062 2110 1221 2136 moram
1247 2111 1365 2136 suam
1389 2095 1484 2137 hes-

125 2169 301 2209 ternam,
345 2161 457 2201 velut
493 2160 663 2201 deorum
699 2159 878 2212 quadam
913 2158 1169 2212 providentia
1203 2157 1390 2207 inlatam,
1428 2164 1485 2198 alt

127 2223 248 2263 saluti
274 2222 352 2263 sibi
377 2230 499 2275 atque
524 2221 603 2262 illis
630 2221 771 2261 fuisse.
821 2220 872 2261 ab
893 2220 1034 2260 Turno
1060 2219 1141 2260 dici
1166 2219 1244 2260 sibi
1269 2225 1307 2260 et
1332 2219 1485 2273 primo-

126 2284 239 2325 ribus
270 2284 516 2338 populorum
546 2283 681 2337 parari
716 2297 879 2331 necem,
916 2289 961 2322 ut
989 2281 1237 2321 Latinorum
1268 2280 1380 2321 solus
1410 2281 1487 2320 im-

127 2345 286 2400 perium
317 2352 464 2386 teneat.
515 2345 809 2399 adgressurum
839 2343 969 2384 fuisse
999 2343 1190 2383 hesterno
1221 2342 1287 2383 die
1317 2342 1359 2382 in
1390 2357 1486 2383 con-

129 2406 234 2455 cilio,
260 2406 428 2447 dilatam
452 2421 539 2447 rem
565 2420 668 2455 esse,
695 2406 806 2458 quod
831 2413 971 2446 auctor
996 2404 1156 2445 concilii
1175 2404 1336 2454 afuerit,
1362 2419 1486 2458 quem

128 2470 305 2508 maxime
335 2475 504 2522 peteret.
558 2468 653 2508 inde
683 2467 796 2507 illam
828 2466 1009 2507 absentis
1046 2466 1357 2507 insectationem
1394 2480 1486 2507 esse

128 2538 286 2579 natam,
313 2530 424 2583 quod
448 2530 646 2570 morando
673 2544 789 2583 spem
814 2528 1055 2569 destituerit.
1104 2542 1188 2568 non
1213 2527 1418 2577 dubitare,
1452 2528 1488 2569 si

128 2607 226 2632 vera
250 2592 504 2641 deferantur,
544 2591 643 2644 quin
672 2591 804 2645 prima
834 2590 944 2639 lucc,
981 2589 1054 2631 ubi
1083 2596 1254 2630 ventum
1277 2589 1321 2629 in
1351 2589 1487 2631 conci-

128 2653 230 2695 lium
255 2653 324 2703 sit,
362 2654 586 2694 instructus
613 2667 707 2693 cum
733 2653 1037 2693 coniuratorum
1066 2667 1191 2692 manu
1222 2658 1485 2705 armatusque

130 2723 325 2757 venturus
353 2716 415 2756 sit.
465 2715 544 2756 dici
569 2715 799 2770 gladiorum
830 2715 1040 2769 ingentem
1071 2728 1162 2755 esse
1193 2728 1408 2755 numerum
1433 2713 1485 2755 ad

1497 442 1515 470 (J

1507 1740 1525 1768 10

1510 2233 1529 2261 4

1512 2727 1530 2758 6
