<?xml version="1.0" encoding="UTF-8"?>
<!DOCTYPE html PUBLIC "-//W3C//DTD XHTML 1.0 Transitional//EN"
    "http://www.w3.org/TR/xhtml1/DTD/xhtml1-transitional.dtd">
<html xmlns="http://www.w3.org/1999/xhtml" xml:lang="en" lang="en">
 <head>
  <title>
</title>
<meta http-equiv="Content-Type" content="text/html;charset=utf-8" />
  <meta name='ocr-system' content='tesseract 3.04.00' />
  <meta name='ocr-capabilities' content='ocr_page ocr_carea ocr_par ocr_line ocrx_word'/>
</head>
<body>
  <div class='ocr_page' id='page_1' title='image "./aburbeconditalib01livyuoft_0258.png"; bbox 0 0 1835 3226; ppageno 0'>
   <div class='ocr_carea' id='block_1_1' title="bbox 296 1043 311 1070">
    <p class='ocr_par' dir='ltr' id='par_1_1' title="bbox 296 1043 311 1070">
     <span class='ocr_line' id='line_1_1' title="bbox 296 1043 311 1070; textangle 90"><span class='ocrx_word' id='word_1_1' title='bbox 296 1043 311 1070; x_wconf 51' lang='grc' dir='ltr'>λ1</span> 
     </span>
    </p>
   </div>
   <div class='ocr_carea' id='block_1_2' title="bbox 273 1726 313 1817">
    <p class='ocr_par' dir='ltr' id='par_1_2' title="bbox 273 1726 313 1817">
     <span class='ocr_line' id='line_1_2' title="bbox 273 1726 313 1754; baseline -0.025 0"><span class='ocrx_word' id='word_1_2' title='bbox 273 1726 313 1754; x_wconf 85' lang='grc'>10</span> 
     </span>
     <span class='ocr_line' id='line_1_3' title="bbox 273 1790 308 1817; baseline 0 0"><span class='ocrx_word' id='word_1_3' title='bbox 273 1790 308 1817; x_wconf 91' lang='grc'>11</span> 
     </span>
    </p>
   </div>
   <div class='ocr_carea' id='block_1_3' title="bbox 344 178 1388 227">
    <p class='ocr_par' dir='ltr' id='par_1_3' title="bbox 344 178 1388 227">
     <span class='ocr_line' id='line_1_4' title="bbox 344 178 1388 227; baseline 0 -9"><span class='ocrx_word' id='word_1_4' title='bbox 344 178 425 218; x_wconf 72' lang='grc'>120</span> <span class='ocrx_word' id='word_1_5' title='bbox 647 183 799 218; x_wconf 84' lang='lat' dir='ltr'>LIBER</span> <span class='ocrx_word' id='word_1_6' title='bbox 823 182 878 226; x_wconf 90' lang='lat'>11,</span> <span class='ocrx_word' id='word_1_7' title='bbox 898 182 952 216; x_wconf 84' lang='lat'>59.</span> <span class='ocrx_word' id='word_1_8' title='bbox 973 182 1026 216; x_wconf 87' lang='grc'>60.</span> <span class='ocrx_word' id='word_1_9' title='bbox 1054 184 1102 225; x_wconf 89' lang='lat' dir='ltr'>[a.</span> <span class='ocrx_word' id='word_1_10' title='bbox 1116 193 1150 216; x_wconf 85' lang='lat' dir='ltr'>u.</span> <span class='ocrx_word' id='word_1_11' title='bbox 1167 193 1196 216; x_wconf 91' lang='lat' dir='ltr'>c.</span> <span class='ocrx_word' id='word_1_12' title='bbox 1210 183 1287 217; x_wconf 76' lang='lat'>283.</span> <span class='ocrx_word' id='word_1_13' title='bbox 1306 184 1388 227; x_wconf 65' lang='lat'>284]</span> 
     </span>
    </p>
   </div>
   <div class='ocr_carea' id='block_1_4' title="bbox 335 284 1699 2681">
    <p class='ocr_par' dir='ltr' id='par_1_4' title="bbox 336 284 1699 2012">
     <span class='ocr_line' id='line_1_5' title="bbox 339 284 1693 340; baseline -0.001 -11"><span class='ocrx_word' id='word_1_14' title='bbox 339 289 536 329; x_wconf 85' lang='lat' dir='ltr'>infractus</span> <span class='ocrx_word' id='word_1_15' title='bbox 567 286 685 327; x_wconf 83' lang='lat' dir='ltr'>ferox</span> <span class='ocrx_word' id='word_1_16' title='bbox 708 284 839 340; x_wconf 87' lang='lat' dir='ltr'>Appii</span> <span class='ocrx_word' id='word_1_17' title='bbox 869 284 1031 325; x_wconf 82' lang='lat' dir='ltr'>animus</span> <span class='ocrx_word' id='word_1_18' title='bbox 1063 299 1157 325; x_wconf 89' lang='lat' dir='ltr'>cum</span> <span class='ocrx_word' id='word_1_19' title='bbox 1187 285 1356 340; x_wconf 86' lang='lat' dir='ltr'>insuper</span> <span class='ocrx_word' id='word_1_20' title='bbox 1387 286 1543 327; x_wconf 75' lang='lat' dir='ltr'>saevire</span> <span class='ocrx_word' id='word_1_21' title='bbox 1573 287 1693 328; x_wconf 72' lang='lat' dir='ltr'>vellet</span> 
     </span>
     <span class='ocr_line' id='line_1_6' title="bbox 339 347 1693 402; baseline 0 -13"><span class='ocrx_word' id='word_1_22' title='bbox 339 349 653 401; x_wconf 82' lang='lat' dir='ltr'>contionemque</span> <span class='ocrx_word' id='word_1_23' title='bbox 688 347 926 396; x_wconf 81' lang='lat' dir='ltr'>advocaret,</span> <span class='ocrx_word' id='word_1_24' title='bbox 965 353 1211 387; x_wconf 88' lang='lat' dir='ltr'>concurrunt</span> <span class='ocrx_word' id='word_1_25' title='bbox 1247 348 1300 387; x_wconf 91' lang='lat' dir='ltr'>ad</span> <span class='ocrx_word' id='word_1_26' title='bbox 1336 361 1431 388; x_wconf 91' lang='lat' dir='ltr'>eum</span> <span class='ocrx_word' id='word_1_27' title='bbox 1466 347 1591 402; x_wconf 88' lang='lat' dir='ltr'>legati</span> <span class='ocrx_word' id='word_1_28' title='bbox 1627 350 1693 390; x_wconf 88' lang='lat' dir='ltr'>tri-</span> 
     </span>
     <span class='ocr_line' id='line_1_7' title="bbox 338 407 1694 464; baseline 0 -14"><span class='ocrx_word' id='word_1_29' title='bbox 338 410 537 462; x_wconf 90' lang='lat' dir='ltr'>bunique,</span> <span class='ocrx_word' id='word_1_30' title='bbox 574 414 807 458; x_wconf 90' lang='lat' dir='ltr'>monentes,</span> <span class='ocrx_word' id='word_1_31' title='bbox 844 422 895 448; x_wconf 91' lang='lat' dir='ltr'>ne</span> <span class='ocrx_word' id='word_1_32' title='bbox 925 407 1066 461; x_wconf 87' lang='lat' dir='ltr'>utique</span> <span class='ocrx_word' id='word_1_33' title='bbox 1098 408 1273 462; x_wconf 81' lang='lat' dir='ltr'>experiri</span> <span class='ocrx_word' id='word_1_34' title='bbox 1308 409 1430 449; x_wconf 81' lang='lat' dir='ltr'>vellet</span> <span class='ocrx_word' id='word_1_35' title='bbox 1465 409 1694 464; x_wconf 83' lang='lat' dir='ltr'>imperium,</span> 
     </span>
     <span class='ocr_line' id='line_1_8' title="bbox 339 469 1695 526; baseline 0 -14"><span class='ocrx_word' id='word_1_36' title='bbox 339 471 454 512; x_wconf 90' lang='lat' dir='ltr'>cuius</span> <span class='ocrx_word' id='word_1_37' title='bbox 480 470 542 511; x_wconf 86' lang='lat' dir='ltr'>vis</span> <span class='ocrx_word' id='word_1_38' title='bbox 568 470 701 511; x_wconf 90' lang='lat' dir='ltr'>omnis</span> <span class='ocrx_word' id='word_1_39' title='bbox 727 470 771 510; x_wconf 91' lang='lat' dir='ltr'>in</span> <span class='ocrx_word' id='word_1_40' title='bbox 801 484 1007 510; x_wconf 91' lang='lat' dir='ltr'>consensu</span> <span class='ocrx_word' id='word_1_41' title='bbox 1037 469 1342 511; x_wconf 88' lang='lat' dir='ltr'>oboedientium</span> <span class='ocrx_word' id='word_1_42' title='bbox 1374 477 1495 512; x_wconf 86' lang='lat' dir='ltr'>esset.</span> <span class='ocrx_word' id='word_1_43' title='bbox 1543 485 1695 526; x_wconf 85' lang='lat' dir='ltr'>negare</span> 
     </span>
     <span class='ocr_line' id='line_1_9' title="bbox 337 531 1697 587; baseline 0 -14"><span class='ocrx_word' id='word_1_44' title='bbox 337 532 464 587; x_wconf 69' lang='lat' dir='ltr'>wxlgo</span> <span class='ocrx_word' id='word_1_45' title='bbox 489 532 657 581; x_wconf 82' lang='lat' dir='ltr'>milites,</span> <span class='ocrx_word' id='word_1_46' title='bbox 696 546 740 572; x_wconf 92' lang='lat' dir='ltr'>se</span> <span class='ocrx_word' id='word_1_47' title='bbox 771 532 824 572; x_wconf 89' lang='lat' dir='ltr'>ad</span> <span class='ocrx_word' id='word_1_48' title='bbox 855 531 1089 572; x_wconf 90' lang='lat' dir='ltr'>contionem</span> <span class='ocrx_word' id='word_1_49' title='bbox 1118 531 1266 581; x_wconf 89' lang='lat' dir='ltr'>ituros,</span> <span class='ocrx_word' id='word_1_50' title='bbox 1303 532 1543 586; x_wconf 82' lang='lat' dir='ltr'>passimque</span> <span class='ocrx_word' id='word_1_51' title='bbox 1573 547 1697 573; x_wconf 80' lang='lat' dir='ltr'>exau-</span> 
     </span>
     <span class='ocr_line' id='line_1_10' title="bbox 339 593 1698 649; baseline 0 -15"><span class='ocrx_word' id='word_1_52' title='bbox 339 594 417 634; x_wconf 89' lang='lat' dir='ltr'>diri</span> <span class='ocrx_word' id='word_1_53' title='bbox 446 608 570 635; x_wconf 79' lang='lat' dir='ltr'>voces</span> <span class='ocrx_word' id='word_1_54' title='bbox 600 593 917 649; x_wconf 78' lang='lat' dir='ltr'>postulantium,</span> <span class='ocrx_word' id='word_1_55' title='bbox 949 599 995 634; x_wconf 86' lang='lat' dir='ltr'>ut</span> <span class='ocrx_word' id='word_1_56' title='bbox 1019 605 1154 634; x_wconf 81' lang='lat' dir='ltr'>castra</span> <span class='ocrx_word' id='word_1_57' title='bbox 1178 608 1230 634; x_wconf 79' lang='lat' dir='ltr'>ex</span> <span class='ocrx_word' id='word_1_58' title='bbox 1253 593 1407 635; x_wconf 83' lang='lat' dir='ltr'>Volsco</span> <span class='ocrx_word' id='word_1_59' title='bbox 1434 609 1533 649; x_wconf 89' lang='lat' dir='ltr'>agro</span> <span class='ocrx_word' id='word_1_60' title='bbox 1558 608 1698 635; x_wconf 69' lang='lat' dir='ltr'>move-</span> 
     </span>
     <span class='ocr_line' id='line_1_11' title="bbox 338 655 1698 711; baseline 0 -15"><span class='ocrx_word' id='word_1_61' title='bbox 338 662 469 697; x_wconf 91' lang='lat' dir='ltr'>antur.</span> <span class='ocrx_word' id='word_1_62' title='bbox 523 656 686 697; x_wconf 84' lang='lat' dir='ltr'>hostem</span> <span class='ocrx_word' id='word_1_63' title='bbox 721 655 917 696; x_wconf 76' lang='lat' dir='ltr'>victorem</span> <span class='ocrx_word' id='word_1_64' title='bbox 954 655 1078 710; x_wconf 89' lang='lat' dir='ltr'>paulo</span> <span class='ocrx_word' id='word_1_65' title='bbox 1114 663 1208 696; x_wconf 89' lang='lat' dir='ltr'>ante</span> <span class='ocrx_word' id='word_1_66' title='bbox 1243 670 1372 710; x_wconf 87' lang='lat' dir='ltr'>prope</span> <span class='ocrx_word' id='word_1_67' title='bbox 1407 655 1450 696; x_wconf 90' lang='lat' dir='ltr'>in</span> <span class='ocrx_word' id='word_1_68' title='bbox 1484 656 1612 711; x_wconf 89' lang='lat' dir='ltr'>portis</span> <span class='ocrx_word' id='word_1_69' title='bbox 1649 670 1698 696; x_wconf 91' lang='lat' dir='ltr'>ac</span> 
     </span>
     <span class='ocr_line' id='line_1_12' title="bbox 337 717 1698 773; baseline 0 -16"><span class='ocrx_word' id='word_1_70' title='bbox 337 717 445 759; x_wconf 86' lang='lat' dir='ltr'>vallo</span> <span class='ocrx_word' id='word_1_71' title='bbox 470 717 601 759; x_wconf 85' lang='lat' dir='ltr'>fuisse</span> <span class='ocrx_word' id='word_1_72' title='bbox 626 717 888 773; x_wconf 89' lang='lat' dir='ltr'>ingentisque</span> <span class='ocrx_word' id='word_1_73' title='bbox 914 717 1011 758; x_wconf 87' lang='lat' dir='ltr'>mali</span> <span class='ocrx_word' id='word_1_74' title='bbox 1035 732 1117 759; x_wconf 89' lang='lat' dir='ltr'>non</span> <span class='ocrx_word' id='word_1_75' title='bbox 1143 718 1420 772; x_wconf 87' lang='lat' dir='ltr'>suspicionem</span> <span class='ocrx_word' id='word_1_76' title='bbox 1449 718 1592 767; x_wconf 84' lang='lat' dir='ltr'>modo,</span> <span class='ocrx_word' id='word_1_77' title='bbox 1625 718 1698 759; x_wconf 83' lang='lat' dir='ltr'>sed</span> 
     </span>
     <span class='ocr_line' id='line_1_13' title="bbox 339 779 1696 834; baseline 0 -14"><span class='ocrx_word' id='word_1_78' title='bbox 339 787 523 834; x_wconf 85' lang='lat' dir='ltr'>apertam</span> <span class='ocrx_word' id='word_1_79' title='bbox 561 780 742 834; x_wconf 88' lang='lat' dir='ltr'>speciem</span> <span class='ocrx_word' id='word_1_80' title='bbox 777 779 988 820; x_wconf 83' lang='lat' dir='ltr'>obversari</span> <span class='ocrx_word' id='word_1_81' title='bbox 1024 785 1118 820; x_wconf 88' lang='lat' dir='ltr'>ante</span> <span class='ocrx_word' id='word_1_82' title='bbox 1149 779 1304 820; x_wconf 81' lang='lat' dir='ltr'>oculos.</span> <span class='ocrx_word' id='word_1_83' title='bbox 1352 780 1486 820; x_wconf 66' lang='lat' dir='ltr'>victus</span> <span class='ocrx_word' id='word_1_84' title='bbox 1517 779 1696 829; x_wconf 88' lang='lat' dir='ltr'>tandem,</span> 
     </span>
     <span class='ocr_line' id='line_1_14' title="bbox 337 841 1696 896; baseline 0 -14"><span class='ocrx_word' id='word_1_85' title='bbox 337 842 671 896; x_wconf 89' lang='lat' dir='ltr'>quandoquidem</span> <span class='ocrx_word' id='word_1_86' title='bbox 706 841 809 882; x_wconf 84' lang='lat' dir='ltr'>nihil</span> <span class='ocrx_word' id='word_1_87' title='bbox 849 847 1011 896; x_wconf 83' lang='lat' dir='ltr'>praeter</span> <span class='ocrx_word' id='word_1_88' title='bbox 1051 847 1214 895; x_wconf 90' lang='lat' dir='ltr'>tempus</span> <span class='ocrx_word' id='word_1_89' title='bbox 1255 856 1388 882; x_wconf 74' lang='lat' dir='ltr'>noxae</span> <span class='ocrx_word' id='word_1_90' title='bbox 1430 841 1696 891; x_wconf 83' lang='lat' dir='ltr'>lucrarentur,</span> 
     </span>
     <span class='ocr_line' id='line_1_15' title="bbox 337 903 1698 957; baseline -0.001 -12"><span class='ocrx_word' id='word_1_91' title='bbox 337 904 512 946; x_wconf 88' lang='lat' dir='ltr'>remissa</span> <span class='ocrx_word' id='word_1_92' title='bbox 542 904 731 945; x_wconf 88' lang='lat' dir='ltr'>contione</span> <span class='ocrx_word' id='word_1_93' title='bbox 786 904 864 944; x_wconf 89' lang='lat' dir='ltr'>iter</span> <span class='ocrx_word' id='word_1_94' title='bbox 898 903 942 944; x_wconf 86' lang='lat' dir='ltr'>in</span> <span class='ocrx_word' id='word_1_95' title='bbox 976 903 1262 956; x_wconf 83' lang='lat' dir='ltr'>insequentem</span> <span class='ocrx_word' id='word_1_96' title='bbox 1299 904 1408 944; x_wconf 89' lang='lat' dir='ltr'>diem</span> <span class='ocrx_word' id='word_1_97' title='bbox 1445 903 1698 957; x_wconf 84' lang='lat' dir='ltr'>pronuntiari</span> 
     </span>
     <span class='ocr_line' id='line_1_16' title="bbox 338 965 1697 1021; baseline -0.001 -15"><span class='ocrx_word' id='word_1_98' title='bbox 338 981 432 1007; x_wconf 91' lang='lat' dir='ltr'>cum</span> <span class='ocrx_word' id='word_1_99' title='bbox 469 966 678 1015; x_wconf 89' lang='lat' dir='ltr'>iussisset,</span> <span class='ocrx_word' id='word_1_100' title='bbox 727 965 860 1020; x_wconf 84' lang='lat' dir='ltr'>prima</span> <span class='ocrx_word' id='word_1_101' title='bbox 896 965 987 1006; x_wconf 91' lang='lat' dir='ltr'>luce</span> <span class='ocrx_word' id='word_1_102' title='bbox 1023 965 1197 1006; x_wconf 91' lang='lat' dir='ltr'>classico</span> <span class='ocrx_word' id='word_1_103' title='bbox 1233 965 1398 1021; x_wconf 85' lang='lat' dir='ltr'>signum</span> <span class='ocrx_word' id='word_1_104' title='bbox 1432 965 1697 1019; x_wconf 85' lang='lat' dir='ltr'>profectionis</span> 
     </span>
     <span class='ocr_line' id='line_1_17' title="bbox 338 1026 1698 1082; baseline -0.001 -13"><span class='ocrx_word' id='word_1_105' title='bbox 338 1029 462 1069; x_wconf 84' lang='lat' dir='ltr'>dedit.</span> <span class='ocrx_word' id='word_1_106' title='bbox 517 1043 610 1069; x_wconf 89' lang='lat' dir='ltr'>cum</span> <span class='ocrx_word' id='word_1_107' title='bbox 635 1028 815 1068; x_wconf 77' lang='lat' dir='ltr'>maxime</span> <span class='ocrx_word' id='word_1_108' title='bbox 841 1041 991 1082; x_wconf 81' lang='lat' dir='ltr'>agmen</span> <span class='ocrx_word' id='word_1_109' title='bbox 1016 1041 1038 1068; x_wconf 91' lang='lat' dir='ltr'>e</span> <span class='ocrx_word' id='word_1_110' title='bbox 1063 1028 1207 1068; x_wconf 89' lang='lat' dir='ltr'>castris</span> <span class='ocrx_word' id='word_1_111' title='bbox 1233 1027 1516 1082; x_wconf 71' lang='lat' dir='ltr'>explicaretur,</span> <span class='ocrx_word' id='word_1_112' title='bbox 1542 1026 1698 1076; x_wconf 82' lang='lat' dir='ltr'>Volsci,</span> 
     </span>
     <span class='ocr_line' id='line_1_18' title="bbox 337 1089 1698 1145; baseline 0 -15"><span class='ocrx_word' id='word_1_113' title='bbox 337 1097 381 1130; x_wconf 88' lang='lat' dir='ltr'>ut</span> <span class='ocrx_word' id='word_1_114' title='bbox 407 1090 553 1130; x_wconf 88' lang='lat' dir='ltr'>eodem</span> <span class='ocrx_word' id='word_1_115' title='bbox 578 1090 697 1145; x_wconf 85' lang='lat' dir='ltr'>signo</span> <span class='ocrx_word' id='word_1_116' title='bbox 723 1089 906 1138; x_wconf 75' lang='lat' dir='ltr'>excitati,</span> <span class='ocrx_word' id='word_1_117' title='bbox 931 1089 1180 1130; x_wconf 73' lang='lat' dir='ltr'>novissimos</span> <span class='ocrx_word' id='word_1_118' title='bbox 1206 1090 1456 1131; x_wconf 88' lang='lat' dir='ltr'>adoriuntur.</span> <span class='ocrx_word' id='word_1_119' title='bbox 1501 1107 1525 1132; x_wconf 85' lang='lat' dir='ltr'>a</span> <span class='ocrx_word' id='word_1_120' title='bbox 1549 1089 1698 1144; x_wconf 90' lang='lat' dir='ltr'>quibus</span> 
     </span>
     <span class='ocr_line' id='line_1_19' title="bbox 337 1151 1697 1207; baseline 0 -15"><span class='ocrx_word' id='word_1_121' title='bbox 337 1151 518 1206; x_wconf 87' lang='lat' dir='ltr'>perlatus</span> <span class='ocrx_word' id='word_1_122' title='bbox 540 1152 592 1192; x_wconf 87' lang='lat' dir='ltr'>ad</span> <span class='ocrx_word' id='word_1_123' title='bbox 611 1152 764 1206; x_wconf 88' lang='lat' dir='ltr'>primos</span> <span class='ocrx_word' id='word_1_124' title='bbox 785 1151 985 1192; x_wconf 80' lang='lat' dir='ltr'>tumultus</span> <span class='ocrx_word' id='word_1_125' title='bbox 1005 1165 1053 1191; x_wconf 89' lang='lat' dir='ltr'>co</span> <span class='ocrx_word' id='word_1_126' title='bbox 1071 1166 1224 1205; x_wconf 74' lang='lat' dir='ltr'>pavore</span> <span class='ocrx_word' id='word_1_127' title='bbox 1245 1152 1445 1207; x_wconf 86' lang='lat' dir='ltr'>signaque</span> <span class='ocrx_word' id='word_1_128' title='bbox 1471 1161 1511 1193; x_wconf 84' lang='lat' dir='ltr'>et</span> <span class='ocrx_word' id='word_1_129' title='bbox 1535 1153 1697 1193; x_wconf 81' lang='lat' dir='ltr'>ordines</span> 
     </span>
     <span class='ocr_line' id='line_1_20' title="bbox 338 1213 1697 1267; baseline 0 -13"><span class='ocrx_word' id='word_1_130' title='bbox 338 1213 536 1263; x_wconf 80' lang='lat' dir='ltr'>turbavit,</span> <span class='ocrx_word' id='word_1_131' title='bbox 576 1220 622 1253; x_wconf 86' lang='lat' dir='ltr'>ut</span> <span class='ocrx_word' id='word_1_132' title='bbox 652 1227 784 1266; x_wconf 87' lang='lat' dir='ltr'>neque</span> <span class='ocrx_word' id='word_1_133' title='bbox 814 1213 986 1267; x_wconf 89' lang='lat' dir='ltr'>imperia</span> <span class='ocrx_word' id='word_1_134' title='bbox 1017 1213 1202 1254; x_wconf 70' lang='lat' dir='ltr'>exaiuliri</span> <span class='ocrx_word' id='word_1_135' title='bbox 1238 1228 1369 1267; x_wconf 87' lang='lat' dir='ltr'>neque</span> <span class='ocrx_word' id='word_1_136' title='bbox 1406 1214 1553 1254; x_wconf 85' lang='lat' dir='ltr'>instrui</span> <span class='ocrx_word' id='word_1_137' title='bbox 1588 1214 1697 1254; x_wconf 85' lang='lat' dir='ltr'>acies</span> 
     </span>
     <span class='ocr_line' id='line_1_21' title="bbox 339 1274 1697 1331; baseline -0.002 -13"><span class='ocrx_word' id='word_1_138' title='bbox 339 1282 491 1331; x_wconf 86' lang='lat' dir='ltr'>posset.</span> <span class='ocrx_word' id='word_1_139' title='bbox 534 1290 655 1317; x_wconf 91' lang='lat' dir='ltr'>nemo</span> <span class='ocrx_word' id='word_1_140' title='bbox 679 1275 802 1316; x_wconf 89' lang='lat' dir='ltr'>ullius</span> <span class='ocrx_word' id='word_1_141' title='bbox 827 1275 907 1316; x_wconf 89' lang='lat' dir='ltr'>nisi</span> <span class='ocrx_word' id='word_1_142' title='bbox 931 1274 1057 1330; x_wconf 84' lang='lat' dir='ltr'>fugae</span> <span class='ocrx_word' id='word_1_143' title='bbox 1081 1290 1250 1317; x_wconf 88' lang='lat' dir='ltr'>memor.</span> <span class='ocrx_word' id='word_1_144' title='bbox 1294 1276 1351 1316; x_wconf 86' lang='lat' dir='ltr'>ita</span> <span class='ocrx_word' id='word_1_145' title='bbox 1376 1276 1509 1317; x_wconf 84' lang='lat' dir='ltr'>effuso</span> <span class='ocrx_word' id='word_1_146' title='bbox 1534 1276 1697 1330; x_wconf 78' lang='lat' dir='ltr'>agmine</span> 
     </span>
     <span class='ocr_line' id='line_1_22' title="bbox 339 1338 1696 1393; baseline -0.001 -14"><span class='ocrx_word' id='word_1_147' title='bbox 339 1353 412 1393; x_wconf 86' lang='lat' dir='ltr'>per</span> <span class='ocrx_word' id='word_1_148' title='bbox 448 1345 628 1393; x_wconf 88' lang='lat' dir='ltr'>stragem</span> <span class='ocrx_word' id='word_1_149' title='bbox 670 1352 887 1392; x_wconf 90' lang='lat' dir='ltr'>corporum</span> <span class='ocrx_word' id='word_1_150' title='bbox 931 1352 1220 1391; x_wconf 86' lang='lat' dir='ltr'>armorumque</span> <span class='ocrx_word' id='word_1_151' title='bbox 1263 1352 1449 1387; x_wconf 78' lang='lat' dir='ltr'>evasere,</span> <span class='ocrx_word' id='word_1_152' title='bbox 1498 1346 1543 1378; x_wconf 86' lang='lat' dir='ltr'>ut</span> <span class='ocrx_word' id='word_1_153' title='bbox 1584 1338 1696 1392; x_wconf 88' lang='lat' dir='ltr'>prius</span> 
     </span>
     <span class='ocr_line' id='line_1_23' title="bbox 338 1399 1697 1456; baseline 0 -15"><span class='ocrx_word' id='word_1_154' title='bbox 338 1400 468 1441; x_wconf 88' lang='lat' dir='ltr'>hostis</span> <span class='ocrx_word' id='word_1_155' title='bbox 505 1400 720 1441; x_wconf 85' lang='lat' dir='ltr'>desisteret</span> <span class='ocrx_word' id='word_1_156' title='bbox 757 1400 875 1453; x_wconf 88' lang='lat' dir='ltr'>sequi</span> <span class='ocrx_word' id='word_1_157' title='bbox 911 1414 1035 1453; x_wconf 85' lang='lat' dir='ltr'>quam</span> <span class='ocrx_word' id='word_1_158' title='bbox 1065 1399 1279 1440; x_wconf 84' lang='lat' dir='ltr'>Romanus</span> <span class='ocrx_word' id='word_1_159' title='bbox 1310 1400 1469 1456; x_wconf 83' lang='lat' dir='ltr'>fugere.</span> <span class='ocrx_word' id='word_1_160' title='bbox 1531 1401 1697 1441; x_wconf 87' lang='lat' dir='ltr'>tandem</span> 
     </span>
     <span class='ocr_line' id='line_1_24' title="bbox 338 1461 1698 1516; baseline -0.001 -13"><span class='ocrx_word' id='word_1_161' title='bbox 338 1462 518 1503; x_wconf 81' lang='lat' dir='ltr'>collectis</span> <span class='ocrx_word' id='word_1_162' title='bbox 545 1476 595 1503; x_wconf 82' lang='lat' dir='ltr'>ex</span> <span class='ocrx_word' id='word_1_163' title='bbox 620 1461 820 1516; x_wconf 88' lang='lat' dir='ltr'>dissipato</span> <span class='ocrx_word' id='word_1_164' title='bbox 846 1476 970 1502; x_wconf 85' lang='lat' dir='ltr'>cursu</span> <span class='ocrx_word' id='word_1_165' title='bbox 1000 1461 1197 1503; x_wconf 84' lang='lat' dir='ltr'>militibus</span> <span class='ocrx_word' id='word_1_166' title='bbox 1255 1462 1417 1511; x_wconf 88' lang='lat' dir='ltr'>consul,</span> <span class='ocrx_word' id='word_1_167' title='bbox 1456 1477 1550 1503; x_wconf 87' lang='lat' dir='ltr'>cum</span> <span class='ocrx_word' id='word_1_168' title='bbox 1579 1476 1698 1503; x_wconf 80' lang='lat' dir='ltr'>revo-</span> 
     </span>
     <span class='ocr_line' id='line_1_25' title="bbox 338 1523 1698 1578; baseline -0.001 -13"><span class='ocrx_word' id='word_1_169' title='bbox 338 1524 469 1565; x_wconf 89' lang='lat' dir='ltr'>cando</span> <span class='ocrx_word' id='word_1_170' title='bbox 505 1523 756 1576; x_wconf 83' lang='lat' dir='ltr'>nequiquam</span> <span class='ocrx_word' id='word_1_171' title='bbox 787 1538 883 1564; x_wconf 89' lang='lat' dir='ltr'>suos</span> <span class='ocrx_word' id='word_1_172' title='bbox 913 1529 1155 1578; x_wconf 89' lang='lat' dir='ltr'>persecutus</span> <span class='ocrx_word' id='word_1_173' title='bbox 1187 1530 1313 1573; x_wconf 86' lang='lat' dir='ltr'>esset,</span> <span class='ocrx_word' id='word_1_174' title='bbox 1350 1524 1393 1564; x_wconf 88' lang='lat' dir='ltr'>in</span> <span class='ocrx_word' id='word_1_175' title='bbox 1421 1530 1568 1578; x_wconf 88' lang='lat' dir='ltr'>pacato</span> <span class='ocrx_word' id='word_1_176' title='bbox 1599 1538 1698 1578; x_wconf 85' lang='lat' dir='ltr'>agro</span> 
     </span>
     <span class='ocr_line' id='line_1_26' title="bbox 337 1585 1697 1639; baseline -0.001 -12"><span class='ocrx_word' id='word_1_177' title='bbox 337 1592 472 1627; x_wconf 87' lang='lat' dir='ltr'>castra</span> <span class='ocrx_word' id='word_1_178' title='bbox 506 1585 644 1639; x_wconf 86' lang='lat' dir='ltr'>posuit</span> <span class='ocrx_word' id='word_1_179' title='bbox 680 1585 962 1638; x_wconf 86' lang='lat' dir='ltr'>advocataque</span> <span class='ocrx_word' id='word_1_180' title='bbox 999 1585 1188 1625; x_wconf 89' lang='lat' dir='ltr'>contione</span> <span class='ocrx_word' id='word_1_181' title='bbox 1223 1585 1410 1626; x_wconf 69' lang='lat' dir='ltr'>invectus</span> <span class='ocrx_word' id='word_1_182' title='bbox 1446 1586 1558 1626; x_wconf 84' lang='lat' dir='ltr'>haud</span> <span class='ocrx_word' id='word_1_183' title='bbox 1592 1585 1697 1626; x_wconf 85' lang='lat' dir='ltr'>falso</span> 
     </span>
     <span class='ocr_line' id='line_1_27' title="bbox 337 1646 1697 1702; baseline -0.001 -14"><span class='ocrx_word' id='word_1_184' title='bbox 337 1649 380 1688; x_wconf 91' lang='lat' dir='ltr'>in</span> <span class='ocrx_word' id='word_1_185' title='bbox 403 1647 653 1702; x_wconf 84' lang='lat' dir='ltr'>proditorem</span> <span class='ocrx_word' id='word_1_186' title='bbox 679 1647 905 1687; x_wconf 78' lang='lat' dir='ltr'>exercitum</span> <span class='ocrx_word' id='word_1_187' title='bbox 935 1646 1120 1687; x_wconf 88' lang='lat' dir='ltr'>militaris</span> <span class='ocrx_word' id='word_1_188' title='bbox 1152 1646 1411 1701; x_wconf 86' lang='lat' dir='ltr'>disciplinae,</span> <span class='ocrx_word' id='word_1_189' title='bbox 1449 1647 1697 1688; x_wconf 86' lang='lat' dir='ltr'>desertorem</span> 
     </span>
     <span class='ocr_line' id='line_1_28' title="bbox 340 1707 1696 1765; baseline -0.001 -15"><span class='ocrx_word' id='word_1_190' title='bbox 340 1710 571 1765; x_wconf 88' lang='lat' dir='ltr'>signorum,</span> <span class='ocrx_word' id='word_1_191' title='bbox 597 1708 669 1749; x_wconf 89' lang='lat' dir='ltr'>ubi</span> <span class='ocrx_word' id='word_1_192' title='bbox 696 1708 833 1763; x_wconf 88' lang='lat' dir='ltr'>signa,</span> <span class='ocrx_word' id='word_1_193' title='bbox 864 1707 937 1749; x_wconf 87' lang='lat' dir='ltr'>ubi</span> <span class='ocrx_word' id='word_1_194' title='bbox 962 1723 1076 1748; x_wconf 88' lang='lat' dir='ltr'>arma</span> <span class='ocrx_word' id='word_1_195' title='bbox 1101 1715 1257 1758; x_wconf 85' lang='lat' dir='ltr'>essent,</span> <span class='ocrx_word' id='word_1_196' title='bbox 1291 1708 1475 1763; x_wconf 85' lang='lat' dir='ltr'>singulos</span> <span class='ocrx_word' id='word_1_197' title='bbox 1500 1709 1696 1763; x_wconf 85' lang='lat' dir='ltr'>rogitans,</span> 
     </span>
     <span class='ocr_line' id='line_1_29' title="bbox 336 1769 1699 1825; baseline -0.001 -13"><span class='ocrx_word' id='word_1_198' title='bbox 336 1773 513 1813; x_wconf 89' lang='lat' dir='ltr'>inermes</span> <span class='ocrx_word' id='word_1_199' title='bbox 535 1770 705 1820; x_wconf 88' lang='lat' dir='ltr'>milites,</span> <span class='ocrx_word' id='word_1_200' title='bbox 733 1770 851 1825; x_wconf 88' lang='lat' dir='ltr'>signo</span> <span class='ocrx_word' id='word_1_201' title='bbox 871 1769 1024 1810; x_wconf 87' lang='lat' dir='ltr'>amisso</span> <span class='ocrx_word' id='word_1_202' title='bbox 1051 1769 1289 1825; x_wconf 80' lang='lat' dir='ltr'>signiferos,</span> <span class='ocrx_word' id='word_1_203' title='bbox 1317 1770 1369 1810; x_wconf 88' lang='lat' dir='ltr'>ad</span> <span class='ocrx_word' id='word_1_204' title='bbox 1393 1770 1471 1811; x_wconf 92' lang='lat' dir='ltr'>hoe</span> <span class='ocrx_word' id='word_1_205' title='bbox 1497 1771 1699 1811; x_wconf 90' lang='lat' dir='ltr'>centurio-</span> 
     </span>
     <span class='ocr_line' id='line_1_30' title="bbox 336 1832 1697 1888; baseline -0.001 -12"><span class='ocrx_word' id='word_1_206' title='bbox 336 1849 409 1876; x_wconf 90' lang='lat' dir='ltr'>nes</span> <span class='ocrx_word' id='word_1_207' title='bbox 436 1832 785 1888; x_wconf 85' lang='lat' dir='ltr'>duplicariosque,</span> <span class='ocrx_word' id='word_1_208' title='bbox 818 1832 889 1886; x_wconf 89' lang='lat' dir='ltr'>qui</span> <span class='ocrx_word' id='word_1_209' title='bbox 912 1832 1162 1885; x_wconf 82' lang='lat' dir='ltr'>reliquerant</span> <span class='ocrx_word' id='word_1_210' title='bbox 1186 1832 1368 1882; x_wconf 89' lang='lat' dir='ltr'>ordines,</span> <span class='ocrx_word' id='word_1_211' title='bbox 1400 1832 1527 1887; x_wconf 80' lang='lat' dir='ltr'>virgis</span> <span class='ocrx_word' id='word_1_212' title='bbox 1553 1847 1697 1874; x_wconf 89' lang='lat' dir='ltr'>caesos</span> 
     </span>
     <span class='ocr_line' id='line_1_31' title="bbox 339 1894 1698 1950; baseline -0.003 -11"><span class='ocrx_word' id='word_1_213' title='bbox 339 1896 473 1939; x_wconf 89' lang='lat' dir='ltr'>securi</span> <span class='ocrx_word' id='word_1_214' title='bbox 503 1895 726 1950; x_wconf 85' lang='lat' dir='ltr'>percussit3</span> <span class='ocrx_word' id='word_1_215' title='bbox 765 1901 899 1936; x_wconf 89' lang='lat' dir='ltr'>cetera</span> <span class='ocrx_word' id='word_1_216' title='bbox 928 1894 1148 1936; x_wconf 90' lang='lat' dir='ltr'>multitudo</span> <span class='ocrx_word' id='word_1_217' title='bbox 1180 1901 1288 1936; x_wconf 91' lang='lat' dir='ltr'>sorte</span> <span class='ocrx_word' id='word_1_218' title='bbox 1313 1894 1497 1936; x_wconf 85' lang='lat' dir='ltr'>decimus</span> <span class='ocrx_word' id='word_1_219' title='bbox 1523 1895 1698 1949; x_wconf 88' lang='lat' dir='ltr'>quisque</span> 
     </span>
     <span class='ocr_line' id='line_1_32' title="bbox 339 1956 798 2012; baseline -0.004 -13"><span class='ocrx_word' id='word_1_220' title='bbox 339 1959 392 1999; x_wconf 87' lang='lat' dir='ltr'>ad</span> <span class='ocrx_word' id='word_1_221' title='bbox 418 1957 665 2012; x_wconf 88' lang='lat' dir='ltr'>supplicium</span> <span class='ocrx_word' id='word_1_222' title='bbox 690 1956 798 1998; x_wconf 88' lang='lat' dir='ltr'>lecti.</span> 
     </span>
    </p>

    <p class='ocr_par' dir='ltr' id='par_1_5' title="bbox 335 2018 1698 2681">
     <span class='ocr_line' id='line_1_33' title="bbox 420 2018 1697 2073; baseline -0.001 -12"><span class='ocrx_word' id='word_1_223' title='bbox 420 2020 523 2061; x_wconf 90' lang='lat' dir='ltr'>LX.</span> <span class='ocrx_word' id='word_1_224' title='bbox 574 2019 732 2061; x_wconf 84' lang='lat' dir='ltr'>Contra</span> <span class='ocrx_word' id='word_1_225' title='bbox 761 2034 810 2060; x_wconf 82' lang='lat' dir='ltr'>ea</span> <span class='ocrx_word' id='word_1_226' title='bbox 838 2020 881 2060; x_wconf 92' lang='lat' dir='ltr'>in</span> <span class='ocrx_word' id='word_1_227' title='bbox 904 2018 1066 2073; x_wconf 87' lang='lat' dir='ltr'>Aequis</span> <span class='ocrx_word' id='word_1_228' title='bbox 1096 2020 1202 2061; x_wconf 89' lang='lat' dir='ltr'>inter</span> <span class='ocrx_word' id='word_1_229' title='bbox 1233 2019 1444 2061; x_wconf 88' lang='lat' dir='ltr'>consulem</span> <span class='ocrx_word' id='word_1_230' title='bbox 1475 2034 1523 2061; x_wconf 89' lang='lat' dir='ltr'>ac</span> <span class='ocrx_word' id='word_1_231' title='bbox 1547 2020 1697 2061; x_wconf 87' lang='lat' dir='ltr'>milites</span> 
     </span>
     <span class='ocr_line' id='line_1_34' title="bbox 338 2081 1696 2134; baseline 0 -11"><span class='ocrx_word' id='word_1_232' title='bbox 338 2083 529 2124; x_wconf 89' lang='lat' dir='ltr'>comitate</span> <span class='ocrx_word' id='word_1_233' title='bbox 559 2096 608 2123; x_wconf 87' lang='lat' dir='ltr'>ac</span> <span class='ocrx_word' id='word_1_234' title='bbox 626 2081 848 2123; x_wconf 57' lang='lat' dir='ltr'>‘beneficiis</span> <span class='ocrx_word' id='word_1_235' title='bbox 880 2088 1079 2122; x_wconf 84' lang='lat' dir='ltr'>certatum</span> <span class='ocrx_word' id='word_1_236' title='bbox 1111 2088 1185 2123; x_wconf 88' lang='lat' dir='ltr'>est.</span> <span class='ocrx_word' id='word_1_237' title='bbox 1234 2089 1274 2123; x_wconf 88' lang='lat' dir='ltr'>et</span> <span class='ocrx_word' id='word_1_238' title='bbox 1304 2089 1449 2122; x_wconf 88' lang='lat' dir='ltr'>natura</span> <span class='ocrx_word' id='word_1_239' title='bbox 1475 2081 1696 2134; x_wconf 81' lang='lat' dir='ltr'>Quinctius</span> 
     </span>
     <span class='ocr_line' id='line_1_35' title="bbox 336 2143 1697 2198; baseline -0.002 -12"><span class='ocrx_word' id='word_1_240' title='bbox 336 2151 423 2186; x_wconf 85' lang='lat' dir='ltr'>erat</span> <span class='ocrx_word' id='word_1_241' title='bbox 445 2144 575 2185; x_wconf 91' lang='lat' dir='ltr'>lenior</span> <span class='ocrx_word' id='word_1_242' title='bbox 599 2150 639 2185; x_wconf 88' lang='lat' dir='ltr'>et</span> <span class='ocrx_word' id='word_1_243' title='bbox 685 2144 857 2186; x_wconf 73' lang='lat' dir='ltr'>saevitia</span> <span class='ocrx_word' id='word_1_244' title='bbox 880 2143 1025 2184; x_wconf 82' lang='lat' dir='ltr'>infelix</span> <span class='ocrx_word' id='word_1_245' title='bbox 1044 2144 1244 2198; x_wconf 82' lang='lat' dir='ltr'>collegae,</span> <span class='ocrx_word' id='word_1_246' title='bbox 1271 2158 1352 2197; x_wconf 88' lang='lat' dir='ltr'>quo</span> <span class='ocrx_word' id='word_1_247' title='bbox 1377 2144 1412 2184; x_wconf 90' lang='lat' dir='ltr'>is</span> <span class='ocrx_word' id='word_1_248' title='bbox 1437 2143 1570 2198; x_wconf 85' lang='lat' dir='ltr'>magis</span> <span class='ocrx_word' id='word_1_249' title='bbox 1596 2158 1697 2198; x_wconf 87' lang='lat' dir='ltr'>gau-</span> 
     </span>
     <span class='ocr_line' id='line_1_36' title="bbox 338 2205 1695 2262; baseline -0.001 -15"><span class='ocrx_word' id='word_1_250' title='bbox 338 2207 452 2248; x_wconf 86' lang='lat' dir='ltr'>deret</span> <span class='ocrx_word' id='word_1_251' title='bbox 474 2206 642 2262; x_wconf 91' lang='lat' dir='ltr'>ingenio</span> <span class='ocrx_word' id='word_1_252' title='bbox 669 2221 762 2256; x_wconf 90' lang='lat' dir='ltr'>suo,</span> <span class='ocrx_word' id='word_1_253' title='bbox 789 2205 994 2246; x_wconf 84' lang='lat' dir='ltr'>effecerat.</span> <span class='ocrx_word' id='word_1_254' title='bbox 1031 2205 1127 2246; x_wconf 89' lang='lat' dir='ltr'>huic</span> <span class='ocrx_word' id='word_1_255' title='bbox 1152 2212 1288 2247; x_wconf 87' lang='lat' dir='ltr'>tantae</span> <span class='ocrx_word' id='word_1_256' title='bbox 1314 2206 1555 2247; x_wconf 89' lang='lat' dir='ltr'>concordiae</span> <span class='ocrx_word' id='word_1_257' title='bbox 1580 2206 1695 2246; x_wconf 83' lang='lat' dir='ltr'>ducis</span> 
     </span>
     <span class='ocr_line' id='line_1_37' title="bbox 336 2267 1698 2323; baseline -0.001 -13"><span class='ocrx_word' id='word_1_258' title='bbox 336 2269 622 2322; x_wconf 83' lang='lat' dir='ltr'>exercitusque</span> <span class='ocrx_word' id='word_1_259' title='bbox 658 2283 743 2309; x_wconf 89' lang='lat' dir='ltr'>non</span> <span class='ocrx_word' id='word_1_260' title='bbox 779 2267 868 2309; x_wconf 87' lang='lat' dir='ltr'>ausi</span> <span class='ocrx_word' id='word_1_261' title='bbox 905 2267 1052 2308; x_wconf 87' lang='lat' dir='ltr'>offerre</span> <span class='ocrx_word' id='word_1_262' title='bbox 1084 2282 1128 2308; x_wconf 90' lang='lat' dir='ltr'>se</span> <span class='ocrx_word' id='word_1_263' title='bbox 1158 2267 1316 2322; x_wconf 87' lang='lat' dir='ltr'>Aequi,</span> <span class='ocrx_word' id='word_1_264' title='bbox 1353 2268 1496 2323; x_wconf 74' lang='lat' dir='ltr'>vagari</span> <span class='ocrx_word' id='word_1_265' title='bbox 1525 2267 1698 2322; x_wconf 87' lang='lat' dir='ltr'>popula-</span> 
     </span>
     <span class='ocr_line' id='line_1_38' title="bbox 335 2329 1695 2385; baseline 0 -14"><span class='ocrx_word' id='word_1_266' title='bbox 335 2330 521 2372; x_wconf 88' lang='lat' dir='ltr'>bundum</span> <span class='ocrx_word' id='word_1_267' title='bbox 544 2330 707 2372; x_wconf 90' lang='lat' dir='ltr'>hostem</span> <span class='ocrx_word' id='word_1_268' title='bbox 731 2344 805 2385; x_wconf 87' lang='lat' dir='ltr'>per</span> <span class='ocrx_word' id='word_1_269' title='bbox 829 2344 951 2385; x_wconf 89' lang='lat' dir='ltr'>agros</span> <span class='ocrx_word' id='word_1_270' title='bbox 976 2329 1089 2384; x_wconf 87' lang='lat' dir='ltr'>passi</span> <span class='ocrx_word' id='word_1_271' title='bbox 1098 2345 1108 2379; x_wconf 91' lang='lat'>;</span> <span class='ocrx_word' id='word_1_272' title='bbox 1133 2344 1208 2371; x_wconf 93' lang='lat' dir='ltr'>nec</span> <span class='ocrx_word' id='word_1_273' title='bbox 1233 2330 1317 2371; x_wconf 91' lang='lat' dir='ltr'>ullo</span> <span class='ocrx_word' id='word_1_274' title='bbox 1337 2337 1429 2371; x_wconf 90' lang='lat' dir='ltr'>ante</span> <span class='ocrx_word' id='word_1_275' title='bbox 1448 2329 1556 2370; x_wconf 89' lang='lat' dir='ltr'>bello</span> <span class='ocrx_word' id='word_1_276' title='bbox 1574 2329 1695 2371; x_wconf 88' lang='lat' dir='ltr'>latius</span> 
     </span>
     <span class='ocr_line' id='line_1_39' title="bbox 337 2391 1696 2447; baseline -0.001 -14"><span class='ocrx_word' id='word_1_277' title='bbox 337 2392 432 2433; x_wconf 89' lang='lat' dir='ltr'>inde</span> <span class='ocrx_word' id='word_1_278' title='bbox 458 2398 573 2433; x_wconf 87' lang='lat' dir='ltr'>actae</span> <span class='ocrx_word' id='word_1_279' title='bbox 597 2392 788 2447; x_wconf 88' lang='lat' dir='ltr'>praedae.</span> <span class='ocrx_word' id='word_1_280' title='bbox 827 2406 875 2432; x_wconf 85' lang='lat' dir='ltr'>ea</span> <span class='ocrx_word' id='word_1_281' title='bbox 901 2391 1033 2432; x_wconf 89' lang='lat' dir='ltr'>omnis</span> <span class='ocrx_word' id='word_1_282' title='bbox 1059 2391 1177 2432; x_wconf 88' lang='lat' dir='ltr'>militi</span> <span class='ocrx_word' id='word_1_283' title='bbox 1202 2392 1297 2433; x_wconf 85' lang='lat' dir='ltr'>data</span> <span class='ocrx_word' id='word_1_284' title='bbox 1323 2398 1397 2432; x_wconf 81' lang='lat' dir='ltr'>est.</span> <span class='ocrx_word' id='word_1_285' title='bbox 1440 2391 1696 2432; x_wconf 77' lang='lat' dir='ltr'>addebant-ur</span> 
     </span>
     <span class='ocr_line' id='line_1_40' title="bbox 337 2453 1696 2508; baseline -0.001 -13"><span class='ocrx_word' id='word_1_286' title='bbox 337 2461 375 2494; x_wconf 85' lang='lat' dir='ltr'>et</span> <span class='ocrx_word' id='word_1_287' title='bbox 394 2454 556 2503; x_wconf 87' lang='lat' dir='ltr'>laudes,</span> <span class='ocrx_word' id='word_1_288' title='bbox 583 2454 734 2507; x_wconf 88' lang='lat' dir='ltr'>quibus</span> <span class='ocrx_word' id='word_1_289' title='bbox 758 2454 871 2494; x_wconf 87' lang='lat' dir='ltr'>haud</span> <span class='ocrx_word' id='word_1_290' title='bbox 895 2454 1030 2494; x_wconf 82' lang='lat' dir='ltr'>minus</span> <span class='ocrx_word' id='word_1_291' title='bbox 1057 2468 1182 2506; x_wconf 85' lang='lat' dir='ltr'>quam</span> <span class='ocrx_word' id='word_1_292' title='bbox 1206 2454 1388 2508; x_wconf 85' lang='lat' dir='ltr'>praemio</span> <span class='ocrx_word' id='word_1_293' title='bbox 1413 2453 1596 2508; x_wconf 81' lang='lat' dir='ltr'>gaudent</span> <span class='ocrx_word' id='word_1_294' title='bbox 1621 2453 1696 2493; x_wconf 78' lang='lat' dir='ltr'>mi-</span> 
     </span>
     <span class='ocr_line' id='line_1_41' title="bbox 335 2515 1695 2570; baseline 0 -15"><span class='ocrx_word' id='word_1_295' title='bbox 335 2515 453 2556; x_wconf 86' lang='lat' dir='ltr'>litum</span> <span class='ocrx_word' id='word_1_296' title='bbox 479 2516 616 2557; x_wconf 88' lang='lat' dir='ltr'>animi.</span> <span class='ocrx_word' id='word_1_297' title='bbox 654 2530 749 2557; x_wconf 90' lang='lat' dir='ltr'>eum</span> <span class='ocrx_word' id='word_1_298' title='bbox 769 2515 882 2564; x_wconf 87' lang='lat' dir='ltr'>duci,</span> <span class='ocrx_word' id='word_1_299' title='bbox 908 2521 996 2556; x_wconf 88' lang='lat' dir='ltr'>tum</span> <span class='ocrx_word' id='word_1_300' title='bbox 1020 2522 1186 2570; x_wconf 89' lang='lat' dir='ltr'>propter</span> <span class='ocrx_word' id='word_1_301' title='bbox 1210 2516 1358 2556; x_wconf 76' lang='lat' dir='ltr'>duceni</span> <span class='ocrx_word' id='word_1_302' title='bbox 1383 2515 1568 2570; x_wconf 85' lang='lat' dir='ltr'>patribus</span> <span class='ocrx_word' id='word_1_303' title='bbox 1594 2529 1695 2568; x_wconf 88' lang='lat' dir='ltr'>quo-</span> 
     </span>
     <span class='ocr_line' id='line_1_42' title="bbox 336 2575 1694 2632; baseline 0 -16"><span class='ocrx_word' id='word_1_304' title='bbox 336 2591 414 2630; x_wconf 89' lang='lat' dir='ltr'>quc</span> <span class='ocrx_word' id='word_1_305' title='bbox 439 2578 637 2632; x_wconf 86' lang='lat' dir='ltr'>placatior</span> <span class='ocrx_word' id='word_1_306' title='bbox 661 2578 864 2619; x_wconf 88' lang='lat' dir='ltr'>exercitus</span> <span class='ocrx_word' id='word_1_307' title='bbox 890 2577 1011 2627; x_wconf 87' lang='lat' dir='ltr'>redit,</span> <span class='ocrx_word' id='word_1_308' title='bbox 1040 2577 1118 2619; x_wconf 90' lang='lat' dir='ltr'>sibi</span> <span class='ocrx_word' id='word_1_309' title='bbox 1141 2584 1372 2632; x_wconf 85' lang='lat' dir='ltr'>parentem,</span> <span class='ocrx_word' id='word_1_310' title='bbox 1400 2577 1513 2618; x_wconf 83' lang='lat' dir='ltr'>alteri</span> <span class='ocrx_word' id='word_1_311' title='bbox 1540 2575 1694 2617; x_wconf 84' lang='lat' dir='ltr'>exerci-</span> 
     </span>
     <span class='ocr_line' id='line_1_43' title="bbox 338 2639 1320 2681; baseline 0.003 -4"><span class='ocrx_word' id='word_1_312' title='bbox 338 2639 395 2678; x_wconf 79' lang='lat' dir='ltr'>tui</span> <span class='ocrx_word' id='word_1_313' title='bbox 420 2639 630 2680; x_wconf 85' lang='lat' dir='ltr'>dominum</span> <span class='ocrx_word' id='word_1_314' title='bbox 657 2641 798 2681; x_wconf 81' lang='lat' dir='ltr'>datum</span> <span class='ocrx_word' id='word_1_315' title='bbox 824 2639 876 2681; x_wconf 88' lang='lat' dir='ltr'>ab</span> <span class='ocrx_word' id='word_1_316' title='bbox 903 2646 1048 2681; x_wconf 87' lang='lat' dir='ltr'>senatu</span> <span class='ocrx_word' id='word_1_317' title='bbox 1073 2654 1320 2681; x_wconf 87' lang='lat' dir='ltr'>memorans.</span> 
     </span>
    </p>
   </div>
  </div>
 </body>
</html>
