1780 3204
446 276 600 312 LIBER
623 276 732 321 vm,
757 275 812 310 33.
830 275 884 310 34.
911 277 960 320 [a.
974 274 1013 311 c,
1027 274 1142 320 325s4]
1388 266 1471 308 433

121 379 428 434 delitatemquel
472 380 710 421 dictatorcm
743 379 982 433 Quinctium
1014 378 1305 420 Cincinnatum
1339 379 1382 419 in
1416 379 1470 419 L.

120 442 352 483 Minucium
377 442 588 483 consulem
613 456 664 482 ex
689 441 901 483 obsidione
926 457 950 482 a
975 455 1019 482 se
1044 447 1227 495 ereptum
1256 455 1339 482 non
1367 440 1473 482 ultra

122 505 322 554 saevisse,
349 519 472 558 quam
496 511 541 544 ut
564 504 747 558 legatum
772 519 866 544 eum
891 504 944 544 ad
968 503 1190 544 exercitum
1211 517 1286 557 pro
1306 502 1472 543 consule

120 566 378 619 relinqueret.
432 565 494 606 M.
519 566 690 606 Furium
717 565 939 606 Camillum
963 565 1005 605 in
1028 565 1081 605 L.
1107 564 1251 613 Furio,
1284 564 1354 617 qui
1378 578 1474 605 con-

121 635 275 682 tempta
300 643 374 668 sua
400 634 606 669 senectute
632 635 671 668 et
696 628 934 668 auctoritate
952 626 1192 668 foedissimo
1212 641 1306 667 cum
1325 632 1474 667 eventu

120 696 364 745 pugnasset,
396 704 478 730 non
504 689 637 730 solum
660 689 703 729 in
725 689 957 743 praesentia
980 688 1235 729 moderatum
1260 688 1343 729 irae
1368 702 1471 736 esse,

121 766 173 792 nc
198 752 296 805 quid
320 751 370 792 de
396 751 553 807 collega
572 766 690 792 secus
710 751 862 805 populo
882 757 951 792 aut
969 750 1129 791 senatui
1147 749 1358 800 scriberet,
1387 750 1471 798 sed,

122 827 216 853 cum
239 813 492 862 revertisset,
523 813 784 867 potissimum
809 828 859 854 ex
884 812 1057 854 tribunis
1089 811 1371 853 consularibus
1402 812 1475 853 ha-

120 873 278 924 buisse,
305 889 445 928 quem,
472 890 523 915 ex
548 875 715 930 collegis
742 875 905 929 optione
931 874 982 915 ab
1009 882 1154 914 senatu
1178 874 1290 923 data,
1318 874 1474 915 socium

123 935 201 976 sibi
230 936 390 991 imperii
420 937 627 992 deligeret.
676 952 772 977 nam
802 936 944 991 populi
973 937 1158 990 quidem,
1194 950 1320 990 penes
1352 950 1475 989 quem

119 1004 301 1051 potestas
333 998 515 1038 omnium
543 1013 680 1039 rerum
711 1006 837 1048 esset,
875 1013 926 1038 ne
956 998 1059 1038 iram
1089 998 1254 1051 quidem
1278 1012 1475 1051 umquam

121 1059 358 1100 atrociorem
380 1060 507 1100 fuisse
526 1060 569 1100 in
591 1075 679 1109 eos,
706 1060 776 1113 qui
795 1060 1019 1100 temeritate
1040 1065 1160 1112 atquc
1180 1051 1341 1100 inscitia
1360 1074 1475 1099 exer-

121 1121 224 1161 citus
261 1121 512 1171 amisissent,
550 1136 674 1175 quam
710 1130 755 1162 ut
790 1121 964 1176 pecunia
995 1135 1065 1162 eos
1097 1120 1303 1160 multaret:
1342 1121 1474 1174 capite

120 1183 370 1235 anquisitum
395 1183 447 1224 ob
472 1198 559 1224 rem
583 1183 690 1224 bello
715 1183 822 1223 male
846 1190 1007 1239 gestam
1027 1182 1076 1222 de
1096 1182 1341 1236 imperatore
1360 1182 1473 1222 nullo

120 1244 173 1284 ad
198 1260 288 1285 eam
313 1245 422 1285 diem
447 1259 549 1286 esse.
587 1259 696 1285 nunc
716 1244 890 1285 ducibus
909 1243 1051 1298 populi
1069 1242 1265 1292 Romani,
1292 1257 1398 1296 quae
1422 1258 1474 1283 nc

120 1305 238 1346 victis
264 1306 430 1358 quidem
455 1306 562 1346 bello
587 1306 650 1346 fas
676 1306 816 1354 suerit,
842 1304 980 1360 virgas
1007 1312 1046 1345 et
1066 1319 1229 1346 secures
1249 1304 1473 1346 victoribus

120 1373 159 1407 et
182 1367 429 1407 iustissimos
454 1367 608 1407 meritis
634 1367 862 1423 triumphos
889 1367 1091 1407 intentari.
1135 1367 1234 1420 quid
1253 1366 1361 1407 enim
1386 1373 1475 1407 tan-

119 1428 212 1469 dem
236 1443 455 1483 passurum
480 1428 609 1470 fuisse
634 1429 763 1470 filium
790 1444 929 1478 suum,
958 1429 992 1470 si
1012 1429 1235 1470 exercitum
1255 1429 1473 1478 amisisset,

120 1491 154 1531 si
178 1490 315 1540 fusus,
347 1490 534 1546 fugatus,
568 1491 711 1532 castris
739 1499 887 1532 exutus
919 1491 1091 1532 fuisset?
1126 1506 1206 1544 quo
1237 1491 1342 1532 ultra
1372 1491 1475 1531 iram

120 1552 436 1606 violentiamque
480 1553 567 1594 cius
612 1567 875 1594 excessuram
917 1553 1048 1594 fuisse
1090 1560 1215 1606 qnam
1251 1560 1296 1593 ut
1331 1552 1476 1593 verbe-

118 1621 224 1655 raret
248 1616 517 1668 necaretquc?
553 1630 677 1668 quam
709 1615 956 1656 conveniens
983 1630 1093 1664 esse,
1124 1621 1290 1669 propter
1317 1613 1368 1666 Q.
1394 1614 1475 1654 Fa-

118 1675 233 1718 bium
269 1677 474 1718 civitatem
509 1677 551 1717 in
585 1677 757 1726 laetitia,
794 1677 983 1727 victoria,
1022 1675 1389 1731 supplicationibus
1427 1690 1474 1716 ac

119 1737 459 1792 gratulationibus
491 1752 601 1787 esse,
640 1753 752 1787 eum,
789 1745 956 1792 propter
985 1753 1108 1791 quem
1145 1738 1268 1778 deum
1304 1736 1474 1778 delubra

119 1805 304 1853 pateant,
336 1813 430 1840 arae
457 1799 665 1840 sacrificiis
691 1799 866 1848 fument,
904 1799 1077 1849 honore,
1115 1799 1232 1840 donis
1265 1798 1476 1839 cumulen-

120 1867 197 1908 tur,
223 1859 422 1900 nudatum
449 1860 573 1914 virgis
599 1860 769 1900 lacerari
792 1861 834 1900 in
865 1867 1089 1915 conspectu
1117 1859 1259 1915 populi
1281 1860 1472 1908 Romani,

120 1922 346 1961 intuentem
373 1920 624 1975 Capitolium
650 1928 771 1974 atque
797 1936 933 1962 arcem
958 1923 1139 1976 deosque
1165 1921 1216 1963 ab
1243 1936 1286 1962 sc
1312 1921 1473 1963 duobus

119 1982 283 2037 proeliis
315 1982 397 2022 hau
427 1983 578 2024 frustra
609 1983 856 2024 advocatos?
891 1998 972 2036 quo
1003 1984 1046 2024 id
1075 1983 1211 2025 animo
1237 1983 1472 2032 exercitum,

120 2045 192 2098 qui
239 2045 325 2085 eius
368 2045 493 2085 ductu
535 2045 811 2099 auspiciisque
854 2046 1036 2096 vicisset,
1085 2046 1293 2087 laturum?
1351 2060 1474 2099 quem

120 2107 276 2147 luctum
312 2107 354 2147 in
391 2107 534 2148 castris
565 2107 784 2156 Romanis,
822 2121 946 2160 quam
974 2107 1171 2149 laetitiam
1200 2108 1305 2147 inter
1333 2107 1473 2148 hostes

121 2170 233 2210 fore?
273 2169 375 2210 haec
411 2169 533 2210 simul
568 2170 755 2225 iurgans,
793 2185 986 2224 querens,
1024 2171 1147 2212 deum
1181 2171 1474 2224 hominumque

121 2232 245 2273 fidem
274 2233 484 2274 obtestans
516 2239 555 2274 et
586 2233 809 2288 conplexus
842 2234 971 2274 filium
1001 2233 1187 2289 plurimis
1219 2248 1314 2274 cum
1342 2233 1474 2274 lacru-

119 2294 198 2335 mis
224 2294 384 2348 agebat.

198 2356 449 2398 XXXHH.
478 2355 624 2398 Stabat
649 2372 742 2398 cum
767 2373 815 2399 eo
842 2365 1007 2400 senatus
1033 2358 1239 2407 maiestas,
1264 2357 1382 2398 favor
1399 2371 1473 2412 po-

120 2417 224 2471 puli,
257 2417 518 2458 tribunicium
549 2419 765 2468 auxilium,
802 2420 1000 2461 memoria
1035 2419 1216 2461 absentis
1249 2419 1470 2468 exercitus3

121 2493 173 2519 ex
196 2485 310 2533 parte
336 2479 462 2520 altera
485 2480 701 2534 imperium
730 2481 928 2522 invictum
958 2481 1100 2536 populi
1122 2481 1301 2522 Romani
1325 2487 1365 2522 et
1389 2481 1472 2521 dis-

121 2540 270 2594 ciplina
292 2541 351 2581 rei
374 2541 558 2582 militaris
585 2549 624 2583 et
642 2543 849 2584 dictatoris
875 2543 1053 2584 edictum
1077 2558 1150 2598 pro
1174 2543 1341 2584 numine
1367 2557 1474 2583 sem-

119 2616 193 2656 per
228 2601 490 2643 observatum
526 2610 566 2644 et
600 2603 813 2645 Manliana
847 2605 1020 2659 imperia
1054 2611 1094 2646 et
1128 2604 1364 2659 posthabita
1399 2604 1472 2645 filii

121 2664 267 2704 caritas
292 2664 480 2718 publicae
499 2665 660 2706 utilitati
679 2665 945 2707 iactabantur.
982 2667 1060 2708 hoc
1079 2667 1200 2707 etiam
1214 2667 1267 2707 L.
1282 2666 1470 2715 Brutum,

122 2726 373 2767 conditorem
403 2726 616 2769 Romanae
652 2727 869 2778 libertatis,
907 2734 1027 2770 antea
1061 2729 1104 2770 in
1134 2728 1296 2770 duobus
1332 2728 1470 2770 liberis

190 2804 253 2830 Lm·
274 2804 328 2831 vot.
345 2804 366 2830 ι.
1093 2795 1096 2799 “
1202 2794 1246 2829 28

1503 393 1539 421 14

1501 578 1540 607 15

1502 763 1541 792 16

1503 950 1540 979 17

1503 1255 1542 1285 18

1502 1381 1540 1411 19

1500 1622 1542 1652 ‘20

1499 1746 1539 1775 ‘21

1499 1999 1540 2028 22

1499 2183 1541 2214 23

1500 2370 1515 2399 1

1497 2494 1515 2515 9

1498 2514 1514 2523 ..a

1497 2679 1516 2708 3
