<?xml version="1.0" encoding="UTF-8"?>
<!DOCTYPE html PUBLIC "-//W3C//DTD XHTML 1.0 Transitional//EN"
    "http://www.w3.org/TR/xhtml1/DTD/xhtml1-transitional.dtd">
<html xmlns="http://www.w3.org/1999/xhtml" xml:lang="en" lang="en">
 <head>
  <title>
</title>
<meta http-equiv="Content-Type" content="text/html;charset=utf-8" />
  <meta name='ocr-system' content='tesseract 3.04.00' />
  <meta name='ocr-capabilities' content='ocr_page ocr_carea ocr_par ocr_line ocrx_word'/>
</head>
<body>
  <div class='ocr_page' id='page_1' title='image "./aburbeconditalib01livyuoft_0627.png"; bbox 0 0 1780 3204; ppageno 0'>
   <div class='ocr_carea' id='block_1_1' title="bbox 519 222 1487 279">
    <p class='ocr_par' dir='ltr' id='par_1_1' title="bbox 519 222 1487 279">
     <span class='ocr_line' id='line_1_1' title="bbox 519 222 1487 279; baseline -0.008 -8"><span class='ocrx_word' id='word_1_1' title='bbox 519 235 672 271; x_wconf 83' lang='lat' dir='ltr'><strong>LIBER</strong></span> <span class='ocrx_word' id='word_1_2' title='bbox 695 235 806 279; x_wconf 83' lang='lat' dir='ltr'>vm,</span> <span class='ocrx_word' id='word_1_3' title='bbox 831 235 884 269; x_wconf 83' lang='lat'>39.</span> <span class='ocrx_word' id='word_1_4' title='bbox 912 236 960 278; x_wconf 83' lang='lat' dir='ltr'>[a.</span> <span class='ocrx_word' id='word_1_5' title='bbox 975 232 1109 277; x_wconf 66' lang='lat'>0322]</span> <span class='ocrx_word' id='word_1_6' title='bbox 1405 222 1487 264; x_wconf 80' lang='grc'>439</span> 
     </span>
    </p>
   </div>
   <div class='ocr_carea' id='block_1_2' title="bbox 137 334 1497 1570">
    <p class='ocr_par' dir='ltr' id='par_1_2' title="bbox 137 334 1497 1570">
     <span class='ocr_line' id='line_1_2' title="bbox 137 334 1489 395; baseline -0.007 -10"><span class='ocrx_word' id='word_1_7' title='bbox 137 343 261 385; x_wconf 88' lang='lat' dir='ltr'>caede</span> <span class='ocrx_word' id='word_1_8' title='bbox 287 341 423 384; x_wconf 87' lang='lat' dir='ltr'>omnia</span> <span class='ocrx_word' id='word_1_9' title='bbox 446 339 586 395; x_wconf 85' lang='lat' dir='ltr'>replet.</span> <span class='ocrx_word' id='word_1_10' title='bbox 635 339 740 380; x_wconf 85' lang='lat' dir='ltr'>inter</span> <span class='ocrx_word' id='word_1_11' title='bbox 765 338 944 380; x_wconf 80' lang='lat' dir='ltr'>sarcinas</span> <span class='ocrx_word' id='word_1_12' title='bbox 971 337 1145 379; x_wconf 87' lang='lat' dir='ltr'>omissas</span> <span class='ocrx_word' id='word_1_13' title='bbox 1170 341 1350 391; x_wconf 90' lang='lat' dir='ltr'>repente,</span> <span class='ocrx_word' id='word_1_14' title='bbox 1376 334 1489 376; x_wconf 87' lang='lat' dir='ltr'>obia-</span> 
     </span>
     <span class='ocr_line' id='line_1_3' title="bbox 137 401 1486 459; baseline -0.007 -12"><span class='ocrx_word' id='word_1_15' title='bbox 137 412 274 447; x_wconf 82' lang='lat' dir='ltr'>centes</span> <span class='ocrx_word' id='word_1_16' title='bbox 309 403 483 459; x_wconf 90' lang='lat' dir='ltr'>pedibus</span> <span class='ocrx_word' id='word_1_17' title='bbox 520 401 766 457; x_wconf 80' lang='lat' dir='ltr'>fugientium</span> <span class='ocrx_word' id='word_1_18' title='bbox 804 406 1239 452; x_wconf 78' lang='lat' dir='ltr'>consternatorumque</span> <span class='ocrx_word' id='word_1_19' title='bbox 1275 412 1486 451; x_wconf 90' lang='lat' dir='ltr'>equorum,</span> 
     </span>
     <span class='ocr_line' id='line_1_4' title="bbox 137 460 1486 522; baseline -0.007 -14"><span class='ocrx_word' id='word_1_20' title='bbox 137 482 269 520; x_wconf 89' lang='lat' dir='ltr'>neque</span> <span class='ocrx_word' id='word_1_21' title='bbox 294 479 457 522; x_wconf 84' lang='lat' dir='ltr'>pugnae</span> <span class='ocrx_word' id='word_1_22' title='bbox 482 478 615 518; x_wconf 89' lang='lat' dir='ltr'>neque</span> <span class='ocrx_word' id='word_1_23' title='bbox 640 463 766 518; x_wconf 86' lang='lat' dir='ltr'>fugae</span> <span class='ocrx_word' id='word_1_24' title='bbox 786 463 884 504; x_wconf 85' lang='lat' dir='ltr'>satis</span> <span class='ocrx_word' id='word_1_25' title='bbox 910 468 1098 517; x_wconf 88' lang='lat' dir='ltr'>potentes</span> <span class='ocrx_word' id='word_1_26' title='bbox 1125 460 1362 502; x_wconf 86' lang='lat' dir='ltr'>caeduntur.</span> <span class='ocrx_word' id='word_1_27' title='bbox 1399 467 1486 500; x_wconf 89' lang='lat' dir='ltr'>tum</span> 
     </span>
     <span class='ocr_line' id='line_1_5' title="bbox 138 522 1490 582; baseline -0.007 -12"><span class='ocrx_word' id='word_1_28' title='bbox 138 529 272 570; x_wconf 88' lang='lat' dir='ltr'>deleto</span> <span class='ocrx_word' id='word_1_29' title='bbox 289 542 417 582; x_wconf 86' lang='lat' dir='ltr'>prope</span> <span class='ocrx_word' id='word_1_30' title='bbox 438 527 621 580; x_wconf 86' lang='lat' dir='ltr'>equitatu</span> <span class='ocrx_word' id='word_1_31' title='bbox 639 525 820 566; x_wconf 90' lang='lat' dir='ltr'>hostium</span> <span class='ocrx_word' id='word_1_32' title='bbox 834 524 896 564; x_wconf 80' lang='lat' dir='ltr'>M.</span> <span class='ocrx_word' id='word_1_33' title='bbox 910 523 1066 564; x_wconf 84' lang='lat' dir='ltr'>Fabius</span> <span class='ocrx_word' id='word_1_34' title='bbox 1081 522 1369 563; x_wconf 82' lang='lat' dir='ltr'>circumductis</span> <span class='ocrx_word' id='word_1_35' title='bbox 1389 536 1490 576; x_wconf 89' lang='lat' dir='ltr'>pau-</span> 
     </span>
     <span class='ocr_line' id='line_1_6' title="bbox 138 583 1489 644; baseline -0.005 -13"><span class='ocrx_word' id='word_1_36' title='bbox 138 591 224 632; x_wconf 91' lang='lat' dir='ltr'>lum</span> <span class='ocrx_word' id='word_1_37' title='bbox 249 590 322 631; x_wconf 88' lang='lat' dir='ltr'>alis</span> <span class='ocrx_word' id='word_1_38' title='bbox 348 589 399 630; x_wconf 88' lang='lat' dir='ltr'>ab</span> <span class='ocrx_word' id='word_1_39' title='bbox 427 597 540 644; x_wconf 86' lang='lat' dir='ltr'>tergo</span> <span class='ocrx_word' id='word_1_40' title='bbox 565 588 797 643; x_wconf 82' lang='lat' dir='ltr'>pedestrem</span> <span class='ocrx_word' id='word_1_41' title='bbox 823 587 952 628; x_wconf 82' lang='lat' dir='ltr'>aciem</span> <span class='ocrx_word' id='word_1_42' title='bbox 978 586 1169 627; x_wconf 89' lang='lat' dir='ltr'>adoritur.</span> <span class='ocrx_word' id='word_1_43' title='bbox 1219 585 1372 626; x_wconf 90' lang='lat' dir='ltr'>clamor</span> <span class='ocrx_word' id='word_1_44' title='bbox 1395 583 1489 624; x_wconf 90' lang='lat' dir='ltr'>inde</span> 
     </span>
     <span class='ocr_line' id='line_1_7' title="bbox 140 647 1490 696; baseline -0.005 -3"><span class='ocrx_word' id='word_1_45' title='bbox 140 668 271 693; x_wconf 64' lang='lat' dir='ltr'>novus</span> <span class='ocrx_word' id='word_1_46' title='bbox 303 651 493 692; x_wconf 88' lang='lat' dir='ltr'>accidens</span> <span class='ocrx_word' id='word_1_47' title='bbox 525 658 565 691; x_wconf 93' lang='lat' dir='ltr'>et</span> <span class='ocrx_word' id='word_1_48' title='bbox 593 649 840 691; x_wconf 81' lang='lat' dir='ltr'>Samnitium</span> <span class='ocrx_word' id='word_1_49' title='bbox 871 648 1013 689; x_wconf 87' lang='lat' dir='ltr'>terruit</span> <span class='ocrx_word' id='word_1_50' title='bbox 1038 649 1214 696; x_wconf 82' lang='lat' dir='ltr'>animos,</span> <span class='ocrx_word' id='word_1_51' title='bbox 1241 654 1281 688; x_wconf 94' lang='lat' dir='ltr'>et</span> <span class='ocrx_word' id='word_1_52' title='bbox 1306 647 1490 694; x_wconf 89' lang='lat' dir='ltr'>dictator,</span> 
     </span>
     <span class='ocr_line' id='line_1_8' title="bbox 139 709 1491 768; baseline -0.004 -14"><span class='ocrx_word' id='word_1_53' title='bbox 139 714 211 755; x_wconf 88' lang='lat' dir='ltr'>ubi</span> <span class='ocrx_word' id='word_1_54' title='bbox 235 719 514 768; x_wconf 82' lang='lat' dir='ltr'>respectantes</span> <span class='ocrx_word' id='word_1_55' title='bbox 539 712 719 753; x_wconf 88' lang='lat' dir='ltr'>hostium</span> <span class='ocrx_word' id='word_1_56' title='bbox 738 711 1031 766; x_wconf 81' lang='lat' dir='ltr'>antesignanos</span> <span class='ocrx_word' id='word_1_57' title='bbox 1051 709 1294 763; x_wconf 87' lang='lat' dir='ltr'>turbataque</span> <span class='ocrx_word' id='word_1_58' title='bbox 1315 709 1434 763; x_wconf 84' lang='lat' dir='ltr'>signa</span> <span class='ocrx_word' id='word_1_59' title='bbox 1452 719 1491 748; x_wconf 91' lang='lat' dir='ltr'>et</span> 
     </span>
     <span class='ocr_line' id='line_1_9' title="bbox 140 769 1493 828; baseline -0.005 -11"><span class='ocrx_word' id='word_1_60' title='bbox 140 777 406 817; x_wconf 82' lang='lat' dir='ltr'>fluctuantem</span> <span class='ocrx_word' id='word_1_61' title='bbox 432 775 562 816; x_wconf 86' lang='lat' dir='ltr'>aciem</span> <span class='ocrx_word' id='word_1_62' title='bbox 586 775 704 823; x_wconf 58' lang='lat' dir='ltr'>vidit,</span> <span class='ocrx_word' id='word_1_63' title='bbox 732 781 818 814; x_wconf 89' lang='lat' dir='ltr'>tum</span> <span class='ocrx_word' id='word_1_64' title='bbox 845 773 1049 828; x_wconf 88' lang='lat' dir='ltr'>appellare</span> <span class='ocrx_word' id='word_1_65' title='bbox 1075 779 1161 813; x_wconf 88' lang='lat' dir='ltr'>tum</span> <span class='ocrx_word' id='word_1_66' title='bbox 1187 770 1394 813; x_wconf 87' lang='lat' dir='ltr'>adhortari</span> <span class='ocrx_word' id='word_1_67' title='bbox 1417 769 1493 810; x_wconf 90' lang='lat' dir='ltr'>mi-</span> 
     </span>
     <span class='ocr_line' id='line_1_10' title="bbox 140 834 1493 891; baseline -0.004 -13"><span class='ocrx_word' id='word_1_68' title='bbox 140 839 246 887; x_wconf 81' lang='lat' dir='ltr'>lites,</span> <span class='ocrx_word' id='word_1_69' title='bbox 274 837 457 878; x_wconf 85' lang='lat' dir='ltr'>tribunos</span> <span class='ocrx_word' id='word_1_70' title='bbox 483 837 770 891; x_wconf 83' lang='lat' dir='ltr'>principesque</span> <span class='ocrx_word' id='word_1_71' title='bbox 795 836 982 877; x_wconf 88' lang='lat' dir='ltr'>ordinum</span> <span class='ocrx_word' id='word_1_72' title='bbox 1007 835 1248 876; x_wconf 88' lang='lat' dir='ltr'>nominatim</span> <span class='ocrx_word' id='word_1_73' title='bbox 1268 835 1321 875; x_wconf 88' lang='lat' dir='ltr'>ad</span> <span class='ocrx_word' id='word_1_74' title='bbox 1344 834 1493 874; x_wconf 87' lang='lat' dir='ltr'>iteran-</span> 
     </span>
     <span class='ocr_line' id='line_1_11' title="bbox 144 893 1494 953; baseline -0.003 -14"><span class='ocrx_word' id='word_1_75' title='bbox 144 900 240 940; x_wconf 87' lang='lat' dir='ltr'>dam</span> <span class='ocrx_word' id='word_1_76' title='bbox 271 914 411 941; x_wconf 91' lang='lat' dir='ltr'>secum</span> <span class='ocrx_word' id='word_1_77' title='bbox 441 913 626 953; x_wconf 83' lang='lat' dir='ltr'>pugnam</span> <span class='ocrx_word' id='word_1_78' title='bbox 654 912 814 939; x_wconf 70' lang='lat' dir='ltr'>vocare.</span> <span class='ocrx_word' id='word_1_79' title='bbox 863 904 1013 938; x_wconf 77' lang='lat' dir='ltr'>novato</span> <span class='ocrx_word' id='word_1_80' title='bbox 1039 897 1216 937; x_wconf 88' lang='lat' dir='ltr'>clamore</span> <span class='ocrx_word' id='word_1_81' title='bbox 1247 896 1366 951; x_wconf 85' lang='lat' dir='ltr'>signa</span> <span class='ocrx_word' id='word_1_82' title='bbox 1389 893 1494 935; x_wconf 84' lang='lat' dir='ltr'>infe-</span> 
     </span>
     <span class='ocr_line' id='line_1_12' title="bbox 140 958 1495 1015; baseline -0.003 -14"><span class='ocrx_word' id='word_1_83' title='bbox 140 968 295 1010; x_wconf 87' lang='lat' dir='ltr'>runtur,</span> <span class='ocrx_word' id='word_1_84' title='bbox 323 968 361 1001; x_wconf 93' lang='lat' dir='ltr'>et</span> <span class='ocrx_word' id='word_1_85' title='bbox 386 960 585 1014; x_wconf 86' lang='lat' dir='ltr'>quidquid</span> <span class='ocrx_word' id='word_1_86' title='bbox 608 959 983 1015; x_wconf 81' lang='lat' dir='ltr'>progrediebantur,</span> <span class='ocrx_word' id='word_1_87' title='bbox 1010 959 1142 1013; x_wconf 85' lang='lat' dir='ltr'>magis</span> <span class='ocrx_word' id='word_1_88' title='bbox 1170 958 1385 1014; x_wconf 83' lang='lat' dir='ltr'>magisque</span> <span class='ocrx_word' id='word_1_89' title='bbox 1410 964 1495 998; x_wconf 90' lang='grc'>1111·-</span> 
     </span>
     <span class='ocr_line' id='line_1_13' title="bbox 141 1020 1495 1075; baseline -0.003 -12"><span class='ocrx_word' id='word_1_90' title='bbox 141 1022 257 1063; x_wconf 87' lang='lat' dir='ltr'>batos</span> <span class='ocrx_word' id='word_1_91' title='bbox 283 1022 422 1063; x_wconf 87' lang='lat' dir='ltr'>hostes</span> <span class='ocrx_word' id='word_1_92' title='bbox 449 1021 680 1062; x_wconf 88' lang='lat' dir='ltr'>cernebant.</span> <span class='ocrx_word' id='word_1_93' title='bbox 719 1035 843 1075; x_wconf 91' lang='lat' dir='ltr'>eques</span> <span class='ocrx_word' id='word_1_94' title='bbox 864 1021 951 1075; x_wconf 89' lang='lat' dir='ltr'>ipse</span> <span class='ocrx_word' id='word_1_95' title='bbox 971 1021 1051 1061; x_wconf 88' lang='lat' dir='ltr'>iam</span> <span class='ocrx_word' id='word_1_96' title='bbox 1072 1020 1213 1074; x_wconf 88' lang='lat' dir='ltr'>primis</span> <span class='ocrx_word' id='word_1_97' title='bbox 1234 1027 1318 1060; x_wconf 84' lang='lat' dir='ltr'>erat</span> <span class='ocrx_word' id='word_1_98' title='bbox 1337 1020 1378 1059; x_wconf 92' lang='lat' dir='ltr'>in</span> <span class='ocrx_word' id='word_1_99' title='bbox 1399 1034 1495 1059; x_wconf 92' lang='lat' dir='ltr'>con-</span> 
     </span>
     <span class='ocr_line' id='line_1_14' title="bbox 143 1080 1495 1138; baseline -0.003 -14"><span class='ocrx_word' id='word_1_100' title='bbox 143 1092 297 1138; x_wconf 86' lang='lat' dir='ltr'>spectu,</span> <span class='ocrx_word' id='word_1_101' title='bbox 320 1092 357 1124; x_wconf 91' lang='grc'>01</span> <span class='ocrx_word' id='word_1_102' title='bbox 374 1082 589 1124; x_wconf 87' lang='lat' dir='ltr'>Cornelius</span> <span class='ocrx_word' id='word_1_103' title='bbox 610 1083 833 1137; x_wconf 89' lang='lat' dir='ltr'>respiciens</span> <span class='ocrx_word' id='word_1_104' title='bbox 854 1083 906 1123; x_wconf 85' lang='lat' dir='ltr'>ad</span> <span class='ocrx_word' id='word_1_105' title='bbox 924 1082 1155 1136; x_wconf 88' lang='lat' dir='ltr'>manipulos</span> <span class='ocrx_word' id='word_1_106' title='bbox 1175 1081 1362 1130; x_wconf 88' lang='lat' dir='ltr'>militum,</span> <span class='ocrx_word' id='word_1_107' title='bbox 1384 1080 1495 1134; x_wconf 86' lang='lat' dir='ltr'>quod</span> 
     </span>
     <span class='ocr_line' id='line_1_15' title="bbox 141 1143 1495 1199; baseline -0.003 -13"><span class='ocrx_word' id='word_1_108' title='bbox 141 1161 284 1195; x_wconf 88' lang='lat' dir='ltr'>manu,</span> <span class='ocrx_word' id='word_1_109' title='bbox 311 1146 421 1199; x_wconf 89' lang='lat' dir='ltr'>quod</span> <span class='ocrx_word' id='word_1_110' title='bbox 446 1160 546 1186; x_wconf 75' lang='lat' dir='ltr'>voce</span> <span class='ocrx_word' id='word_1_111' title='bbox 570 1151 748 1199; x_wconf 85' lang='lat' dir='ltr'>poterat,</span> <span class='ocrx_word' id='word_1_112' title='bbox 780 1143 1054 1192; x_wconf 87' lang='lat' dir='ltr'>monstrabat,</span> <span class='ocrx_word' id='word_1_113' title='bbox 1082 1143 1231 1183; x_wconf 72' lang='lat' dir='ltr'>vexilla</span> <span class='ocrx_word' id='word_1_114' title='bbox 1258 1158 1301 1183; x_wconf 90' lang='lat' dir='ltr'>se</span> <span class='ocrx_word' id='word_1_115' title='bbox 1328 1157 1495 1183; x_wconf 92' lang='lat' dir='ltr'>suorum</span> 
     </span>
     <span class='ocr_line' id='line_1_16' title="bbox 141 1204 1497 1262; baseline -0.004 -14"><span class='ocrx_word' id='word_1_116' title='bbox 141 1222 387 1262; x_wconf 86' lang='lat' dir='ltr'>parmasque</span> <span class='ocrx_word' id='word_1_117' title='bbox 413 1221 577 1248; x_wconf 89' lang='lat' dir='ltr'>cernere</span> <span class='ocrx_word' id='word_1_118' title='bbox 603 1207 799 1260; x_wconf 90' lang='lat' dir='ltr'>equitum.</span> <span class='ocrx_word' id='word_1_119' title='bbox 849 1206 959 1259; x_wconf 91' lang='lat' dir='ltr'>quod</span> <span class='ocrx_word' id='word_1_120' title='bbox 984 1205 1054 1246; x_wconf 88' lang='lat' dir='ltr'>ubi</span> <span class='ocrx_word' id='word_1_121' title='bbox 1079 1205 1264 1245; x_wconf 89' lang='lat' dir='ltr'>auditum</span> <span class='ocrx_word' id='word_1_122' title='bbox 1291 1204 1413 1245; x_wconf 87' lang='lat' dir='ltr'>simul</span> <span class='ocrx_word' id='word_1_123' title='bbox 1436 1204 1497 1243; x_wconf 60' lang='lat' dir='ltr'>ri-</span> 
     </span>
     <span class='ocr_line' id='line_1_17' title="bbox 143 1267 1497 1323; baseline -0.004 -13"><span class='ocrx_word' id='word_1_124' title='bbox 143 1284 316 1323; x_wconf 84' lang='lat' dir='ltr'>sumque</span> <span class='ocrx_word' id='word_1_125' title='bbox 348 1277 427 1317; x_wconf 88' lang='lat' dir='ltr'>est,</span> <span class='ocrx_word' id='word_1_126' title='bbox 460 1269 562 1309; x_wconf 89' lang='lat' dir='ltr'>adeo</span> <span class='ocrx_word' id='word_1_127' title='bbox 592 1276 760 1322; x_wconf 88' lang='lat' dir='ltr'>repente</span> <span class='ocrx_word' id='word_1_128' title='bbox 790 1267 942 1309; x_wconf 78' lang='lat' dir='ltr'>laboris</span> <span class='ocrx_word' id='word_1_129' title='bbox 974 1282 1047 1322; x_wconf 85' lang='lat' dir='ltr'>per</span> <span class='ocrx_word' id='word_1_130' title='bbox 1077 1267 1186 1308; x_wconf 91' lang='lat' dir='ltr'>diem</span> <span class='ocrx_word' id='word_1_131' title='bbox 1210 1281 1340 1322; x_wconf 87' lang='lat' dir='ltr'>paene</span> <span class='ocrx_word' id='word_1_132' title='bbox 1366 1274 1497 1307; x_wconf 89' lang='lat' dir='ltr'>totum</span> 
     </span>
     <span class='ocr_line' id='line_1_18' title="bbox 141 1328 1495 1383; baseline -0.001 -13"><span class='ocrx_word' id='word_1_133' title='bbox 141 1331 300 1371; x_wconf 88' lang='lat' dir='ltr'>tolerati</span> <span class='ocrx_word' id='word_1_134' title='bbox 325 1331 621 1383; x_wconf 78' lang='lat' dir='ltr'>vulnerumque</span> <span class='ocrx_word' id='word_1_135' title='bbox 648 1330 764 1371; x_wconf 90' lang='lat' dir='ltr'>obliti</span> <span class='ocrx_word' id='word_1_136' title='bbox 790 1337 902 1379; x_wconf 86' lang='lat' dir='ltr'>sunt,</span> <span class='ocrx_word' id='word_1_137' title='bbox 935 1337 978 1370; x_wconf 93' lang='lat' dir='ltr'>ut</span> <span class='ocrx_word' id='word_1_138' title='bbox 1003 1329 1115 1370; x_wconf 85' lang='lat' dir='ltr'>haud</span> <span class='ocrx_word' id='word_1_139' title='bbox 1140 1343 1278 1379; x_wconf 87' lang='lat' dir='ltr'>secus,</span> <span class='ocrx_word' id='word_1_140' title='bbox 1310 1344 1435 1382; x_wconf 88' lang='lat' dir='ltr'>quam</span> <span class='ocrx_word' id='word_1_141' title='bbox 1462 1328 1495 1369; x_wconf 90' lang='lat' dir='ltr'>si</span> 
     </span>
     <span class='ocr_line' id='line_1_19' title="bbox 143 1390 1497 1447; baseline -0.001 -16"><span class='ocrx_word' id='word_1_142' title='bbox 143 1399 227 1432; x_wconf 91' lang='lat' dir='ltr'>tum</span> <span class='ocrx_word' id='word_1_143' title='bbox 252 1392 399 1446; x_wconf 88' lang='lat' dir='ltr'>integri</span> <span class='ocrx_word' id='word_1_144' title='bbox 425 1406 445 1432; x_wconf 91' lang='lat' dir='ltr'>e</span> <span class='ocrx_word' id='word_1_145' title='bbox 472 1392 615 1433; x_wconf 90' lang='lat' dir='ltr'>castris</span> <span class='ocrx_word' id='word_1_146' title='bbox 642 1392 806 1447; x_wconf 91' lang='lat' dir='ltr'>signum</span> <span class='ocrx_word' id='word_1_147' title='bbox 832 1406 995 1447; x_wconf 85' lang='lat' dir='ltr'>pugnae</span> <span class='ocrx_word' id='word_1_148' title='bbox 1022 1391 1290 1445; x_wconf 83' lang='lat' dir='ltr'>accepissent,</span> <span class='ocrx_word' id='word_1_149' title='bbox 1318 1390 1497 1432; x_wconf 89' lang='lat' dir='ltr'>concita-</span> 
     </span>
     <span class='ocr_line' id='line_1_20' title="bbox 140 1453 1496 1495; baseline -0.001 -2"><span class='ocrx_word' id='word_1_150' title='bbox 140 1453 272 1494; x_wconf 76' lang='lat' dir='ltr'>verint</span> <span class='ocrx_word' id='word_1_151' title='bbox 297 1468 340 1494; x_wconf 85' lang='lat' dir='ltr'>se</span> <span class='ocrx_word' id='word_1_152' title='bbox 365 1453 408 1493; x_wconf 92' lang='grc'>111</span> <span class='ocrx_word' id='word_1_153' title='bbox 438 1453 611 1494; x_wconf 86' lang='lat' dir='ltr'>hostem.</span> <span class='ocrx_word' id='word_1_154' title='bbox 661 1468 736 1494; x_wconf 88' lang='lat' dir='ltr'>nec</span> <span class='ocrx_word' id='word_1_155' title='bbox 766 1453 871 1494; x_wconf 88' lang='lat' dir='ltr'>ultra</span> <span class='ocrx_word' id='word_1_156' title='bbox 900 1453 1067 1495; x_wconf 84' lang='lat' dir='ltr'>Samnis</span> <span class='ocrx_word' id='word_1_157' title='bbox 1099 1453 1271 1494; x_wconf 86' lang='lat' dir='ltr'>tolerare</span> <span class='ocrx_word' id='word_1_158' title='bbox 1302 1460 1496 1494; x_wconf 88' lang='lat' dir='ltr'>terrorem</span> 
     </span>
     <span class='ocr_line' id='line_1_21' title="bbox 141 1514 1495 1570; baseline 0 -15"><span class='ocrx_word' id='word_1_159' title='bbox 141 1515 324 1568; x_wconf 91' lang='lat' dir='ltr'>equitum</span> <span class='ocrx_word' id='word_1_160' title='bbox 355 1515 622 1569; x_wconf 88' lang='lat' dir='ltr'>peditumque</span> <span class='ocrx_word' id='word_1_161' title='bbox 652 1515 736 1556; x_wconf 63' lang='lat' dir='ltr'>rim</span> <span class='ocrx_word' id='word_1_162' title='bbox 766 1515 917 1570; x_wconf 89' lang='lat' dir='ltr'>potuit:</span> <span class='ocrx_word' id='word_1_163' title='bbox 955 1515 1105 1570; x_wconf 90' lang='lat' dir='ltr'>partim</span> <span class='ocrx_word' id='word_1_164' title='bbox 1135 1515 1178 1555; x_wconf 92' lang='lat' dir='ltr'>in</span> <span class='ocrx_word' id='word_1_165' title='bbox 1207 1515 1342 1556; x_wconf 87' lang='lat' dir='ltr'>medio</span> <span class='ocrx_word' id='word_1_166' title='bbox 1374 1514 1495 1562; x_wconf 86' lang='lat' dir='ltr'>caesi,</span> 
     </span>
    </p>
   </div>
   <div class='ocr_carea' id='block_1_3' title="bbox 140 1576 1533 1632">
    <p class='ocr_par' dir='ltr' id='par_1_3' title="bbox 140 1576 1533 1632">
     <span class='ocr_line' id='line_1_22' title="bbox 140 1576 1533 1632; baseline -0.001 -16"><span class='ocrx_word' id='word_1_167' title='bbox 140 1576 288 1631; x_wconf 88' lang='lat' dir='ltr'>partim</span> <span class='ocrx_word' id='word_1_168' title='bbox 318 1577 360 1617; x_wconf 91' lang='lat' dir='ltr'>in</span> <span class='ocrx_word' id='word_1_169' title='bbox 390 1576 536 1632; x_wconf 87' lang='lat' dir='ltr'>fugam</span> <span class='ocrx_word' id='word_1_170' title='bbox 567 1577 754 1631; x_wconf 87' lang='lat' dir='ltr'>dissipati</span> <span class='ocrx_word' id='word_1_171' title='bbox 786 1584 892 1618; x_wconf 92' lang='lat' dir='ltr'>sunt.</span> <span class='ocrx_word' id='word_1_172' title='bbox 946 1577 1073 1631; x_wconf 88' lang='lat' dir='ltr'>pedes</span> <span class='ocrx_word' id='word_1_173' title='bbox 1110 1584 1311 1617; x_wconf 88' lang='lat' dir='ltr'>restantes</span> <span class='ocrx_word' id='word_1_174' title='bbox 1343 1591 1391 1617; x_wconf 87' lang='lat' dir='ltr'>ac</span> <span class='ocrx_word' id='word_1_175' title='bbox 1422 1576 1498 1616; x_wconf 84' lang='lat' dir='ltr'>cir·</span> <span class='ocrx_word' id='word_1_176' title='bbox 1524 1588 1533 1613; x_wconf 68' lang='lat'>⁴.</span> 
     </span>
    </p>
   </div>
   <div class='ocr_carea' id='block_1_4' title="bbox 141 1637 1499 2187">
    <p class='ocr_par' dir='ltr' id='par_1_4' title="bbox 141 1637 1499 2187">
     <span class='ocr_line' id='line_1_23' title="bbox 141 1637 1498 1693; baseline -0.001 -14"><span class='ocrx_word' id='word_1_177' title='bbox 141 1645 381 1679; x_wconf 75' lang='lat' dir='ltr'>cumventos</span> <span class='ocrx_word' id='word_1_178' title='bbox 409 1639 567 1687; x_wconf 85' lang='lat' dir='ltr'>cecidit,</span> <span class='ocrx_word' id='word_1_179' title='bbox 594 1638 645 1679; x_wconf 90' lang='lat' dir='ltr'>ab</span> <span class='ocrx_word' id='word_1_180' title='bbox 672 1639 806 1691; x_wconf 90' lang='lat' dir='ltr'>equite</span> <span class='ocrx_word' id='word_1_181' title='bbox 832 1639 1079 1693; x_wconf 87' lang='lat' dir='ltr'>fugientium</span> <span class='ocrx_word' id='word_1_182' title='bbox 1106 1645 1263 1692; x_wconf 87' lang='lat' dir='ltr'>strages</span> <span class='ocrx_word' id='word_1_183' title='bbox 1291 1644 1352 1678; x_wconf 89' lang='lat' dir='ltr'>est</span> <span class='ocrx_word' id='word_1_184' title='bbox 1375 1637 1498 1685; x_wconf 87' lang='lat' dir='ltr'>facta,</span> 
     </span>
     <span class='ocr_line' id='line_1_24' title="bbox 141 1699 1497 1754; baseline -0.001 -14"><span class='ocrx_word' id='word_1_185' title='bbox 141 1700 246 1740; x_wconf 86' lang='lat' dir='ltr'>inter</span> <span class='ocrx_word' id='word_1_186' title='bbox 270 1714 372 1752; x_wconf 87' lang='lat' dir='ltr'>quos</span> <span class='ocrx_word' id='word_1_187' title='bbox 399 1707 437 1740; x_wconf 84' lang='lat' dir='ltr'>et</span> <span class='ocrx_word' id='word_1_188' title='bbox 462 1700 550 1754; x_wconf 86' lang='lat' dir='ltr'>ipsc</span> <span class='ocrx_word' id='word_1_189' title='bbox 575 1700 796 1754; x_wconf 89' lang='lat' dir='ltr'>imperator</span> <span class='ocrx_word' id='word_1_190' title='bbox 814 1700 971 1741; x_wconf 85' lang='lat' dir='ltr'>cecidit.</span> <span class='ocrx_word' id='word_1_191' title='bbox 1008 1699 1086 1739; x_wconf 92' lang='lat' dir='ltr'>hoc</span> <span class='ocrx_word' id='word_1_192' title='bbox 1106 1699 1271 1739; x_wconf 86' lang='lat' dir='ltr'>demum</span> <span class='ocrx_word' id='word_1_193' title='bbox 1296 1699 1497 1753; x_wconf 83' lang='lat' dir='ltr'>proelium</span> 
     </span>
     <span class='ocr_line' id='line_1_25' title="bbox 145 1760 1495 1816; baseline -0.002 -13"><span class='ocrx_word' id='word_1_194' title='bbox 145 1760 392 1803; x_wconf 85' lang='lat' dir='ltr'>Samnitium</span> <span class='ocrx_word' id='word_1_195' title='bbox 416 1776 481 1802; x_wconf 86' lang='lat' dir='ltr'>res</span> <span class='ocrx_word' id='word_1_196' title='bbox 502 1762 556 1802; x_wconf 89' lang='lat' dir='ltr'>ita</span> <span class='ocrx_word' id='word_1_197' title='bbox 576 1762 755 1816; x_wconf 83' lang='lat' dir='ltr'>infregit,</span> <span class='ocrx_word' id='word_1_198' title='bbox 775 1768 820 1802; x_wconf 86' lang='lat' dir='ltr'>ut</span> <span class='ocrx_word' id='word_1_199' title='bbox 840 1761 1030 1802; x_wconf 87' lang='lat' dir='ltr'>omnibus</span> <span class='ocrx_word' id='word_1_200' title='bbox 1057 1761 1238 1801; x_wconf 87' lang='lat' dir='ltr'>conciliis</span> <span class='ocrx_word' id='word_1_201' title='bbox 1264 1761 1495 1810; x_wconf 86' lang='lat' dir='ltr'>fremerent,</span> 
     </span>
     <span class='ocr_line' id='line_1_26' title="bbox 143 1822 1499 1877; baseline 0 -14"><span class='ocrx_word' id='word_1_202' title='bbox 143 1824 310 1864; x_wconf 88' lang='lat' dir='ltr'>minime</span> <span class='ocrx_word' id='word_1_203' title='bbox 340 1824 382 1864; x_wconf 86' lang='lat' dir='ltr'>id</span> <span class='ocrx_word' id='word_1_204' title='bbox 414 1824 580 1876; x_wconf 90' lang='lat' dir='ltr'>quidem</span> <span class='ocrx_word' id='word_1_205' title='bbox 611 1824 760 1863; x_wconf 87' lang='lat' dir='ltr'>mirum</span> <span class='ocrx_word' id='word_1_206' title='bbox 792 1838 902 1872; x_wconf 91' lang='lat' dir='ltr'>esse,</span> <span class='ocrx_word' id='word_1_207' title='bbox 936 1823 970 1863; x_wconf 90' lang='lat' dir='ltr'>si</span> <span class='ocrx_word' id='word_1_208' title='bbox 1001 1823 1113 1877; x_wconf 87' lang='lat' dir='ltr'>inpio</span> <span class='ocrx_word' id='word_1_209' title='bbox 1149 1822 1256 1864; x_wconf 90' lang='lat' dir='ltr'>bello</span> <span class='ocrx_word' id='word_1_210' title='bbox 1288 1830 1327 1864; x_wconf 91' lang='lat' dir='ltr'>et</span> <span class='ocrx_word' id='word_1_211' title='bbox 1358 1830 1499 1864; x_wconf 85' lang='lat' dir='ltr'>contra</span> 
     </span>
     <span class='ocr_line' id='line_1_27' title="bbox 143 1884 1498 1939; baseline 0 -15"><span class='ocrx_word' id='word_1_212' title='bbox 143 1884 290 1926; x_wconf 88' lang='lat' dir='ltr'>foedus</span> <span class='ocrx_word' id='word_1_213' title='bbox 323 1892 533 1939; x_wconf 84' lang='lat' dir='ltr'>suscepto,</span> <span class='ocrx_word' id='word_1_214' title='bbox 566 1884 852 1925; x_wconf 83' lang='lat' dir='ltr'>infestioribus</span> <span class='ocrx_word' id='word_1_215' title='bbox 879 1884 1024 1925; x_wconf 87' lang='lat' dir='ltr'>merito</span> <span class='ocrx_word' id='word_1_216' title='bbox 1057 1884 1143 1925; x_wconf 89' lang='lat' dir='ltr'>deis</span> <span class='ocrx_word' id='word_1_217' title='bbox 1170 1899 1293 1937; x_wconf 89' lang='lat' dir='ltr'>quam</span> <span class='ocrx_word' id='word_1_218' title='bbox 1323 1884 1498 1925; x_wconf 88' lang='lat' dir='ltr'>homini-</span> 
     </span>
     <span class='ocr_line' id='line_1_28' title="bbox 144 1945 1498 2001; baseline 0 -14"><span class='ocrx_word' id='word_1_219' title='bbox 144 1946 236 1994; x_wconf 89' lang='lat' dir='ltr'>bus,</span> <span class='ocrx_word' id='word_1_220' title='bbox 262 1945 364 1986; x_wconf 91' lang='lat' dir='ltr'>nihil</span> <span class='ocrx_word' id='word_1_221' title='bbox 388 1960 583 2000; x_wconf 90' lang='lat' dir='ltr'>prospere</span> <span class='ocrx_word' id='word_1_222' title='bbox 609 1952 794 2001; x_wconf 87' lang='lat' dir='ltr'>agerent:</span> <span class='ocrx_word' id='word_1_223' title='bbox 827 1946 1077 2000; x_wconf 86' lang='lat' dir='ltr'>expiandum</span> <span class='ocrx_word' id='word_1_224' title='bbox 1102 1946 1144 1986; x_wconf 89' lang='lat' dir='ltr'>id</span> <span class='ocrx_word' id='word_1_225' title='bbox 1168 1945 1322 1986; x_wconf 88' lang='lat' dir='ltr'>bellum</span> <span class='ocrx_word' id='word_1_226' title='bbox 1347 1961 1498 2001; x_wconf 77' lang='lat' dir='ltr'>magna.</span> 
     </span>
     <span class='ocr_line' id='line_1_29' title="bbox 145 2007 1498 2063; baseline 0 -15"><span class='ocrx_word' id='word_1_227' title='bbox 145 2008 332 2048; x_wconf 87' lang='lat' dir='ltr'>mercede</span> <span class='ocrx_word' id='word_1_228' title='bbox 356 2008 634 2061; x_wconf 88' lang='lat' dir='ltr'>luendumque</span> <span class='ocrx_word' id='word_1_229' title='bbox 661 2022 772 2057; x_wconf 83' lang='lat' dir='ltr'>esse3</span> <span class='ocrx_word' id='word_1_230' title='bbox 798 2008 840 2048; x_wconf 90' lang='lat' dir='ltr'>id</span> <span class='ocrx_word' id='word_1_231' title='bbox 864 2007 1015 2048; x_wconf 86' lang='lat' dir='ltr'>referre</span> <span class='ocrx_word' id='word_1_232' title='bbox 1041 2015 1210 2057; x_wconf 87' lang='lat' dir='ltr'>tantum,</span> <span class='ocrx_word' id='word_1_233' title='bbox 1238 2015 1375 2048; x_wconf 88' lang='lat' dir='ltr'>utrum</span> <span class='ocrx_word' id='word_1_234' title='bbox 1401 2023 1498 2063; x_wconf 90' lang='lat' dir='ltr'>sup-</span> 
     </span>
     <span class='ocr_line' id='line_1_30' title="bbox 144 2069 1496 2124; baseline 0 -14"><span class='ocrx_word' id='word_1_235' title='bbox 144 2069 267 2124; x_wconf 85' lang='lat' dir='ltr'>plicia</span> <span class='ocrx_word' id='word_1_236' title='bbox 291 2069 414 2110; x_wconf 75' lang='lat' dir='ltr'>noxio</span> <span class='ocrx_word' id='word_1_237' title='bbox 440 2084 665 2124; x_wconf 86' lang='lat' dir='ltr'>paucorum</span> <span class='ocrx_word' id='word_1_238' title='bbox 690 2085 742 2110; x_wconf 91' lang='lat' dir='ltr'>an</span> <span class='ocrx_word' id='word_1_239' title='bbox 766 2070 949 2110; x_wconf 90' lang='lat' dir='ltr'>omnium</span> <span class='ocrx_word' id='word_1_240' title='bbox 974 2070 1141 2110; x_wconf 74' lang='lat' dir='ltr'>innoxio</span> <span class='ocrx_word' id='word_1_241' title='bbox 1160 2069 1384 2124; x_wconf 87' lang='lat' dir='ltr'>praebeant</span> <span class='ocrx_word' id='word_1_242' title='bbox 1403 2085 1496 2110; x_wconf 90' lang='lat' dir='ltr'>san-</span> 
     </span>
     <span class='ocr_line' id='line_1_31' title="bbox 145 2126 1497 2187; baseline 0.001 -15"><span class='ocrx_word' id='word_1_243' title='bbox 145 2133 288 2187; x_wconf 86' lang='lat' dir='ltr'>guine3</span> <span class='ocrx_word' id='word_1_244' title='bbox 315 2132 603 2185; x_wconf 89' lang='lat' dir='ltr'>audebantque</span> <span class='ocrx_word' id='word_1_245' title='bbox 628 2132 709 2173; x_wconf 87' lang='lat' dir='ltr'>iam</span> <span class='ocrx_word' id='word_1_246' title='bbox 729 2132 895 2186; x_wconf 90' lang='lat' dir='ltr'>quidam</span> <span class='ocrx_word' id='word_1_247' title='bbox 915 2132 1125 2173; x_wconf 88' lang='lat' dir='ltr'>nominare</span> <span class='ocrx_word' id='word_1_248' title='bbox 1151 2139 1337 2173; x_wconf 87' lang='lat' dir='ltr'>auctores</span> <span class='ocrx_word' id='word_1_249' title='bbox 1363 2126 1497 2173; x_wconf 87' lang='lat' dir='ltr'>armo-</span> 
     </span>
    </p>
   </div>
   <div class='ocr_carea' id='block_1_5' title="bbox 145 2194 1552 2248">
    <p class='ocr_par' dir='ltr' id='par_1_5' title="bbox 145 2194 1552 2248">
     <span class='ocr_line' id='line_1_32' title="bbox 145 2194 1552 2248; baseline 0 -14"><span class='ocrx_word' id='word_1_250' title='bbox 145 2209 248 2234; x_wconf 92' lang='lat' dir='ltr'>rum.</span> <span class='ocrx_word' id='word_1_251' title='bbox 302 2209 430 2234; x_wconf 89' lang='lat' dir='ltr'>unum</span> <span class='ocrx_word' id='word_1_252' title='bbox 460 2194 638 2234; x_wconf 78' lang='lat' dir='ltr'>maxime</span> <span class='ocrx_word' id='word_1_253' title='bbox 673 2209 823 2234; x_wconf 90' lang='lat' dir='ltr'>nomen</span> <span class='ocrx_word' id='word_1_254' title='bbox 852 2208 926 2248; x_wconf 91' lang='lat' dir='ltr'>per</span> <span class='ocrx_word' id='word_1_255' title='bbox 956 2208 1202 2235; x_wconf 89' lang='lat' dir='ltr'>consensum</span> <span class='ocrx_word' id='word_1_256' title='bbox 1233 2194 1496 2235; x_wconf 86' lang='lat' dir='ltr'>clamantium</span> <span class='ocrx_word' id='word_1_257' title='bbox 1547 2210 1552 2214; x_wconf 89' lang='lat'>·</span> 
     </span>
    </p>
   </div>
   <div class='ocr_carea' id='block_1_6' title="bbox 145 2255 1498 2372">
    <p class='ocr_par' dir='ltr' id='par_1_6' title="bbox 145 2255 1498 2372">
     <span class='ocr_line' id='line_1_33' title="bbox 145 2255 1498 2310; baseline 0.001 -15"><span class='ocrx_word' id='word_1_258' title='bbox 145 2255 308 2296; x_wconf 86' lang='lat' dir='ltr'>Brutuli</span> <span class='ocrx_word' id='word_1_259' title='bbox 321 2255 427 2310; x_wconf 89' lang='lat' dir='ltr'>Papi</span> <span class='ocrx_word' id='word_1_260' title='bbox 446 2255 751 2296; x_wconf 85' lang='lat' dir='ltr'>exaudiebatur.</span> <span class='ocrx_word' id='word_1_261' title='bbox 789 2256 852 2296; x_wconf 70' lang='lat' dir='ltr'>vir</span> <span class='ocrx_word' id='word_1_262' title='bbox 869 2255 1017 2297; x_wconf 89' lang='lat' dir='ltr'>nobilis</span> <span class='ocrx_word' id='word_1_263' title='bbox 1037 2262 1266 2310; x_wconf 87' lang='lat' dir='ltr'>potensque</span> <span class='ocrx_word' id='word_1_264' title='bbox 1287 2262 1383 2305; x_wconf 88' lang='lat' dir='ltr'>erat,</span> <span class='ocrx_word' id='word_1_265' title='bbox 1397 2255 1498 2296; x_wconf 87' lang='lat' dir='ltr'>haut</span> 
     </span>
     <span class='ocr_line' id='line_1_34' title="bbox 147 2316 1498 2372; baseline 0.001 -15"><span class='ocrx_word' id='word_1_266' title='bbox 147 2316 268 2357; x_wconf 87' lang='lat' dir='ltr'>dubie</span> <span class='ocrx_word' id='word_1_267' title='bbox 294 2318 573 2371; x_wconf 77' lang='lat' dir='ltr'>proximarum</span> <span class='ocrx_word' id='word_1_268' title='bbox 597 2318 846 2358; x_wconf 89' lang='lat' dir='ltr'>indutiarum</span> <span class='ocrx_word' id='word_1_269' title='bbox 865 2324 1017 2372; x_wconf 89' lang='lat' dir='ltr'>ruptor.</span> <span class='ocrx_word' id='word_1_270' title='bbox 1056 2318 1106 2358; x_wconf 89' lang='lat' dir='ltr'>de</span> <span class='ocrx_word' id='word_1_271' title='bbox 1126 2332 1174 2359; x_wconf 89' lang='lat' dir='ltr'>eo</span> <span class='ocrx_word' id='word_1_272' title='bbox 1193 2317 1323 2359; x_wconf 86' lang='lat' dir='ltr'>coacti</span> <span class='ocrx_word' id='word_1_273' title='bbox 1347 2317 1498 2358; x_wconf 90' lang='lat' dir='ltr'>referre</span> 
     </span>
    </p>
   </div>
   <div class='ocr_carea' id='block_1_7' title="bbox 146 2379 1537 2434">
    <p class='ocr_par' dir='ltr' id='par_1_7' title="bbox 146 2379 1537 2434">
     <span class='ocr_line' id='line_1_35' title="bbox 146 2379 1537 2434; baseline -0.001 -14"><span class='ocrx_word' id='word_1_274' title='bbox 146 2387 355 2434; x_wconf 88' lang='lat' dir='ltr'>praetores</span> <span class='ocrx_word' id='word_1_275' title='bbox 381 2380 590 2420; x_wconf 86' lang='lat' dir='ltr'>decretum</span> <span class='ocrx_word' id='word_1_276' title='bbox 613 2379 810 2429; x_wconf 84' lang='lat' dir='ltr'>fecerunt,</span> <span class='ocrx_word' id='word_1_277' title='bbox 836 2387 880 2420; x_wconf 88' lang='lat' dir='ltr'>ut</span> <span class='ocrx_word' id='word_1_278' title='bbox 904 2380 1103 2422; x_wconf 87' lang='lat' dir='ltr'>Brutulus</span> <span class='ocrx_word' id='word_1_279' title='bbox 1123 2379 1279 2434; x_wconf 89' lang='lat' dir='ltr'>Papius</span> <span class='ocrx_word' id='word_1_280' title='bbox 1298 2379 1497 2421; x_wconf 88' lang='lat' dir='ltr'>Romanis</span> <span class='ocrx_word' id='word_1_281' title='bbox 1526 2412 1537 2418; x_wconf 74' lang='lat'>.</span> 
     </span>
    </p>
   </div>
   <div class='ocr_carea' id='block_1_8' title="bbox 147 2441 1499 2746">
    <p class='ocr_par' dir='ltr' id='par_1_8' title="bbox 147 2441 1499 2746">
     <span class='ocr_line' id='line_1_36' title="bbox 147 2441 1499 2497; baseline 0.001 -16"><span class='ocrx_word' id='word_1_282' title='bbox 147 2441 363 2482; x_wconf 89' lang='lat' dir='ltr'>dederetur</span> <span class='ocrx_word' id='word_1_283' title='bbox 388 2449 426 2482; x_wconf 87' lang='lat' dir='ltr'>et</span> <span class='ocrx_word' id='word_1_284' title='bbox 452 2456 546 2483; x_wconf 88' lang='lat' dir='ltr'>cum</span> <span class='ocrx_word' id='word_1_285' title='bbox 571 2457 618 2483; x_wconf 90' lang='lat' dir='ltr'>eo</span> <span class='ocrx_word' id='word_1_286' title='bbox 643 2443 797 2497; x_wconf 86' lang='lat' dir='ltr'>praeda</span> <span class='ocrx_word' id='word_1_287' title='bbox 821 2442 953 2484; x_wconf 89' lang='lat' dir='ltr'>omnis</span> <span class='ocrx_word' id='word_1_288' title='bbox 978 2442 1167 2483; x_wconf 85' lang='lat' dir='ltr'>Romana</span> <span class='ocrx_word' id='word_1_289' title='bbox 1198 2442 1429 2496; x_wconf 74' lang='lat' dir='ltr'>captivique</span> <span class='ocrx_word' id='word_1_290' title='bbox 1454 2449 1499 2482; x_wconf 85' lang='lat' dir='ltr'>ut</span> 
     </span>
     <span class='ocr_line' id='line_1_37' title="bbox 147 2503 1498 2558; baseline 0.001 -15"><span class='ocrx_word' id='word_1_291' title='bbox 147 2503 326 2544; x_wconf 89' lang='lat' dir='ltr'>Romam</span> <span class='ocrx_word' id='word_1_292' title='bbox 363 2504 618 2545; x_wconf 86' lang='lat' dir='ltr'>mitterentur</span> <span class='ocrx_word' id='word_1_293' title='bbox 647 2519 834 2558; x_wconf 87' lang='lat' dir='ltr'>quaeque</span> <span class='ocrx_word' id='word_1_294' title='bbox 864 2519 927 2545; x_wconf 91' lang='lat' dir='ltr'>res</span> <span class='ocrx_word' id='word_1_295' title='bbox 959 2519 1033 2558; x_wconf 91' lang='lat' dir='ltr'>per</span> <span class='ocrx_word' id='word_1_296' title='bbox 1061 2503 1220 2544; x_wconf 87' lang='lat' dir='ltr'>fetiales</span> <span class='ocrx_word' id='word_1_297' title='bbox 1252 2518 1304 2544; x_wconf 81' lang='lat' dir='ltr'>ex</span> <span class='ocrx_word' id='word_1_298' title='bbox 1333 2503 1498 2544; x_wconf 86' lang='lat' dir='ltr'>foedere</span> 
     </span>
     <span class='ocr_line' id='line_1_38' title="bbox 147 2565 1499 2620; baseline 0.001 -15"><span class='ocrx_word' id='word_1_299' title='bbox 147 2565 342 2619; x_wconf 90' lang='lat' dir='ltr'>repetitae</span> <span class='ocrx_word' id='word_1_300' title='bbox 368 2573 524 2615; x_wconf 87' lang='lat' dir='ltr'>essent,</span> <span class='ocrx_word' id='word_1_301' title='bbox 552 2567 779 2607; x_wconf 86' lang='lat' dir='ltr'>secundum</span> <span class='ocrx_word' id='word_1_302' title='bbox 803 2567 866 2607; x_wconf 90' lang='lat' dir='ltr'>ius</span> <span class='ocrx_word' id='word_1_303' title='bbox 892 2566 1039 2620; x_wconf 86' lang='lat' dir='ltr'>fasque</span> <span class='ocrx_word' id='word_1_304' title='bbox 1063 2566 1384 2607; x_wconf 89' lang='lat' dir='ltr'>restituerentur.</span> <span class='ocrx_word' id='word_1_305' title='bbox 1439 2565 1499 2606; x_wconf 91' lang='lat' dir='ltr'>fe-</span> 
     </span>
     <span class='ocr_line' id='line_1_39' title="bbox 148 2626 1499 2683; baseline 0.001 -17"><span class='ocrx_word' id='word_1_306' title='bbox 148 2626 265 2668; x_wconf 82' lang='lat' dir='ltr'>tiales</span> <span class='ocrx_word' id='word_1_307' title='bbox 285 2627 476 2678; x_wconf 87' lang='lat' dir='ltr'>Romam,</span> <span class='ocrx_word' id='word_1_308' title='bbox 503 2635 545 2668; x_wconf 89' lang='lat' dir='ltr'>ut</span> <span class='ocrx_word' id='word_1_309' title='bbox 565 2636 823 2678; x_wconf 89' lang='lat' dir='ltr'>censuerunt,</span> <span class='ocrx_word' id='word_1_310' title='bbox 849 2628 967 2669; x_wconf 84' lang='lat' dir='ltr'>missi</span> <span class='ocrx_word' id='word_1_311' title='bbox 991 2635 1039 2669; x_wconf 85' lang='grc'>01·</span> <span class='ocrx_word' id='word_1_312' title='bbox 1055 2643 1202 2683; x_wconf 89' lang='lat' dir='ltr'>corpus</span> <span class='ocrx_word' id='word_1_313' title='bbox 1215 2627 1379 2669; x_wconf 88' lang='lat' dir='ltr'>Brutuli</span> <span class='ocrx_word' id='word_1_314' title='bbox 1403 2643 1499 2668; x_wconf 77' lang='lat' dir='ltr'>exa-</span> 
     </span>
     <span class='ocr_line' id='line_1_40' title="bbox 149 2688 1498 2746; baseline 0.001 -18"><span class='ocrx_word' id='word_1_315' title='bbox 149 2688 281 2730; x_wconf 91' lang='lat' dir='ltr'>nime:</span> <span class='ocrx_word' id='word_1_316' title='bbox 317 2689 406 2745; x_wconf 87' lang='lat' dir='ltr'>ipse</span> <span class='ocrx_word' id='word_1_317' title='bbox 436 2697 566 2731; x_wconf 90' lang='lat' dir='ltr'>morte</span> <span class='ocrx_word' id='word_1_318' title='bbox 597 2690 825 2732; x_wconf 80' lang='lat' dir='ltr'>voluntaria</span> <span class='ocrx_word' id='word_1_319' title='bbox 862 2690 1109 2746; x_wconf 85' lang='lat' dir='ltr'>ignominiae</span> <span class='ocrx_word' id='word_1_320' title='bbox 1147 2705 1190 2731; x_wconf 85' lang='lat' dir='ltr'>se</span> <span class='ocrx_word' id='word_1_321' title='bbox 1221 2704 1268 2731; x_wconf 91' lang='lat' dir='ltr'>ac</span> <span class='ocrx_word' id='word_1_322' title='bbox 1300 2689 1498 2745; x_wconf 87' lang='lat' dir='ltr'>supplicio</span> 
     </span>
    </p>
   </div>
   <div class='ocr_carea' id='block_1_9' title="bbox 1526 1710 1565 1737">
    <p class='ocr_par' dir='ltr' id='par_1_9' title="bbox 1526 1710 1565 1737">
     <span class='ocr_line' id='line_1_41' title="bbox 1526 1710 1565 1737; baseline 0 0"><span class='ocrx_word' id='word_1_323' title='bbox 1526 1710 1565 1737; x_wconf 80' lang='lat'>10</span> 
     </span>
    </p>
   </div>
   <div class='ocr_carea' id='block_1_10' title="bbox 1526 2025 1561 2052">
    <p class='ocr_par' dir='ltr' id='par_1_10' title="bbox 1526 2025 1561 2052">
     <span class='ocr_line' id='line_1_42' title="bbox 1526 2025 1561 2052; baseline 0 0"><span class='ocrx_word' id='word_1_324' title='bbox 1526 2025 1561 2052; x_wconf 92' lang='lat' dir='ltr'>ll</span> 
     </span>
    </p>
   </div>
   <div class='ocr_carea' id='block_1_11' title="bbox 1525 2577 1564 2605">
    <p class='ocr_par' dir='ltr' id='par_1_11' title="bbox 1525 2577 1564 2605">
     <span class='ocr_line' id='line_1_43' title="bbox 1525 2577 1564 2605; baseline 0 0"><span class='ocrx_word' id='word_1_325' title='bbox 1525 2577 1564 2605; x_wconf 74' lang='lat'>14</span> 
     </span>
    </p>
   </div>
  </div>
 </body>
</html>
