1835 3226
284 1298 302 1325 Ιῦ

325 243 409 285 284
676 246 830 281 LIBER
853 247 900 291 V,
925 246 980 280 3⁶2.
1000 246 1055 279 33.
1085 248 1136 289 [a.
1151 258 1186 280 U.
1202 258 1231 281 c.
1245 246 1328 290 363]

323 353 501 408 ignotior
523 366 626 406 gens
653 356 750 390 erat.
788 363 921 402 neque
947 349 1117 390 deorum
1142 348 1264 390 modo
1289 349 1444 390 monita
1466 349 1679 405 ingruente

323 417 408 455 fato
434 420 588 467 spreta,
627 412 701 453 sed
725 411 946 452 humanam
973 425 1136 464 quoque
1164 425 1302 465 opem,
1340 425 1446 464 quae
1476 426 1558 453 una
1583 420 1680 462 erat,

324 475 385 516 M.
411 474 603 523 Furium,
630 473 682 514 ab
706 473 808 514 urbe
834 487 1042 513 amovere:
1069 473 1139 526 qui
1184 473 1250 513 die
1275 473 1385 513 dicta
1409 473 1460 514 ab
1485 473 1538 514 L.
1565 473 1683 528 Apu-

321 539 400 578 leio
426 536 587 577 tribuno
612 535 745 590 plebis
765 542 931 590 propter
953 535 1149 590 praedam
1167 534 1452 584 Veientanam,
1479 535 1562 576 filio
1582 549 1683 588 quo-

321 614 401 653 que
420 598 683 639 adulescente
701 612 775 652 per
799 598 908 638 idem
935 604 1097 652 tempus
1123 596 1303 647 orbatus,
1329 609 1424 637 ‘cum
1450 597 1591 638 accitis
1611 597 1683 637 do-

323 676 436 702 mum
461 659 679 701 tribulibus
701 666 739 700 ct
760 659 991 709 clientibus,
1018 673 1124 712 quae
1143 674 1296 714 magna
1311 673 1408 713 pars
1428 658 1561 713 plebis
1583 668 1680 708 erat,

322 728 612 778 percunctatus
639 722 798 762 animos
824 736 965 762 eorum
989 736 1234 776 responsum
1259 721 1438 770 tulisset,
1473 735 1516 762 se
1547 721 1684 762 conla-

323 793 437 826 turos
462 784 605 838 quanti
630 784 848 824 damnatus
875 790 996 832 esset,
1024 783 1237 824 absolvere
1263 797 1357 823 cum
1381 797 1464 823 non
1481 797 1617 836 posse,
1643 783 1683 823 in

324 849 490 890 exilium
517 847 617 888 abiit
640 855 831 902 precatus
857 846 908 888 ab
935 847 1012 888 diis
1037 845 1336 895 inmortalibus,
1365 846 1400 887 si
1418 846 1585 887 innoxio
1605 845 1683 886 sibi

325 927 373 952 ca
401 910 549 951 iniuria
579 909 712 972 fieret,
750 909 883 964 primo
920 923 1083 963 quoque
1119 915 1302 963 tempore
1333 908 1584 950 desiderium
1621 908 1684 949 sui

325 973 479 1013 civitati
504 972 689 1026 ingratae
713 971 909 1012 faccrent.
963 970 1113 1012 absens
1140 971 1374 1024 quindecim
1400 970 1567 1011 milibus
1592 985 1686 1025 gra-

325 1034 387 1075 vis
413 1034 518 1075 aeris
544 1034 772 1074 damnatur.

409 1095 637 1136 XXXIII.
691 1095 882 1150 Expulso
908 1095 1014 1145 cive,
1048 1109 1129 1148 quo
1160 1100 1368 1143 manente,
1402 1094 1437 1136 si
1467 1093 1685 1147 quicquam

326 1158 597 1198 humanorum
624 1157 723 1197 certi
748 1164 822 1205 est,
849 1157 940 1212 capi
959 1157 1094 1198 Roma
1114 1172 1194 1198 non
1214 1162 1414 1211 potuerat,
1441 1156 1687 1197 adventante

326 1219 441 1261 fatali
465 1218 557 1260 urbi
583 1219 716 1268 clade,
749 1219 876 1274 legati
901 1219 952 1260 ab
981 1218 1164 1260 Clusinis
1196 1219 1367 1258 veniunt
1392 1217 1590 1258 auxilium
1616 1217 1686 1257 ad-

327 1296 472 1323 versus
500 1279 643 1321 Gallos
670 1287 867 1335 petentes.
917 1295 1008 1321 eam
1039 1287 1206 1335 gentem
1233 1280 1405 1320 traditur
1435 1279 1546 1319 fama
1597 1278 1687 1318 dul-

327 1343 469 1384 cedine
494 1342 661 1397 frugum
686 1343 946 1395 maximeque
971 1342 1067 1390 vini,
1093 1357 1200 1381 nova
1227 1348 1313 1381 tum
1338 1340 1564 1394 voluptate,
1592 1354 1687 1394 cap-

327 1413 411 1446 tam
447 1405 579 1459 Alpes
617 1405 814 1445 transisse
856 1418 1060 1459 agrosque
1103 1403 1154 1444 ab
1194 1402 1383 1443 Etruscis
1427 1409 1520 1442 ante
1557 1402 1686 1442 cultos

285 1484 302 1511 :3
327 1467 583 1522 possedisse3
610 1473 649 1507 et
672 1467 879 1507 invexisse
899 1466 941 1506 in
962 1464 1142 1507 Galliam
1165 1465 1306 1505 vinum
1326 1464 1567 1504 inliciendae
1587 1479 1687 1519 gen-

290 2658 308 2687 S

292 2721 309 2750 9

329 1530 380 1570 tis
408 1544 533 1570 causa
551 1528 776 1569 Arruntem
798 1528 1017 1569 Clusinum
1041 1528 1101 1567 ira
1127 1533 1339 1580 corruptae
1364 1526 1503 1566 uxoris
1529 1525 1580 1566 ab
1600 1526 1689 1566 Lu-

329 1605 521 1640 cumone,
554 1591 619 1631 cui
644 1597 753 1631 tutor
776 1591 811 1631 is
836 1590 970 1630 fuerat
994 1590 1101 1644 ipsc,
1134 1594 1398 1643 praepotente
1428 1588 1575 1628 iuvene
1602 1594 1641 1628 et
1666 1604 1689 1628 a

329 1668 411 1706 quo
437 1652 573 1706 expeti
597 1667 772 1706 poenae,
798 1651 878 1692 nisi
903 1658 1071 1692 externa
1094 1651 1157 1691 vis
1184 1650 1370 1703 quaesita
1395 1657 1522 1699 esset,
1548 1650 1689 1703 nequi-

329 1720 436 1755 rent:
467 1714 578 1755 hunc
603 1713 910 1754 transcuntibus
935 1712 1068 1767 Alpes
1093 1712 1241 1753 ducem
1275 1718 1564 1766 auctoremque
1591 1711 1690 1753 Clu-

330 1777 436 1818 sium
462 1776 729 1831 oppugnandi
753 1776 896 1816 fuisse.

413 1838 623 1893 Equidem
647 1838 748 1878 haut
772 1837 1004 1887 abnuerim,
1045 1836 1236 1878 Clusium
1265 1833 1408 1877 Gallos
1435 1834 1485 1876 ab
1511 1833 1690 1876 Arrunte

331 1916 404 1941 seu
429 1915 510 1954 quo
536 1900 616 1941 alio
644 1899 818 1941 Clusino
844 1900 1043 1941 adductos
1053 1915 1063 1949 3
1102 1899 1176 1939 sed
1201 1913 1290 1947 eos,
1331 1898 1401 1951 qui
1426 1911 1692 1952 oppugnave-

328 1964 410 2004 rint
431 1962 634 2012 Clusium,
659 1978 743 2004 non
767 1963 897 2004 fuisse
922 1963 992 2016 qui
1016 1961 1137 2016 primi
1156 1960 1288 2016 Alpes
1320 1960 1565 2008 transierint,
1593 1959 1691 2000 satis

330 2032 501 2067 constat.
556 2025 743 2066 ducentis
775 2025 927 2079 quippe
959 2025 1076 2065 annis
1108 2030 1202 2065 ante
1240 2037 1363 2076 quam
1399 2021 1589 2063 Clusium
1621 2036 1693 2075 op-

329 2094 560 2144 pugnarent
588 2087 816 2141 urbemque
846 2087 1024 2129 Romam
1062 2092 1272 2141 caperent,
1314 2085 1357 2125 in
1386 2084 1548 2125 Italiam
1581 2081 1692 2125 Galli

331 2150 690 2199 transcenderunt3
731 2164 808 2190 nec
844 2164 937 2190 cum
974 2149 1038 2189 his
1075 2148 1253 2203 primum
1292 2146 1581 2194 Etruscorum,
1620 2145 1693 2186 sed

330 2212 460 2253 multo
486 2218 580 2252 ante
606 2227 700 2252 cum
725 2212 793 2260 iis,
831 2211 902 2265 qui
932 2211 1038 2251 inter
1062 2209 1358 2264 Appenninum
1385 2207 1600 2262 Alpesque
1632 2207 1692 2247 in-

333 2274 533 2324 colebant,
561 2289 683 2329 saepe
709 2274 912 2315 exercitus
940 2272 1089 2314 Gallici
1113 2277 1415 2327 pugnaverunt.
1459 2269 1692 2310 Tuscorum

332 2343 425 2378 ante
444 2336 679 2377 Romanum
704 2335 921 2391 imperium
946 2335 1025 2376 late
1051 2341 1158 2375 terra
1182 2333 1365 2386 marique
1392 2347 1490 2387 opes
1510 2341 1690 2386 patuere.

332 2399 434 2439 mari
460 2413 609 2453 supero
634 2397 867 2452 inferoque,
899 2397 1050 2452 quibus
1075 2396 1196 2437 Italia
1225 2395 1384 2436 insulae
1416 2394 1537 2434 modo
1564 2393 1693 2448 cingi-

333 2467 409 2510 tur,
436 2467 635 2514 quantum
659 2460 878 2515 potuerint,
905 2459 1071 2500 nomina
1098 2464 1192 2499 sunt
1217 2464 1472 2511 argumento,
1499 2455 1610 2509 quod
1635 2454 1693 2495 al-

333 2531 465 2564 terum
491 2523 689 2572 Tuscum,
717 2522 925 2564 communi
949 2521 1150 2563 vocabulo
1176 2520 1328 2575 gentis,
1355 2519 1527 2560 alterum
1553 2517 1692 2558 Atria-

334 2585 459 2626 ticum
484 2600 595 2626 mare
621 2584 673 2626 ab
698 2583 819 2626 Atria
843 2585 1078 2625 Tuscorum
1109 2582 1268 2623 colonia
1299 2595 1498 2622 vocavere
1524 2579 1691 2620 Italicae

336 2654 499 2700 gentes3
527 2645 678 2688 Graeci
692 2647 835 2687 eadem
850 2645 1109 2700 Tyrrhenum
1124 2650 1247 2697 atquc
1260 2643 1514 2683 Adriaticum
1529 2646 1688 2681 vocant.

335 2714 374 2747 et
398 2708 440 2748 in
465 2714 685 2762 utrumque
704 2722 815 2749 mare
837 2716 1053 2763 vergentes
1073 2706 1278 2747 incoluere
1298 2704 1469 2745 urbibus
1489 2699 1688 2743 duodenis
