1835 3226
331 174 412 215 388
697 180 851 214 LIBER
876 180 967 224 vn,
992 181 1046 214 36.
1075 183 1123 223 [a.
1138 192 1172 215 u.
1189 192 1218 216 e.
1232 181 1314 225 411]

332 291 397 324 tus
423 283 522 337 vigil
549 297 642 323 cum
666 283 900 336 proximum
926 283 1124 324 movisset
1149 284 1353 337 erectique
1379 284 1481 325 alios
1507 288 1684 328 eoncita-

331 351 437 393 rent,
463 345 613 398 ignari,
641 345 751 385 cives
773 360 823 384 an
843 345 983 385 hostes
1003 351 1160 395 essent,
1186 346 1436 400 praesidium
1456 356 1685 402 erumperet

287 421 305 449 3
331 422 383 447 an
408 407 551 447 consul
576 414 710 447 castra
735 408 929 461 cepisset,
955 407 1132 457 Decius,
1159 409 1353 462 quoniam
1377 424 1459 450 non
1484 410 1683 460 fallerent,

331 469 551 509 clamorem
583 468 723 509 tollere
754 469 878 510 iussis
911 469 1109 511 militibus
1141 471 1323 525 torpidos
1350 486 1494 512 somno
1519 472 1687 527 insuper

329 544 480 584 pavore
507 530 730 579 exanimat,
757 545 838 584 quo
864 531 1091 586 praepediti
1115 546 1191 572 nee
1216 547 1329 573 arma
1354 532 1513 587 inpigre
1539 548 1685 588 capere

285 606 305 634 4
331 606 405 632 nec
442 591 641 633 obsistere
677 607 753 633 nec
788 593 950 647 insequi
979 600 1178 648 poterant.
1238 594 1344 635 inter
1373 595 1686 649 trepidationem

330 653 632 707 tumultumque
655 652 903 696 Samnitium
928 655 1178 710 praesidium
1198 655 1432 697 Romanum
1458 657 1589 699 obviis
1616 672 1686 698 eu-

331 716 517 757 stodibus
544 717 674 757 caesis
700 717 752 757 ad
778 724 913 758 castra
938 718 1118 759 consulis
1144 719 1343 772 pervadit.

285 793 304 820 5
413 777 687 831 Aliquantum
720 786 931 833 supererat
961 780 1091 821 noctis
1123 780 1286 834 iamque
1311 782 1352 821 in
1378 787 1465 823 tuto
1490 781 1686 823 videban-

329 847 395 880 tur
419 855 529 890 esse,
563 855 656 881 eum
675 841 834 882 Decius
863 846 1014 883 ‘macte
1038 843 1219 892 virtute,'
1251 844 1383 897 inquit
1409 844 1575 885 ‘milites
1604 845 1686 885 Ro-

330 903 452 952 mani,
475 910 579 952 estc3
605 910 788 944 vestrum
807 905 884 945 iter
902 919 950 946 ac
968 905 1142 946 reditum
1163 906 1300 946 omnia
1317 907 1481 947 saecula
1493 906 1684 948 laudibus

286 978 304 1007 6
332 966 480 1016 ferent,
508 967 580 1007 scd
600 967 651 1007 ad
677 968 1010 1022 conspiciendam
1036 974 1190 1009 tantam
1215 969 1407 1009 virtutem
1432 969 1522 1009 luce
1548 984 1594 1010 ae
1621 970 1685 1010 die

330 1044 434 1083 opus
466 1036 546 1078 est,
584 1044 660 1070 nee
690 1045 763 1070 vos
796 1030 909 1085 digni
941 1031 1058 1080 estis,
1097 1046 1200 1084 quos
1233 1045 1326 1071 cum
1353 1037 1466 1072 tanta
1489 1031 1620 1085 gloria
1644 1031 1685 1071 in

331 1098 465 1131 castra
500 1091 671 1131 reduces
705 1092 910 1132 silentium
943 1107 989 1133 ae
1020 1107 1103 1133 nox
1133 1099 1262 1147 tegat:
1299 1093 1366 1133 hic
1396 1093 1529 1133 lucem
1561 1093 1686 1146 quieti

332 1152 614 1206 opperiemur.’
674 1153 793 1193 dictis
836 1153 1175 1208 obtemperatum.
1237 1161 1359 1208 atque
1401 1155 1473 1195 ubi
1507 1155 1686 1209 primum

330 1214 494 1263 inluxit,
531 1215 759 1268 praemisso
790 1216 932 1257 nuntio
957 1216 1009 1256 ad
1035 1216 1247 1257 consulem
1278 1217 1320 1256 in
1346 1223 1497 1265 castra,
1529 1217 1686 1271 ingenti

330 1275 482 1329 gaudio
508 1277 780 1317 concitantur:
807 1284 846 1317 et
872 1284 1027 1318 tessera
1052 1278 1146 1318 data
1171 1278 1397 1318 incolumes
1423 1279 1588 1326 reverti,
1615 1278 1685 1331 qui

333 1352 408 1378 sua
439 1352 610 1392 corpora
639 1353 714 1392 pro
746 1339 876 1379 salute
907 1340 1090 1379 omnium
1121 1340 1231 1380 haud
1257 1339 1382 1380 dubio
1406 1340 1587 1394 periculo
1613 1340 1685 1380 ob-

331 1399 541 1449 iecissent,
568 1415 642 1454 pro
669 1415 712 1441 se
737 1401 912 1454 quisque
939 1401 1103 1442 obviam
1124 1402 1244 1441 effusi
1264 1401 1449 1450 laudant,
1476 1402 1685 1455 gratulan-

331 1468 407 1509 tur,
436 1462 620 1516 singulos
647 1463 861 1503 universos
883 1471 1112 1504 servatores
1133 1478 1229 1504 suos
1250 1471 1414 1513 vocant,
1442 1464 1518 1504 diis
1539 1464 1682 1504 laudes

286 1534 304 1563 S
331 1529 550 1576 gratesque
587 1531 733 1577 agunt,
770 1524 950 1564 Decium
986 1525 1027 1564 in
1064 1525 1221 1565 caelum
1258 1526 1405 1566 ferunt.
1467 1526 1531 1566 hic
1562 1526 1684 1566 Decii

331 1585 551 1626 castrensis
572 1585 802 1639 triumphus
823 1586 900 1626 fuit
925 1586 1149 1627 incedentis
1176 1602 1249 1641 per
1273 1588 1407 1628 media
1433 1595 1565 1629 castra
1591 1602 1684 1627 cum

331 1653 487 1687 armato
506 1647 712 1701 praesidio
738 1648 932 1689 coniectis
959 1648 1000 1688 in
1027 1663 1120 1688 cum
1147 1649 1330 1689 omnium
1356 1650 1483 1691 oculis
1510 1656 1548 1690 ct
1574 1650 1683 1689 omni

287 1722 303 1750 υ
331 1707 484 1749 honore
511 1708 719 1749 tribunum
746 1709 904 1749 consuli
930 1710 1214 1763 aequantibus.
1263 1710 1335 1751 ubi
1360 1711 1411 1751 ad
1436 1712 1684 1765 praetorium

330 1778 498 1811 ventum
518 1779 598 1821 cst,
626 1772 769 1812 consul
790 1771 962 1813 classico
984 1772 1036 1812 ad
1055 1772 1287 1813 contionem
1307 1780 1521 1822 convocat,
1549 1789 1685 1813 orsus-

330 1848 409 1887 que
446 1834 612 1875 meritas
643 1834 766 1875 Decii
801 1834 945 1875 laudes
982 1835 1201 1876 interfante
1236 1835 1326 1889 ipso
1357 1835 1491 1876 Decio
1528 1835 1685 1875 distulit

265 1908 305 1937 10
331 1897 581 1945 contionem,
620 1897 692 1950 qui
723 1904 864 1938 auctor
895 1898 1032 1938 omnia
1061 1897 1356 1952 posthabendi,
1394 1898 1492 1938 dum
1524 1897 1686 1938 occasio

330 1959 372 1999 in
408 1959 599 2000 manibus
632 1966 760 2008 esset,
797 1960 975 2014 perpulit
1006 1960 1236 2009 consulem,
1273 1967 1319 2000 ut
1349 1960 1487 2001 hostes
1519 1967 1558 2000 et
1589 1974 1686 2000 noc-

330 2027 450 2062 turno
475 2036 627 2076 pavore
653 2022 845 2063 attonitos
872 2029 910 2063 et
935 2022 1041 2063 cirea
1067 2023 1212 2063 collem
1239 2022 1481 2063 castellatim
1511 2022 1686 2076 dissipa-

330 2090 393 2123 tos
415 2083 724 2138 adgrederetur:
751 2084 915 2125 credere
935 2085 1076 2134 etiam,
1104 2085 1262 2138 aliquos
1283 2085 1334 2125 ad
1360 2099 1403 2126 se
1430 2084 1685 2138 sequendum

266 2157 301 2185 11
331 2145 504 2186 emissos
530 2160 603 2200 per
628 2146 776 2187 saltum
803 2146 956 2201 vagari.
1017 2147 1154 2188 iussae
1179 2147 1360 2201 legiones
1387 2161 1500 2187 arma
1525 2160 1683 2200 capere,

331 2221 604 2261 egressaeque
630 2208 794 2257 castris,
821 2222 914 2248 cum
940 2223 1013 2263 per
1038 2209 1314 2263 exploratores
1340 2209 1474 2250 notior
1497 2208 1579 2249 iam
1606 2207 1685 2248 sal-

266 2282 304 2310 12
332 2276 395 2310 tus
423 2276 552 2319 esset,
590 2270 656 2311 ria
681 2270 906 2325 patentiore
938 2271 991 2311 ad
1020 2271 1182 2312 hostem
1214 2272 1435 2321 ducuntur3
1473 2285 1593 2324 quem
1626 2270 1686 2309 in-

330 2339 496 2372 cautum
527 2332 736 2386 inproviso
767 2333 952 2383 adortae,
984 2347 1077 2374 cum
1103 2334 1229 2387 palati
1253 2333 1410 2388 passim
1438 2331 1685 2374 Samnitium

330 2393 479 2435 milites
510 2394 694 2448 plerique
725 2395 901 2436 inermes
926 2409 1004 2436 nce
1029 2395 1136 2436 coire
1160 2395 1203 2436 in
1228 2411 1355 2436 unum
1379 2410 1455 2436 nec
1480 2410 1593 2436 arma
1619 2409 1686 2434 ca—

330 2469 425 2508 pere
461 2470 538 2497 1100
574 2457 754 2511 recipere
797 2457 903 2498 intra
944 2457 1099 2498 vallum
1143 2472 1186 2497 sc
1228 2464 1417 2512 possent,
1466 2463 1685 2511 paventem

329 2517 506 2570 primum
537 2518 579 2558 in
610 2525 744 2559 eastra
775 2519 1027 2573 conpellunt,
1066 2519 1213 2560 deinde
1239 2526 1373 2560 castra
1397 2520 1488 2574 ipsa
1513 2517 1684 2558 turbatis

266 2590 305 2619 13
332 2579 575 2621 stationibus
602 2580 780 2635 capiunt.
835 2581 1040 2635 perfertur
1064 2581 1172 2623 circa
1197 2581 1343 2622 collem
1369 2581 1522 2622 clamor
1547 2580 1684 2634 fugat-

332 2653 410 2691 que
436 2656 487 2681 ex
514 2642 599 2683 suis
626 2657 831 2697 quemque
856 2644 1086 2698 praesidiis.
1147 2644 1203 2685 ita
1227 2659 1379 2699 magna
1403 2658 1497 2698 pars
1524 2641 1681 2683 absenti

288 1165 303 1192 *1
