1780 3204
442 269 598 304 LIBER
622 270 718 315 ΗΠ,
745 270 800 304 27.
822 270 877 305 28.
907 272 955 314 [a.
971 269 1009 304 C.
1022 269 1105 314 431]
1369 263 1450 304 219

95 373 349 415 munimenta
373 372 581 428 planitiem
606 373 648 414 in
672 373 806 415 medio
830 388 912 415 non
936 374 1073 428 parvis
1099 374 1220 416 modo
1247 375 1454 416 excursio-

96 435 216 477 nibus
248 435 301 476 ad
323 435 496 490 proelia,
530 436 603 477 sed
633 435 699 476 vel
729 435 781 476 ad
812 435 1075 490 explicandas
1107 436 1311 490 utrimque
1343 437 1451 478 acies

97 499 195 540 satis
220 504 428 553 patentem
453 497 672 539 habebant.
721 512 798 539 nec
828 512 880 539 ex
909 513 990 551 quo
1022 499 1165 540 castris
1198 506 1332 540 castra
1357 513 1454 540 con·
1479 513 1497 541 5

95 560 178 601 lata
209 566 304 602 sunt
335 566 542 601 cessatum
571 575 596 601 a
624 559 784 601 levibus
814 560 979 614 proeliis
1005 566 1085 610 est,
1124 560 1245 602 facile
1274 561 1454 615 patiente

96 622 305 671 dictatore,
333 621 580 663 conferendo
605 621 712 663 vires
739 636 855 676 spem
875 622 1091 663 universae
1110 623 1304 664 victoriae
1324 629 1454 678 temp-

96 690 179 724 tato
204 683 402 738 paulatim
428 690 577 724 eventu
601 684 871 724 certaminum
897 698 994 724 suos
1018 684 1267 739 praecipere.
1315 684 1452 738 itaque
1479 699 1495 728 6

95 745 254 795 hostes,
280 745 393 786 nulla
416 745 458 785 in
482 745 636 800 proelio
661 746 768 786 iusto
792 745 934 786 relicta
959 759 1050 800 spe,
1082 752 1206 787 noctu
1231 745 1362 786 adorti
1386 760 1453 787 cae

98 813 181 848 stra
206 806 384 848 consulis
410 821 496 847 rem
520 807 562 846 in
587 821 730 848 casum
761 807 949 861 ancipitis
983 814 1153 849 eventus
1180 807 1450 848 committunt.

96 868 250 909 clamor
275 868 410 909 subito
435 875 547 909 ortus
573 883 656 909 non
680 868 860 910 consulis
886 869 1009 909 modo
1034 868 1200 924 vigileS,
1227 870 1452 912 exercitum

99 930 244 971 deinde
269 945 452 979 omnem,
486 930 559 970 sed
583 930 824 971 dictatorem
849 944 1012 983 quoque
1038 945 1089 971 ex
1120 946 1263 973 somno
1289 931 1450 973 excivit.

96 992 165 1033 ubi
189 992 395 1047 praesenti
419 1006 496 1046 ope
526 1007 591 1033 res
623 991 818 1047 egebant,
857 992 1001 1032 consul
1031 1007 1107 1033 nec
1132 993 1269 1034 animo
1300 992 1452 1034 defecit
1479 1004 1494 1031 ῖ

95 1067 171 1094 nec
196 1054 364 1095 consilio
373 1070 383 1103 3
408 1068 503 1108 pars
528 1054 703 1094 militurn
726 1060 937 1108 portarum
963 1054 1159 1095 stationes
1182 1054 1328 1104 firmat,
1355 1068 1451 1108 pars

64 1117 70 1128 ¹
96 1129 246 1157 corona
268 1115 423 1156 vallum
448 1115 629 1170 cingunt.
677 1115 720 1155 in
744 1114 881 1155 alteris
908 1115 1018 1168 apud
1043 1115 1282 1156 dictatorem
1307 1115 1450 1156 castris
1477 1126 1495 1156 8

97 1189 178 1228 quo
198 1177 332 1218 minus
353 1177 552 1217 tumultus
574 1183 647 1225 est,
675 1190 722 1216 eo
742 1175 836 1230 plus
857 1175 1206 1224 animadvertitur,
1233 1176 1332 1230 quid
1346 1191 1449 1230 opus

95 1238 203 1279 facto
229 1239 292 1279 sit.
341 1239 514 1279 missum
539 1237 744 1292 extemplo
770 1237 822 1278 ad
847 1243 982 1277 castra
1007 1236 1256 1288 subsidium,
1283 1238 1349 1279 cui
1376 1237 1448 1293 Sp.

94 1299 331 1340 Postumius
356 1299 492 1340 Albus
518 1299 679 1354 legatus
704 1298 956 1353 praeficitur3
982 1298 1071 1353 ipse
1097 1307 1212 1354 parte
1240 1300 1451 1355 copiarum

92 1375 219 1415 parvo
244 1360 414 1401 circuitu
444 1361 581 1401 locum
612 1360 790 1401 maxime
816 1367 1018 1401 secretum
1051 1360 1102 1402 ab
1134 1361 1311 1402 tumultu
1335 1362 1449 1416 petit,

93 1421 199 1462 unde
231 1436 282 1463 ex
311 1421 554 1477 necopinato
585 1437 777 1463 aversum
807 1421 969 1462 hostem
1001 1422 1179 1464 invadat.
1231 1422 1283 1476 Q.
1313 1422 1452 1478 Sulpi-
1477 1438 1494 1466 9

92 1483 201 1524 cium
224 1482 406 1539 legatum
431 1483 616 1538 praeficit
641 1484 804 1533 castris,
841 1482 903 1524 M.
930 1483 1062 1525 Fabio
1091 1484 1228 1540 legato
1260 1485 1451 1540 adsignat

92 1546 267 1599 equites,
304 1560 381 1587 nec
406 1552 499 1587 ante
523 1546 659 1587 lucem
686 1561 850 1587 movere
882 1545 997 1587 iubet
1026 1562 1195 1587 manum
1225 1547 1330 1588 inter
1353 1562 1451 1589 noc-

91 1614 232 1648 turnos
253 1607 452 1649 tumultus
472 1608 686 1649 moderatu
704 1608 928 1649 difficilem.
966 1609 1115 1658 omnia,
1142 1623 1248 1662 quae
1268 1609 1332 1650 vel
1346 1609 1450 1651 alius

91 1669 312 1724 imperator
334 1670 514 1723 prudens
541 1676 581 1710 et
603 1670 765 1725 inpiger
787 1670 831 1710 in
855 1670 926 1710 tali
950 1685 993 1710 re
1012 1671 1267 1725 praeciperet
1291 1678 1450 1726 ageret-

92 1745 190 1784 que,
226 1731 424 1785 praecipit
453 1732 594 1772 ordine
631 1738 752 1785 atque
784 1732 885 1786 agit:
922 1731 1023 1772 illud
1059 1732 1254 1772 eximium
1290 1732 1450 1772 consilii
1478 1746 1518 1775 10

93 1792 300 1845 animique
338 1792 547 1846 specimen
578 1799 618 1834 et
647 1793 887 1846 neutiquam
918 1793 1108 1848 volgatae
1144 1793 1300 1842 laudis,
1339 1794 1451 1846 quod

93 1854 198 1894 ultro
224 1854 277 1894 ad
301 1855 578 1909 oppugnanda
602 1861 736 1895 castra
759 1854 952 1904 hostium,
979 1855 1087 1895 unde
1113 1855 1266 1896 maiore
1285 1856 1449 1910 agmine

92 1915 300 1970 profectos
326 1915 583 1970 exploratum
606 1915 758 1965 fuerat,
796 1915 858 1956 M.
887 1914 1123 1972 Geganium
1154 1931 1249 1957 cum
1275 1917 1450 1958 cohorti-

93 1976 171 2018 bus
192 1976 358 2017 delectis
379 1977 500 2017 misit.
538 1977 608 2030 qui
625 1983 846 2031 postquam
865 1978 1041 2019 intentos
1061 1977 1247 2020 homines
1266 1979 1307 2019 in
1327 1993 1449 2020 even·
1477 1993 1513 2022 11

93 2045 181 2078 tum
211 2038 380 2093 periculi
411 2039 533 2080 alieni
563 2054 636 2094 pro
668 2054 711 2080 se
741 2039 928 2081 incautos
959 2039 1159 2095 neglectis
1190 2041 1340 2096 vigiliis
1367 2048 1449 2084 sta—

93 2100 355 2154 tionibusque
387 2107 449 2142 est
480 2101 667 2151 adortus,
703 2101 816 2156 prius
851 2116 981 2156 paene
1013 2102 1121 2156 cepit
1157 2109 1290 2144 castra
1325 2118 1448 2157 quam

94 2162 325 2218 obpugnari
349 2163 488 2204 hostes
515 2163 613 2204 satis
640 2163 801 2204 scirent.
844 2163 939 2204 inde
964 2164 1092 2214 fumo,
1118 2171 1164 2205 ut
1188 2160 1445 2215 convenerat,
1476 2179 1513 2208 12

94 2224 234 2264 datum
261 2225 425 2279 signum
450 2225 521 2266 ubi
546 2232 812 2280 conspectum
837 2225 888 2267 ab
914 2226 1110 2267 dictatore
1130 2232 1204 2276 est,
1230 2227 1444 2276 exclamat,

94 2291 213 2339 capta
237 2285 416 2326 hostium
442 2293 587 2336 castra,
613 2287 872 2340 nuntiarique
896 2287 1055 2342 passim
1078 2287 1203 2329 iubet.

177 2346 398 2388 XXVIII.
424 2348 480 2389 Et
498 2349 580 2389 iam
598 2348 822 2390 luciscebat
842 2349 1059 2403 omniaque
1079 2349 1156 2391 sub
1176 2349 1305 2391 oculis
1319 2357 1444 2392 erant.
1475 2366 1488 2394 1

94 2414 133 2449 et
155 2408 311 2450 Fabius
333 2424 426 2450 cum
445 2410 627 2464 equitatu
645 2410 845 2465 impetum
864 2411 1031 2452 dederat
1050 2417 1089 2452 et
1108 2412 1250 2452 consul
1269 2413 1447 2466 eruptio-

92 2484 186 2510 nem
212 2484 233 2510 e
259 2471 402 2512 castris
427 2471 470 2511 in
494 2472 673 2526 trepidos
698 2473 781 2513 iam
805 2472 945 2514 hostes
971 2473 1143 2514 fecerat:
1176 2474 1350 2515 dictator
1374 2489 1446 2515 au·
1471 2487 1489 2516 ‘2

92 2539 192 2581 tem,
229 2538 344 2587 parte
380 2533 507 2574 altera
543 2533 728 2575 subsidia
763 2540 803 2575 et
839 2535 1062 2576 secundam
1099 2535 1228 2576 aciem
1265 2536 1443 2586 adortus,

92 2592 385 2649 circumagenti
411 2609 454 2636 se
480 2596 532 2636 ad
557 2595 747 2637 dissonos
773 2595 972 2637 clamores
999 2610 1046 2637 ac
1066 2596 1224 2638 subitos
1244 2598 1444 2640 tumultus

92 2653 198 2695 hosti
217 2656 396 2709 undique
416 2656 621 2699 obiecerat
641 2657 837 2698 victorem
855 2658 1034 2712 peditem
1053 2658 1325 2713 equitemque.
1369 2660 1445 2701 cir-
1470 2675 1488 2704 3

92 2718 296 2758 cumventi
320 2718 445 2773 igitur
469 2719 551 2760 iam
575 2719 617 2760 in
642 2719 776 2761 medio
802 2719 854 2760 ad
879 2734 1005 2761 unum
1031 2735 1172 2762 omnes
1203 2735 1358 2776 poenas
1382 2736 1445 2763 re-
