1780 3204
468 247 619 282 LIBER
644 247 739 292 1111,
765 248 818 281 57.
839 248 892 282 58.
921 250 968 291 [a.
985 247 1233 291 oms-400]
1446 240 1526 280 247

173 366 308 407 agros.
359 351 532 392 dictator
562 350 670 392 bello
702 352 757 392 ita
786 357 923 406 gesto,
962 357 1007 392 ut
1036 357 1195 392 tantum
1231 366 1314 393 non
1346 351 1528 394 defuisse
1554 365 1572 394 8

172 413 362 454 fortunae
386 413 610 462 videretur,
643 413 836 454 felicitate
860 428 984 467 quam
1010 413 1141 468 gloria
1165 414 1295 455 maior
1318 413 1362 454 in
1386 414 1529 456 urbem

171 476 294 525 redit,
332 476 657 531 magistratuque
689 490 733 516 se
764 474 981 516 abdicavit.
1033 475 1183 516 tribuni
1208 476 1383 516 militum
1415 491 1529 517 men·
1555 491 1572 519 9

172 538 282 579 tione
306 538 417 579 nulla
443 537 699 579 comitiorum
724 537 1000 579 consularium
1025 537 1176 587 habita,
1203 539 1325 580 credo
1350 538 1402 580 ob
1427 539 1529 579 iram

171 600 381 641 dictatoris
418 600 560 649 creati,
597 599 854 641 tribunorum
889 599 1064 640 militum
1100 600 1265 641 comitia
1301 601 1527 641 edixerunt.

171 669 257 702 tum
281 676 378 703 vero
403 661 569 717 gravior
592 676 690 702 cura
708 661 892 716 patribus
913 662 1094 712 incessit,
1121 662 1273 717 quippe
1299 677 1391 704 cum
1411 663 1530 718 prodi
1558 677 1596 705 10

171 738 339 764 causam
371 723 423 765 ab
455 724 540 765 suis
573 730 795 764 cernerent.
850 724 989 777 itaque
1020 724 1126 765 siout
1154 724 1289 779 priore
1320 739 1427 765 anno
1457 739 1531 779 per
1559 740 1591 767 11

170 786 479 842 indignissimos
523 801 573 827 ex
609 785 781 840 plebeiis
819 786 1058 827 candidatos
1096 787 1280 827 omnium
1318 787 1440 827 etiam
1471 787 1531 828 di-

170 863 346 903 gnorum
382 848 564 889 taedium
604 848 805 897 fecerant,
855 848 915 889 sic
956 854 1043 888 tum
1078 848 1325 903 primoribus
1367 856 1530 903 patrum

171 911 387 965 splendore
411 910 625 966 gratiaque
657 910 710 950 ad
739 910 963 964 petendum
987 911 1241 965 praeparatis
1274 911 1410 952 omnia
1440 911 1531 952 loca

170 972 399 1022 obtinuere,
437 987 488 1013 ne
524 972 590 1012 cui
625 971 787 1026 plebeio
824 971 958 1012 aditus
1000 978 1120 1013 esset.
1176 979 1369 1025 quattuor
1404 973 1529 1014 creati
1558 987 1596 1015 12

171 1041 277 1083 sunt,
304 1049 446 1075 omnes
472 1034 554 1074 iam
579 1033 709 1074 functi
735 1048 782 1074 eo
808 1033 980 1074 honore:
1006 1034 1059 1073 L.
1080 1033 1232 1074 Furius
1258 1033 1527 1084 Medullinus,

170 1096 219 1138 C.
245 1096 436 1139 Valerius
468 1096 652 1145 Potitus,
689 1095 740 1136 N.
766 1095 924 1136 Fabius
957 1095 1209 1144 Vibulanus,
1249 1095 1298 1136 C.
1327 1095 1528 1136 Servilius

168 1159 323 1208 Ahala,
361 1159 427 1199 hic
456 1159 636 1199 refectus
668 1158 905 1198 continuato
936 1157 1091 1197 honore
1117 1171 1211 1198 cuin
1242 1157 1294 1198 ob
1321 1157 1421 1198 alias
1448 1159 1529 1199 vir-

169 1227 274 1262 tutes
301 1227 387 1261 tum
407 1220 459 1261 ob
478 1226 685 1260 recentem
704 1218 890 1259 favorem
908 1218 1030 1259 unica
1049 1218 1327 1259 moderatione
1351 1226 1526 1273 partum.

249 1282 416 1323 LVIII.
452 1281 519 1322 Eo
545 1296 651 1322 anno
677 1281 773 1334 quia
798 1287 960 1335 tempus
980 1281 1230 1321 indutiarum
1251 1295 1344 1321 cum
1364 1281 1527 1322 Veienti
1561 1297 1567 1323 1

165 1345 317 1399 populo
343 1344 514 1393 exierat,
551 1359 625 1399 per
648 1343 808 1399 legatos
833 1344 1076 1398 fetialesque
1102 1359 1167 1385 res
1191 1345 1320 1398 repeti
1345 1352 1526 1399 coeptae.

165 1405 314 1459 quibus
351 1405 611 1447 venientibus
647 1407 701 1447 ad
735 1406 860 1447 finem
895 1406 1048 1462 legatio
1086 1406 1324 1447 Veientium
1362 1407 1527 1448 obviam

165 1467 254 1509 fuit.
290 1468 456 1523 petiere,
482 1483 534 1508 ne
558 1468 671 1523 prius
697 1483 823 1522 quam
847 1468 927 1523 ipsi
954 1476 1143 1509 senatum
1162 1468 1398 1510 Romanum
1418 1470 1527 1510 adis-

166 1536 268 1580 sent,
294 1529 422 1572 Veios
448 1530 585 1571 iretur.
636 1530 687 1571 ab
714 1536 858 1571 senatu
884 1531 1165 1586 impetratum,
1198 1531 1295 1584 quia
1320 1531 1526 1572 discordia

164 1592 357 1634 intestina
380 1592 611 1634 laborarent
637 1592 853 1641 Veientes,
890 1607 942 1633 ne
972 1608 1037 1634 res
1064 1592 1115 1634 ab
1147 1593 1197 1633 iis
1228 1600 1526 1647 repeterentur:

166 1661 325 1695 tantum
355 1654 476 1704 afuit,
508 1662 552 1695 ut
577 1670 628 1695 ex
656 1655 919 1696 incommodo
951 1655 1085 1696 alieno
1119 1670 1195 1695 sua
1227 1655 1390 1696 occasio
1415 1662 1528 1709 pete-

165 1723 287 1756 retur.
348 1723 388 1756 et
421 1716 465 1756 in
500 1716 666 1757 Volscis
709 1724 879 1770 accepta
922 1717 1059 1758 clades
1103 1717 1258 1757 amisso
1294 1716 1527 1772 Verrugine
1553 1732 1570 1761 3

166 1777 370 1832 praesidio
379 1794 389 1827 ;
426 1778 497 1819 ubi
522 1785 680 1818 tantum
705 1778 748 1818 in
772 1787 956 1833 tempore
980 1779 1059 1819 fuit
1083 1779 1299 1827 momenti,
1338 1785 1400 1827 ut,
1434 1793 1527 1819 cum

167 1839 429 1893 precantibus
456 1854 576 1894 opem
601 1839 819 1888 militibus,
856 1840 927 1892 qui
952 1839 1009 1881 ibi
1034 1856 1058 1880 a
1082 1839 1248 1880 Volscis
1280 1839 1527 1881 obsideban-

168 1908 244 1950 tur,
272 1900 467 1949 succurri,
495 1901 530 1941 si
554 1908 805 1941 maturatum
831 1908 952 1950 esset,
979 1901 1199 1955 potuisset,
1227 1902 1279 1942 ad
1304 1902 1345 1942 id
1370 1904 1527 1943 venerit

168 1962 371 2003 exercitus
398 1962 582 2003 subsidio
607 1963 780 2012 missus,
819 1970 863 2003 ut
892 1963 944 2004 ab
976 1964 1131 2004 recenti
1162 1963 1287 2004 caede
1317 1964 1444 2018 palati
1474 1965 1527 2005 ad

168 2026 449 2080 praedandum
474 2025 614 2066 hostes
641 2026 978 2080 opprimerentur.
1017 2026 1219 2067 tarditatis
1246 2041 1375 2073 causa,
1396 2027 1438 2066 in
1463 2042 1526 2068 se—
1552 2041 1569 2069 4

169 2094 267 2129 natu
290 2087 423 2143 magis
443 2087 521 2128 fuit
540 2102 664 2141 quam
686 2088 879 2137 tribunis3
906 2088 988 2141 qui,
1016 2088 1111 2141 quia
1134 2103 1295 2129 summa
1314 2088 1354 2129 vi
1372 2094 1525 2130 restare

168 2150 477 2199 nuntiabantur,
508 2165 654 2205 parum
686 2150 987 2205 cogitaverunt,
1020 2150 1132 2190 nulla
1161 2150 1310 2191 virtute
1343 2151 1526 2205 superari

167 2212 440 2253 humanarum
465 2212 613 2252 virium
639 2213 819 2253 modum.
869 2212 1081 2253 fortissimi
1108 2212 1255 2253 milites
1282 2227 1364 2253 non
1387 2219 1526 2254 tamen
1552 2228 1569 2256 ῡ

167 2288 243 2315 nec
267 2274 350 2314 vivi
374 2289 450 2315 nec
475 2280 567 2328 post
592 2280 766 2315 mortem
791 2274 910 2315 inulti
936 2274 1064 2316 suere.

252 2336 492 2390 Insequenti
517 2351 624 2378 anno
648 2336 697 2377 P.
725 2343 765 2377 et
793 2336 870 2378 Cn.
899 2336 1103 2378 Corneliis
1132 2335 1289 2385 Cossis,
1316 2335 1366 2377 N.
1393 2335 1524 2378 Fabio
1552 2352 1568 2380 6

168 2398 396 2448 Ambusto,
433 2399 486 2439 L.
518 2398 686 2439 Valerio
722 2398 861 2439 Potito
898 2398 1070 2440 tribunis
1108 2398 1284 2438 militum
1321 2398 1525 2439 consulari

167 2467 369 2515 potestate
394 2460 548 2501 Veiens
573 2460 727 2502 bellurn
752 2467 910 2501 motum
941 2461 993 2502 ob
1026 2460 1249 2514 superbum
1280 2474 1523 2514 responsum

167 2521 352 2563 Veientis
380 2529 565 2572 senatus,
591 2523 661 2576 qui
686 2523 834 2578 legatis
860 2522 1140 2577 repetentibus
1167 2536 1250 2570 res,
1277 2522 1319 2562 ni
1344 2522 1524 2563 facesse·
1552 2538 1567 2566 7

166 2590 256 2625 rent
280 2599 452 2639 propere
477 2584 578 2625 urbe
602 2584 855 2637 finibusque,
888 2585 1055 2625 daturos
1082 2583 1192 2637 quod
1216 2583 1325 2624 Lars
1353 2583 1389 2623 T
1393 2583 1523 2624 olum-

167 2646 259 2688 nius
298 2647 498 2697 dedisset,
536 2647 776 2702 responderi
810 2646 943 2688 iussit.
998 2646 1040 2686 id
1076 2652 1213 2700 patres
1250 2660 1372 2700 aegre
1409 2646 1522 2700 passi
1546 2658 1565 2688 S

167 2709 397 2759 decrevere,
423 2714 469 2750 ut
487 2708 637 2750 tribuni
657 2709 831 2749 militum
850 2708 900 2749 de
921 2707 1028 2750 bello
1047 2708 1264 2749 indicendo
1276 2706 1520 2749 Veientibus

1555 1484 1571 1512 10
