1780 3204
464 222 614 256 LlssER
640 222 768 266 vnn,
794 222 849 257 38.
880 225 930 266 [a,
947 221 1137 267 C.310109]
1399 214 1482 255 483

128 331 316 380 possent3
353 325 571 366 redeuntes
603 325 767 380 agmine
798 326 962 367 incauto
993 326 1105 367 haud
1133 327 1276 381 procul
1306 326 1480 368 navibus

129 386 314 428 adsecuti
343 393 526 443 agrestes
558 394 757 428 exuerunt
787 388 958 442 praeda,
991 395 1150 443 partem
1175 389 1296 430 etiam
1322 389 1481 430 occide-

127 455 238 497 runt,
283 463 388 501 quae
426 448 628 503 superfuit
665 449 780 489 caedi
816 449 975 504 trepida
1009 449 1227 491 multitudo
1267 451 1319 491 ad
1353 465 1480 492 naves

130 509 327 564 conpulsa
352 516 426 551 est.

212 571 421 612 Profectio
459 570 511 624 Q.
542 571 663 612 Fabii
698 580 809 612 trans
843 571 1063 613 Ciminiam
1101 573 1245 614 silvam
1281 580 1479 627 quantum

128 632 285 673 Romae
311 639 507 674 terrorem
530 633 701 682 fecerat,
734 640 817 674 tam
841 633 992 675 laetam
1016 634 1170 676 famam
1194 636 1237 676 in
1264 635 1479 677 Samnium

129 695 181 735 ad
206 695 343 735 hostes
376 695 539 735 tulerat:
570 695 836 736 interclusum
861 695 1096 737 Romanum
1121 698 1345 738 exercitum
1371 697 1480 738 obsi-

129 756 215 797 deri
246 756 455 810 cladisque
485 756 707 811 imaginem
732 757 913 798 furculas
942 757 1152 800 Caudinas
1178 758 1478 808 memorabant3

129 818 272 858 eadem
307 818 531 858 temeritate
568 819 731 858 avidam
766 819 1005 860 ulteriorum
1042 835 1203 875 semper
1237 828 1404 876 gentem
1437 821 1479 861 in

130 879 258 919 saltus
283 879 416 920 invios
443 879 673 929 deductam,
702 887 885 934 saeptam
904 895 987 922 non
1005 881 1184 922 hostium
1203 882 1336 937 magis
1357 882 1479 923 armis

127 955 250 993 quam
285 940 469 981 locorum
504 940 787 994 iniquitatibus
820 956 922 982 esse.
977 943 1059 983 iam
1094 943 1292 998 gaudium
1327 943 1481 984 inw‘dia

127 1002 305 1054 quadam
330 1001 596 1051 miscebatur,
629 1002 740 1055 quod
764 1002 860 1043 belli
885 1003 1063 1044 Romani
1087 1005 1212 1045 decus
1237 1004 1289 1045 ab
1317 1003 1480 1045 Samni-

127 1063 234 1104 tibus
260 1063 423 1103 fort'una
449 1063 501 1103 ad
525 1063 725 1104 Etruscos
756 1064 982 1105 avertisset.
1036 1065 1174 1119 itaque
1206 1066 1329 1106 armis
1360 1066 1479 1106 viris-

126 1139 205 1178 que
241 1125 294 1165 a‘d
329 1125 597 1166 obterendum
636 1124 684 1166 C.
716 1125 923 1166 Marcium
966 1127 1177 1167 consulem
1219 1135 1476 1175 concurrunt,

123 1187 307 1240 protinus
333 1187 427 1227 inde
451 1186 660 1227 Etruriam
684 1201 758 1241 per
775 1187 940 1228 Marsos
966 1202 1013 1228 ac
1036 1187 1214 1229 Sabinos
1239 1188 1418 1243 petituri,
1446 1189 1480 1229 si

124 1247 307 1288 Marcius
333 1248 553 1288 dimicandi
576 1255 822 1302 potestatem
847 1264 930 1290 non
953 1249 1089 1290 faciat.
1128 1249 1274 1291 obvius
1300 1250 1363 1291 his
1384 1264 1480 1291 con-

124 1310 188 1351 sul
212 1310 301 1350 fuit.
350 1310 589 1350 dimicatum
616 1311 771 1365 proelio
796 1311 1000 1365 utrimque
1026 1312 1153 1353 atroci
1178 1319 1299 1366 atque
1324 1312 1478 1353 incerto

123 1378 271 1413 eventu
296 1378 370 1421 est,
397 1378 436 1412 et
461 1386 552 1412 eum
579 1386 731 1427 anceps
758 1373 904 1414 caedes
931 1373 1091 1424 fuisset,
1118 1374 1316 1416 adversae
1341 1382 1479 1415 tamen

120 1433 179 1474 rei
202 1433 314 1474 fama
332 1433 374 1473 in
387 1433 598 1475 Romanos
623 1435 745 1475 vertit
769 1434 820 1476 ob
847 1435 1022 1477 amissos
1048 1437 1251 1490 quosdam
1277 1437 1478 1490 equestris

121 1495 273 1536 ordinis
299 1494 567 1549 tribunosque
591 1496 766 1536 militum
793 1504 915 1550 atque
939 1513 1067 1538 unum
1091 1498 1276 1554 legatum
1295 1505 1346 1547 et,
1368 1499 1479 1552 quod

119 1557 281 1612 insigne
300 1558 478 1598 maxime
497 1558 586 1607 fuit,
609 1558 787 1599 consulis
807 1559 937 1613 ipsius
957 1559 1119 1601 vulnus.
1163 1560 1215 1601 ob
1235 1560 1335 1600 haec
1356 1560 1478 1600 etiam

120 1627 240 1660 aucta
263 1618 388 1668 fama,
415 1627 459 1659 ut
485 1619 600 1669 solet,
627 1620 773 1675 ingens
800 1628 929 1661 terror
951 1628 1090 1676 patres
1115 1622 1278 1670 invasit,
1306 1621 1478 1662 dictato-

119 1695 286 1734 remque
313 1681 393 1721 dici
415 1681 622 1735 placebat:
648 1697 723 1723 nec
749 1683 848 1735 quin
869 1682 1026 1724 Cursor
1043 1683 1235 1739 Papirius
1262 1684 1475 1732 diceretur,

119 1744 161 1783 in
192 1758 273 1796 quo
304 1751 391 1783 tum
423 1758 584 1784 summa
613 1744 673 1784 rei
703 1744 874 1785 bellicae
903 1745 1151 1800 ponebatur,
1190 1745 1362 1786 dubium
1392 1746 1478 1786 cui-

121 1821 245 1859 quam
270 1812 367 1846 erat.
417 1806 491 1847 sed
515 1821 590 1846 nec
615 1806 658 1846 in
684 1805 902 1848 Samnium
932 1807 1121 1848 nuntium
1150 1807 1322 1863 perferri
1347 1808 1477 1848 omni-

120 1867 197 1908 bus
223 1867 384 1908 infestis
411 1874 498 1908 tuto
523 1882 646 1922 posse
670 1883 746 1909 nee
766 1869 902 1909 vivere
915 1868 1122 1909 Marcium
1147 1869 1357 1911 consulem
1378 1870 1476 1910 satis

119 1928 318 1978 fidebant3
340 1928 440 1969 alter
459 1929 603 1969 consul
614 1929 770 1970 Fabius
791 1930 966 1972 infestus
986 1931 1177 1985 privatim
1191 1930 1358 1986 Papirio
1378 1937 1474 1972 erat.

119 2005 225 2045 quae
244 2005 295 2031 ne
314 1991 375 2031 ira
399 1990 579 2032 obstaret
604 1991 711 2032 bono
735 1991 914 2046 publico,
940 1992 1098 2047 legatos
1124 2007 1175 2033 ex
1200 1993 1476 2034 consularium

120 2067 290 2094 numero
309 2053 529 2094 mittendos
551 2053 603 2093 ad
622 2068 716 2093 eum
742 2061 907 2095 senatus
934 2054 1103 2104 censuit,
1124 2055 1194 2108 qui
1220 2069 1294 2096 sua
1313 2069 1476 2108 quoque

121 2129 234 2165 cum,
266 2130 350 2156 non
373 2115 540 2169 publica
565 2115 699 2156 solum
724 2116 965 2157 auctoritate
990 2124 1221 2166 moverent,
1252 2124 1298 2157 u't
1322 2131 1477 2157 memo-

119 2177 223 2217 riam
259 2177 527 2217 simultatium
562 2177 718 2231 patriae
753 2178 987 2218 remitteret.
1054 2178 1227 2232 profecti
1261 2178 1387 2233 legati
1424 2178 1476 2219 ad

120 2237 297 2278 Fabium
328 2253 421 2278 cum
454 2246 619 2279 senatus
653 2239 887 2280 consultum
917 2239 1181 2280 tradidissent
1211 2239 1476 2281 adiecissent-

120 2314 199 2352 que
224 2300 449 2341 orationem
473 2301 783 2342 convenientem
809 2301 1025 2351 mandatis,
1048 2301 1193 2343 consul
1217 2301 1408 2342 demissis
1432 2301 1475 2342 in

120 2369 269 2402 terram
300 2362 428 2402 oculis
460 2362 607 2404 tacitus
633 2362 684 2403 ab
709 2363 892 2412 incertis,
925 2364 1122 2417 quidnam
1154 2370 1319 2404 acturus
1351 2370 1473 2413 esset,

119 2423 265 2479 legatis
290 2424 458 2465 recessit
468 2440 478 2473 ;
510 2431 628 2465 nocte
654 2425 800 2466 deinde
826 2425 1004 2482 silentio,
1030 2433 1074 2466 ut
1100 2441 1189 2467 mos
1215 2433 1294 2474 est,
1321 2426 1374 2467 L.
1393 2425 1476 2466 Pa-

118 2485 268 2540 pirium
294 2485 533 2526 dictatorem
559 2486 673 2527 dixit.
723 2487 789 2527 cui
814 2501 908 2528 cum
927 2487 979 2528 ob
1000 2488 1182 2528 animum
1207 2488 1372 2542 egregie
1390 2487 1475 2528 vic-

119 2554 206 2587 tum
231 2547 356 2602 legati
381 2548 533 2602 gratias
559 2554 746 2603 agerent,
779 2548 1031 2590 obstinatum
1063 2549 1270 2590 silentium
1299 2549 1474 2590 obtinuit

118 2622 165 2649 ac
192 2608 278 2649 sine
304 2623 503 2663 responso
529 2602 575 2650 ac
600 2610 805 2651 mentione
831 2609 930 2651 facti
956 2611 1020 2651 sui
1049 2611 1207 2666 legatos
1232 2611 1403 2660 dimisit,
1430 2618 1473 2651 ut

118 2678 344 2726 appareret,
365 2671 569 2727 insignem
596 2672 776 2712 dolorem
801 2672 958 2727 ingenti
983 2673 1182 2728 conprimi
1207 2672 1354 2714 animo.
1391 2672 1472 2714 Pa-

1176 2738 1243 2772 31·

1507 835 1525 863 5

1507 958 1524 987 6

1507 1081 1523 1108 7

1505 1264 1524 1294 S

1504 1573 1522 1603 9

1504 1820 1544 1850 10

1504 1945 1541 1973 11

1503 2068 1542 2097 12

1504 2190 1542 2220 13

1503 2440 1541 2469 14

1502 2688 1538 2717 15
