1780 3204
395 283 553 319 LIBER
578 284 688 328 VIII,
717 284 768 318 18.
789 284 842 319 19.
870 286 919 328 [a.
934 281 1180 326 C.332—330]
1383 273 1466 314 417

121 394 325 430 summoto
355 388 506 443 populo
536 388 579 428 in
609 393 872 442 conspectum
903 387 1085 428 omnium
1114 401 1201 428 rem
1232 387 1285 428 ad
1310 393 1466 429 ceteras

121 451 387 499 rettulissent,
414 450 524 491 haud
543 449 816 491 abnuentibus
843 456 881 490 et
905 450 984 490 illis
1010 449 1167 499 bibere,
1194 456 1314 504 epoto
1339 450 1468 490 medi-

121 519 307 553 camento
334 518 491 552 suamet
516 511 629 565 ipsae
654 511 799 552 fraude
825 526 966 552 omnes
992 511 1242 552 interierunt.
1298 526 1467 566 conpre-

120 574 272 615 hensae
304 573 507 627 extemplo
539 588 676 613 earum
708 573 877 614 comites
909 588 1104 628 magnum
1135 588 1351 614 numerum
1381 589 1468 614 ma-

120 644 327 677 tronarum
352 636 644 676 indicaverunt.
688 649 740 675 ex
764 634 912 688 quibus
939 635 991 675 ad
1015 642 1179 675 centum
1205 636 1467 690 septuaginta

120 699 348 739 damnatae,
407 712 541 750 neque
577 697 627 737 de
662 697 869 738 veneficiis
907 703 1000 738 ante
1037 711 1127 737 eam
1164 697 1272 737 diem
1306 697 1466 738 Romae

120 760 350 812 quaesitum
377 767 449 800 051.
503 759 679 814 prodigii
704 774 752 800 ea
775 773 840 799 res
866 758 954 799 loco
980 758 1120 800 habita
1144 759 1355 813 captisque
1380 775 1466 800 ma-

118 822 182 875 gis
209 821 411 862 mentibus
438 836 561 874 quam
587 821 872 862 consceleratis
899 821 1042 861 similis
1068 821 1169 862 visa.
1218 821 1356 874 itaque
1381 836 1467 862 me-

118 883 247 923 moria
283 898 334 923 ex
371 883 586 924 annalibus
623 883 812 937 repetita,
852 883 895 923 in
925 882 1226 924 secessionibus
1257 884 1466 936 quondam

117 944 249 998 plebis
282 945 444 985 clavum
475 944 526 986 ab
557 945 752 986 dictatore
782 944 911 985 fixum
947 944 1224 998 alienatasque
1261 945 1467 987 discordia

117 1014 274 1047 mentes
305 1007 514 1047 hominum
547 1021 594 1047 eo
625 1006 786 1061 piaculo
817 1013 1013 1061 conpotes
1046 1006 1109 1046 sui
1140 1007 1306 1056 fecisse,
1338 1007 1466 1048 dieta-

117 1075 244 1108 torem
288 1069 392 1109 clavi
433 1069 585 1123 figendi
626 1083 751 1109 eausa
793 1068 920 1109 creari
960 1068 1126 1122 placuit.
1187 1075 1347 1109 creatus
1386 1068 1462 1109 Cn.

117 1130 364 1182 Quinctilius
400 1130 643 1184 magistrum
679 1130 860 1183 equitum
897 1130 950 1169 L.
982 1129 1194 1170 Valerium
1230 1130 1350 1179 dixit,
1395 1130 1465 1182 qui

115 1191 196 1232 fixo
222 1192 336 1232 clavo
362 1192 604 1246 magistratu
629 1206 672 1232 50
698 1191 1002 1232 abdicaverunt.

198 1253 392 1293 XVIIII.
442 1252 582 1294 Creati
607 1252 795 1293 consules
814 1253 867 1292 L.
884 1251 1075 1306 Papirius
1098 1251 1276 1293 Crassus
1302 1253 1462 1302 iterum,

112 1315 165 1354 L.
187 1314 374 1355 Plautius
394 1314 554 1356 Venox.
603 1315 719 1356 0111115
744 1314 942 1369 principio
969 1314 1064 1354 anni
1083 1314 1208 1369 legati
1228 1330 1279 1355 ex
1298 1314 1463 1357 Volscis

112 1375 353 1416 Fabraterni
372 1383 410 1416 et
422 1376 585 1417 Lucani
597 1376 774 1417 Romam
794 1383 993 1417 venerunt
1012 1384 1188 1426 orantes,
1214 1384 1259 1417 ut
1278 1377 1321 1418 in
1339 1377 1463 1418 fidem

111 1438 402 1492 reciperentur:
430 1438 464 1479 si
484 1454 507 1479 a
530 1437 777 1479 Samnitium
803 1438 925 1479 armis
952 1438 1113 1480 defensi
1138 1446 1292 1488 essent,
1320 1454 1363 1480 50
1385 1439 1461 1481 sub

111 1499 280 1553 imperio
299 1500 440 1555 populi
459 1499 636 1541 Romani
655 1500 829 1541 fideliter
853 1508 974 1554 atque
1001 1499 1264 1542 oboedienter
1287 1501 1461 1542 futuros.

111 1561 226 1602 missi
261 1568 349 1602 tum
378 1561 429 1603 ab
462 1574 607 1603 senatu
635 1562 762 1618 legati
791 1563 1156 1616 denuntiatumque
1190 1562 1460 1612 Samnitibus,

110 1630 156 1664 ut
191 1638 331 1665 eorum
366 1625 610 1679 populorum
648 1624 799 1666 finibus
831 1625 914 1665 vim
946 1623 1215 1666 abstinerent:
1253 1625 1461 1678 valuitque

111 1700 159 1726 ea
182 1686 352 1741 legatio,
379 1701 461 1727 non
486 1694 569 1727 tam
595 1686 691 1740 quia
716 1701 859 1741 pacem
885 1685 1078 1728 volebant
1104 1684 1312 1727 Samnites
1337 1701 1462 1740 quam

110 1748 205 1800 quia
230 1748 413 1788 nondum
437 1748 568 1802 parati
594 1756 707 1789 erant
732 1749 784 1789 ad
808 1748 973 1789 bellum.

197 1809 359 1849 Eodem
396 1824 502 1850 anno
537 1809 757 1850 Privernas
794 1809 950 1850 bellum
991 1809 1153 1858 initum,
1204 1809 1319 1851 cuius
1362 1810 1462 1850 socii

110 1871 319 1919 Fundani,
346 1871 430 1911 dux
456 1872 577 1912 etiam
602 1872 680 1912 fuit
704 1872 931 1912 Fundanus
957 1871 1170 1912 Vitruvius
1190 1872 1373 1922 Vaccus,
1400 1873 1462 1913 vir

110 1948 193 1973 non
224 1933 335 1972 domi
366 1933 517 1982 solum,
555 1933 629 1974 sed
660 1933 782 1974 etiam
806 1933 964 1974 Romae
994 1933 1141 1974 clarus.
1191 1935 1313 1976 aedes
1346 1935 1460 1976 fuere

110 1994 151 2034 in
176 1994 335 2034 Palatio
367 1994 472 2042 01115,
510 2008 615 2047 quae
641 1993 770 2035 Vacci
800 2002 916 2049 prata
945 1994 1079 2036 diruto
1110 1995 1296 2037 aedificio
1326 1996 1461 2050 publi-

111 2062 283 2108 catoque
315 2055 400 2096 solo
433 2055 647 2110 appellata.
709 2057 906 2097 adversus
937 2056 1046 2097 hunc
1072 2064 1302 2098 vastantem
1328 2058 1458 2099 effuse

113 2115 302 2158 Setinum
332 2117 654 2171 Norbanumque
690 2126 729 2158 01
762 2117 972 2159 Coranum
1008 2133 1153 2173 agrum
1183 2119 1237 2160 L.
1267 2119 1459 2174 Papirius

110 2179 336 2233 profectus,
364 2179 474 2220 haud
492 2179 635 2234 procul
653 2180 796 2221 eastris
823 2181 910 2222 eius
929 2181 1126 2221 consedit.
1169 2181 1360 2223 Vitruvio
1384 2198 1460 2224 1100

111 2248 156 2281 111
179 2242 286 2282 vallo
313 2257 355 2282 se
382 2248 535 2282 teneret
561 2242 758 2283 adversus
784 2243 1023 2284 validiorem
1046 2243 1207 2284 hostem
1233 2258 1334 2285 sana
1364 2259 1460 2285 con-

111 2310 217 2343 stare
243 2318 358 2344 mens
384 2318 459 2344 nec
483 2311 528 2343 ut
552 2303 714 2358 longius
741 2320 765 2345 a
789 2305 932 2345 eastris
952 2305 1162 2346 dimicaret
1182 2306 1342 2347 animus
1363 2306 1460 2348 sub-

110 2371 261 2418 petere.
321 2365 391 2406 vix
423 2371 508 2406 tota
538 2371 652 2405 extra
682 2372 841 2420 portam
873 2373 1099 2408 castrorum
1131 2367 1332 2421 explicata
1357 2368 1456 2418 acie,

110 2426 254 2480 sugam
285 2427 416 2481 magis
447 2434 554 2467 retro
586 2442 709 2480 quam
738 2428 938 2482 proelium
970 2436 1039 2470 aut
1062 2429 1223 2470 hostem
1249 2437 1458 2484 spectante

1496 523 1534 553 10

1494 710 1530 739 11

1494 834 1532 863 12

1494 1081 1532 1110 13

1489 1452 1506 1481 10

1485 2382 1502 2411 7

110 2487 254 2536 milite,
293 2488 379 2528 sine
411 2488 598 2537 consilio,
631 2489 719 2530 sine
749 2489 920 2530 audacia
951 2490 1172 2545 depugnat.
1232 2498 1277 2532 ut
1307 2498 1347 2532 01
1376 2491 1457 2533 levi
1481 2505 1501 2535 8

110 2556 316 2590 momento
346 2564 422 2590 nec
453 2549 645 2605 ambigue
677 2558 738 2591 est
769 2551 918 2601 victus,
956 2551 1012 2592 ita
1041 2551 1240 2593 brevitate
1264 2553 1355 2607 ipsa
1378 2553 1459 2594 loci

109 2612 299 2665 facilique
324 2619 491 2667 receptu
515 2613 558 2653 in
582 2621 667 2654 tam
690 2614 919 2668 propinqua
944 2621 1077 2656 castra
1101 2615 1213 2656 haud
1237 2630 1358 2671 aegre
1382 2617 1458 2657 mi-

108 2673 220 2714 litem
241 2690 263 2715 a
284 2674 412 2715 multa
430 2675 554 2715 caede
575 2682 636 2716 est
655 2683 828 2726 tutatus3
855 2691 930 2717 nec
950 2677 1035 2718 fere
1060 2678 1276 2731 quisquam
1301 2679 1342 2719 in
1366 2679 1456 2733 ipso
1482 2691 1500 2721 9

109 2736 347 2785 certamine,
384 2737 506 2791 pauci
537 2737 577 2778 in
611 2737 728 2778 turba
760 2738 884 2793 fugae
910 2748 1115 2780 extremae
1141 2754 1234 2780 cum
1258 2740 1300 2780 in
1325 2747 1458 2782 eastra

180 2814 242 2840 Liri
263 2814 314 2840 rol.
333 2813 351 2839 I.
1188 2805 1231 2840 ‘27
