1835 3226
289 997 296 1012 t

286 1234 304 1259 S

268 1729 277 1755 l
286 1731 304 1755 (J

269 1914 302 1942 il

268 2101 305 2129 12

271 2351 306 2377 13

292 2597 305 2624 1

331 242 413 283 260
647 246 800 281 LIBER
826 245 877 289 V,
903 246 933 280 S.
961 249 991 278 9.
1020 248 1068 288 [a.
1082 256 1114 279 u.
1132 245 1251 280 0352.
1271 247 1352 288 353]

328 367 469 395 omnes
505 365 577 406 per
614 363 736 405 agros
778 348 1016 402 vicinasque
1058 347 1181 389 urbes
1224 348 1549 403 negotiabantur.
1610 364 1684 391 nee

329 415 442 456 Veiis
469 413 614 454 melius
639 418 758 468 gesta
782 426 866 461 res,
893 411 1005 465 quod
1030 417 1115 451 tum
1142 417 1264 465 caput
1289 411 1472 451 omnium
1498 425 1683 453 curarum

327 476 582 531 publicarum
609 481 706 515 erat.
756 489 851 514 nam
877 481 916 514 et
941 473 1067 514 duces
1092 472 1270 514 Romani
1294 472 1386 527 plus
1412 473 1516 513 inter
1541 487 1585 514 se
1609 474 1686 514 ira-

329 553 418 578 rum
450 552 574 590 quain
606 536 804 577 adversus
836 535 977 576 hostes
1008 535 1134 576 animi
1163 534 1413 584 habuerunt,
1452 540 1491 575 ct
1521 541 1686 576 auctum

331 607 393 641 est
423 598 575 640 bellum
608 598 788 639 adventu
818 597 1030 652 repentino
1057 596 1332 651 Capenatium
1358 603 1480 650 atque
1505 596 1687 638 Falisco-

330 677 433 702 rum.
477 660 519 700 hi
544 660 626 701 duo
644 659 836 700 Etruriae
862 659 1021 714 populi,
1048 658 1145 712 quia
1168 658 1345 712 proximi
1368 658 1535 714 regione
1561 664 1686 707 erant,

329 722 501 764 devietis
521 721 637 762 Veiis
658 721 765 763 bello
786 735 949 774 quoque
968 720 1158 762 Romano
1185 734 1228 760 se
1253 720 1463 774 proximos
1490 720 1576 761 fore
1602 735 1687 761 cre-

329 785 491 833 dentes,
518 784 671 824 Falisci
695 783 860 838 propria
885 783 1008 824 etiam
1033 797 1159 823 causa
1183 781 1341 831 infesti,
1368 783 1480 836 quod
1497 782 1687 823 Fidenati

329 846 436 888 bello
461 861 505 888 se
530 846 612 887 iam
638 852 758 887 antea
776 845 1086 894 inmiseuemnt,
1112 859 1185 899 per
1202 844 1362 899 legatos
1383 845 1488 886 ultro
1507 845 1688 899 citroque

328 909 477 950 missos
503 908 589 949 iure
614 908 785 949 iurando
810 908 915 948 inter
940 922 984 948 se
1009 907 1179 962 obligati
1205 921 1298 947 eum
1323 907 1569 949 exercitibus
1594 921 1688 948 nec-

286 985 300 992 *
329 971 494 1026 opinato
525 971 578 1011 ad
609 970 734 1011 Veios
768 984 991 1012 accessere.
1047 969 1153 1010 forte
1190 984 1239 1010 ea
1275 969 1460 1025 regione,
1503 984 1585 1023 qua
1614 968 1686 1009 M’.

333 1032 504 1088 Sergius
532 1031 720 1074 tribunus
746 1032 921 1072 militum
946 1038 1151 1086 praeerat,
1185 1037 1319 1072 castra
1344 1031 1475 1072 adorti
1506 1037 1600 1072 sunt
1629 1031 1690 1070 in-

331 1101 580 1150 gentemque
613 1101 809 1136 terrorem
839 1094 1031 1143 intulere,
1065 1093 1161 1147 quia
1184 1092 1395 1134 Etruriam
1426 1107 1590 1134 omnem
1621 1107 1689 1134 ex-

330 1157 453 1198 citam
492 1156 660 1198 sedibus
697 1171 848 1211 magna
884 1156 991 1197 mole
1029 1156 1175 1196 adesse
1206 1155 1385 1196 Romani
1421 1155 1687 1196 crediderant.

330 1218 474 1259 eadem
510 1217 646 1272 opinio
683 1216 878 1258 Veientes
914 1217 956 1257 in
992 1216 1092 1258 urbe
1136 1217 1366 1258 concitavit.
1426 1217 1483 1257 ita
1525 1216 1689 1271 ancipiti

329 1280 484 1335 proelio
520 1286 654 1321 eastra
683 1279 874 1320 Romana
909 1278 1272 1333 oppugnabantur3
1317 1284 1689 1332 concursantesque

330 1357 425 1383 eum
449 1342 530 1382 hue
555 1347 677 1395 atque
696 1340 792 1382 illue
812 1341 931 1396 signa
950 1340 1234 1389 transferrent,
1261 1355 1336 1380 nee
1351 1339 1569 1380 Veientem
1590 1340 1688 1381 satis

332 1404 523 1445 cohibere
548 1403 654 1444 intra
678 1403 923 1444 munitiones
949 1417 1026 1443 nee
1053 1402 1138 1443 suis
1164 1402 1428 1443 munimentis
1449 1416 1586 1442 arcere
1605 1402 1689 1442 vim

331 1480 378 1508 ac
404 1465 507 1506 tueri
533 1480 576 1506 se
601 1464 653 1506 ab
679 1465 877 1506 exteriore
903 1471 1091 1519 poterant
1115 1464 1246 1506 hoste.
1296 1479 1377 1504 una
1403 1478 1497 1518 spes
1524 1471 1627 1513 crat,
1655 1464 1688 1504 si

331 1543 382 1569 ex
418 1527 642 1568 maioribus
680 1527 824 1568 castris
863 1526 1161 1575 subveniretur,
1198 1532 1243 1566 ut
1274 1526 1460 1567 diversae
1490 1525 1688 1581 legiones,

333 1590 437 1631 aliae
456 1590 654 1630 adversus
676 1588 931 1643 Capenatem
956 1604 1003 1630 ae
1022 1589 1250 1638 Faliscum,
1278 1588 1380 1629 aliae
1406 1594 1546 1629 contra
1571 1603 1690 1642 erup-

331 1652 482 1692 tionem
508 1650 807 1706 oppidanorum
832 1658 1075 1706 pugnarent.
1114 1651 1186 1691 sed
1211 1651 1354 1692 castris
1381 1656 1567 1705 praeerat
1586 1649 1690 1690 Ver-

330 1713 486 1768 ginius,
512 1713 704 1767 privatim
720 1711 866 1768 Sergio
886 1712 1043 1753 invisus
1063 1712 1332 1766 infestusque.
1370 1712 1418 1761 is,
1446 1726 1537 1753 eum
1558 1711 1690 1766 plera-

330 1790 410 1829 que
445 1774 614 1816 castella
645 1781 900 1829 oppugnata,
940 1780 1152 1828 superatas
1184 1774 1447 1823 munitiones,
1487 1774 1690 1828 utrimque

330 1837 469 1878 invehi
493 1836 655 1878 hostem
681 1836 946 1886 nuntiaretur,
975 1836 1016 1876 in
1041 1835 1164 1876 armis
1191 1835 1340 1875 milites
1360 1836 1505 1885 tenuit,
1533 1836 1567 1877 si
1587 1851 1689 1890 opus

334 1899 439 1941 foret
470 1899 640 1948 auxilio,
679 1898 882 1954 collegam
913 1898 1104 1939 dictitans
1137 1897 1190 1938 ad
1216 1912 1259 1938 se
1284 1897 1519 1938 missurum.
1568 1898 1690 1939 huius

331 1961 615 2017 adrogantiam
646 1960 871 2016 pertinacia
901 1960 1068 2001 alterius
1100 1958 1320 2013 aequabat,
1358 1958 1446 2013 qui,
1484 1973 1535 2000 ne
1567 1974 1691 2013 quam

333 2040 455 2080 opem
486 2024 537 2066 ab
568 2025 734 2065 inimico
765 2024 972 2065 videretur
1002 2023 1175 2078 petisse,
1207 2022 1317 2063 vinei
1342 2021 1394 2063 ab
1419 2021 1536 2063 hoste
1567 2036 1691 2075 quam

332 2087 494 2128 vincere
530 2101 603 2142 per
639 2087 772 2128 civem
807 2086 964 2127 maluit.
1019 2085 1090 2126 diu
1125 2085 1168 2125 in
1204 2084 1340 2125 medio
1377 2084 1488 2125 caesi
1523 2083 1691 2133 milites3

330 2155 538 2205 postremo
558 2149 730 2191 desertis
756 2148 1052 2190 munitionibus
1078 2147 1274 2203 perpauci
1296 2147 1339 2186 in
1364 2146 1519 2187 maiora
1544 2152 1689 2194 castra,

330 2227 426 2267 pars
462 2211 643 2253 maxima
679 2217 800 2265 atque
837 2211 926 2265 ipse
965 2209 1137 2265 Sergius
1173 2209 1350 2250 Romam
1386 2208 1689 2263 pertenderunt.

332 2273 402 2316 ubi
428 2289 521 2315 eum
547 2288 712 2315 omnem
731 2273 895 2328 culpam
914 2273 955 2313 in
977 2272 1176 2328 collegam
1196 2271 1424 2320 inclinaret,
1451 2270 1572 2311 acciri
1587 2268 1690 2310 Ver-

332 2336 490 2391 ginium
522 2351 574 2377 ex
604 2335 769 2384 castris,
800 2335 956 2375 interea
981 2348 1173 2389 praeesse
1198 2333 1356 2389 legatos
1387 2331 1552 2387 placuit.
1602 2338 1692 2372 110111

332 2398 480 2439 deinde
511 2398 553 2438 in
579 2403 724 2439 senatu
748 2411 813 2438 res
840 2404 902 2438 est
927 2402 1208 2449 certatumque
1232 2396 1338 2436 inter
1362 2394 1541 2448 collegas
1566 2392 1692 2434 male-

334 2460 465 2501 dictis.
514 2460 636 2515 pauci
660 2459 718 2501 rei
742 2458 949 2514 publicae,
977 2458 1071 2499 huie
1096 2465 1218 2511 atque
1237 2457 1312 2507 illi,
1339 2463 1383 2497 ut
1402 2469 1588 2510 quosque
1607 2461 1691 2496 stu-

332 2521 444 2562 dium
468 2521 659 2576 privatim
684 2528 754 2562 aut
779 2519 911 2576 gratia
936 2525 1239 2575 occupaverunt
1248 2550 1258 2568 ,
1286 2518 1448 2559 adsunt.

416 2582 561 2624 VIIII.
610 2583 818 2624 Primores
850 2588 1030 2636 patrum,
1070 2581 1156 2622 sive
1187 2580 1308 2635 culpa
1339 2580 1425 2621 sive
1454 2578 1688 2620 infelicitate

335 2646 624 2700 imperatorum
655 2654 738 2688 tam
769 2645 1044 2702 ignominiosa
1075 2645 1212 2686 clades
1244 2650 1413 2699 accepta
1437 2648 1562 2691 esset,
1595 2654 1688 2680 cen-

335 2721 470 2757 suere,
496 2723 578 2750 non
597 2708 922 2766 exspectandum
946 2708 1100 2749 iustum
1126 2714 1287 2762 tempus
1314 2705 1586 2750 comitiorum,
1615 2700 1686 2741 sed
