1780 3204
489 240 643 274 LIBER
668 240 762 284 1111,
788 240 841 274 40.
861 240 915 273 41.
944 237 1141 283 [a.o.4‘23]
1414 229 1491 269 231

139 362 218 400 que
243 345 314 386 ubi
341 344 389 386 C.
419 343 708 398 Sempronius,
740 343 811 384 ubi
836 343 1019 398 legiones
1044 348 1208 383 nostrae
1235 342 1333 391 sint,
1360 342 1498 383 deser-

140 416 204 449 tus
231 408 287 449 sis
307 423 359 448 an
378 407 607 448 deserueris
627 406 839 447 consulem
859 405 1182 459 exercitumque,
1209 405 1304 446 victi
1323 405 1497 459 denique

141 471 270 511 simus
296 485 349 510 an
373 468 633 510 vicerimus?

225 530 455 572 XXXXI.
504 529 721 571 Adversus
753 529 855 571 haec
887 529 1090 584 Tempani
1127 529 1254 570 oratio
1290 529 1498 583 incompta

142 594 272 635 fuisse
292 593 451 642 dicitur,
474 599 655 633 ceterum
674 591 901 633 militariter
920 592 1072 647 gravis,
1093 606 1173 632 non
1195 591 1280 632 suis
1294 606 1401 632 vana
1413 590 1501 631 lau-

143 656 277 705 dibus,
293 670 377 696 non
390 655 558 696 crimine
572 654 705 695 alieno
718 654 836 695 laeta.
863 664 1016 708 quanta
1028 654 1246 709 prudentia
1259 654 1317 694 rei
1330 653 1499 694 bellicae

141 719 184 758 in
201 718 249 759 C.
262 716 506 772 Sempronio
522 723 642 765 esset,
663 731 744 757 non
757 716 896 757 militis
912 717 962 757 de
976 717 1220 771 imperatore
1234 715 1502 756 existimatio-

144 795 238 821 nem
257 795 361 829 esse,
383 780 456 820 sed
469 779 610 833 populi
623 778 801 819 Romani
819 778 963 828 fuisse,
984 793 1076 820 cum
1098 793 1192 819 eum
1211 777 1385 818 comitiis
1407 792 1503 817 con-

146 843 276 884 sulem
294 842 461 897 legeret.
498 841 635 894 itaque
655 855 706 881 ne
725 840 776 882 ab
798 855 841 882 se
854 841 1115 896 imperatoria
1130 840 1299 881 consilia
1312 855 1393 880 neu
1407 854 1503 879 con-

146 905 300 946 sulares
327 910 433 944 artes
455 903 733 957 exquirerent,
760 917 865 956 quae
883 899 1128 958 pensitanda
1151 917 1315 956 quoque
1340 901 1502 956 magnis

146 967 292 1008 animis
308 972 429 1019 atque
443 965 618 1020 ingeniis
633 971 771 1006 essent
779 981 790 1014 3
812 965 884 1006 sed
898 965 1009 1018 quod
1022 965 1180 1014 viderit,
1201 964 1351 1006 referre
1365 978 1501 1018 posse.

147 1029 299 1069 vidisse
325 1034 462 1068 autem
487 1042 549 1077 se,
576 1027 817 1082 priusquam
842 1027 893 1068 ab
920 1027 1006 1068 acie
1032 1027 1382 1075 intercluderetur,
1409 1040 1504 1066 con-

149 1091 279 1132 sulem
304 1090 347 1129 in
370 1090 503 1144 prima
528 1089 614 1129 acie
639 1096 912 1144 pugnantem,
945 1088 1231 1129 adhortantem
1256 1088 1361 1127 inter
1386 1087 1506 1142 signa

147 1152 337 1193 Romana
357 1151 518 1203 telaque
538 1150 719 1191 hostium
738 1157 984 1190 versantem.
1010 1155 1156 1203 postea
1176 1163 1219 1189 se
1239 1164 1263 1189 a
1282 1155 1505 1202 conspectu

148 1222 314 1249 suorum
345 1206 526 1247 ablatum
559 1220 611 1246 ex
642 1206 813 1260 strepitu
844 1213 982 1246 tamen
1018 1212 1058 1246 et
1094 1205 1273 1246 clamore
1311 1204 1504 1253 sensisse,

146 1284 276 1323 usque
301 1269 354 1309 ad
383 1275 545 1309 noctem
576 1274 804 1308 extractum
836 1274 1061 1317 certamem
1098 1282 1174 1308 nec
1205 1268 1257 1308 ad
1288 1268 1504 1316 tumulum,

145 1346 267 1385 quem
292 1331 381 1385 ipse
407 1336 608 1379 tenuerat,
635 1345 733 1384 prae
752 1330 1012 1371 multitudine
1032 1330 1210 1371 hostium
1233 1331 1397 1371 credere
1416 1344 1508 1384 pcr-

145 1393 280 1448 rumpi
304 1393 502 1448 potuisse.
552 1393 755 1433 exercitus
781 1392 852 1433 ubi
878 1398 1004 1442 esset,
1033 1407 1076 1433 se
1102 1392 1279 1433 nescire:
1306 1392 1505 1441 arbitrari,

147 1456 258 1496 velut
282 1456 370 1510 ipse
395 1455 438 1495 in
462 1470 505 1496 re
531 1455 691 1510 trepida
714 1455 793 1496 loci
818 1455 1024 1510 praesidio
1050 1470 1094 1497 se
1120 1470 1300 1509 suosque
1327 1455 1377 1496 sit
1402 1461 1508 1495 tuta-

147 1526 232 1568 tus,
270 1519 328 1559 sic
360 1518 571 1559 consulem
603 1518 794 1559 servandi
831 1519 1034 1560 exercitus
1072 1533 1198 1560 causa
1233 1518 1324 1559 loca
1359 1518 1509 1558 tutiora

148 1581 292 1622 castris
319 1581 491 1635 cepisse.
546 1594 622 1621 nec
646 1579 895 1621 Volscorum
920 1580 1109 1621 meliores
1134 1595 1199 1621 res
1225 1595 1317 1621 esse
1343 1580 1508 1620 credere

148 1657 272 1696 quam
303 1643 443 1697 populi
467 1642 663 1683 Romani:
695 1643 903 1683 fortunam
927 1649 1173 1696 noctemque
1199 1642 1336 1683 omnia
1361 1641 1508 1682 erroris

150 1705 281 1745 mutui
300 1705 492 1759 inplesse.
530 1711 847 1759 precantemque
866 1705 1031 1754 deinde,
1058 1720 1109 1745 ne
1130 1719 1173 1745 se
1192 1704 1351 1745 fessum
1370 1703 1510 1744 labore

152 1781 200 1807 ac
223 1767 459 1808 volneribus
485 1774 686 1816 tenerent,
714 1781 808 1807 cum
827 1767 984 1821 ingenti
1003 1767 1123 1807 laude
1142 1781 1223 1807 non
1244 1765 1405 1806 virtutis
1425 1780 1511 1805 ma-

153 1829 217 1884 gis
243 1842 368 1880 quam
393 1829 682 1869 moderationis
709 1828 940 1869 dimissum.

241 1889 349 1931 Cum
374 1889 475 1930 haec
501 1896 737 1945 agerentur,
768 1890 850 1930 iam
876 1890 1019 1931 consul
1043 1890 1111 1931 via
1133 1889 1349 1931 Labicana
1374 1889 1426 1930 ad
1451 1889 1512 1930 fa-

155 1967 254 1992 num
280 1950 442 2004 Quietis
474 1962 572 1992 erat.
623 1966 671 1992 eo
701 1952 830 1992 missa
858 1952 1044 2006 plaustra
1067 1952 1330 2005 iumentaque
1356 1951 1435 1992 alia
1459 1951 1510 1992 ab

156 2013 257 2054 urbe
282 2013 506 2054 exercitum
526 2013 735 2054 adfectum
753 2014 908 2068 proelio
927 2028 976 2054 ae
994 2014 1061 2055 via
1080 2021 1279 2055 nocturna
1298 2028 1509 2068 excepere.

155 2075 278 2130 paulo
302 2082 396 2129 post
419 2075 461 2115 in
479 2075 623 2116 urbem
643 2082 705 2116 est
722 2075 934 2130 ingressus
955 2076 1116 2125 consul,
1142 2091 1224 2116 non
1243 2076 1294 2117 ab
1315 2090 1359 2117 se
1378 2076 1510 2131 magis

157 2137 276 2178 enixe
302 2151 496 2178 amovens
523 2137 685 2191 culpam
710 2152 832 2190 quam
855 2137 1128 2192 Tempanium
1147 2138 1301 2179 meritis
1321 2138 1512 2178 laudibus

157 2199 306 2240 ferens.
344 2206 523 2239 maestae
543 2199 696 2239 civitati
715 2199 766 2240 ab
785 2214 827 2240 re
852 2199 958 2240 male
983 2207 1101 2255 gesta
1126 2206 1165 2240 et
1188 2200 1314 2241 iratae
1339 2198 1512 2240 ducibus

158 2260 219 2301 M.
234 2261 474 2302 Postumius
494 2276 589 2302 reus
610 2261 807 2311 obiectus,
834 2262 903 2315 qui
923 2262 1111 2303 tribunus
1130 2262 1304 2302 militum
1324 2277 1398 2316 pro
1418 2276 1514 2303 con-

161 2323 247 2364 sule
267 2323 319 2363 ad
332 2322 459 2363 Veios
479 2323 629 2372 fuerat,
656 2323 798 2364 decem
817 2323 982 2364 milibus
1003 2324 1106 2364 aeris
1127 2324 1264 2378 gravis
1285 2324 1511 2364 damnatur.

161 2384 210 2425 T.
244 2383 484 2436 Quinctium
521 2384 720 2440 collegam
757 2385 864 2434 eius,
902 2385 999 2439 quia
1029 2392 1068 2426 et
1098 2386 1139 2425 in
1169 2385 1332 2426 Volscis
1370 2386 1513 2426 consul

161 2446 344 2500 auspicio
370 2446 578 2487 dictatoris
603 2446 793 2488 Postumi
818 2446 990 2488 Tuberti
1014 2453 1054 2488 et
1078 2447 1131 2488 ad
1147 2447 1328 2488 Fidenas
1352 2447 1513 2503 legatus

162 2508 369 2548 dictatoris
396 2508 562 2549 alterius
587 2508 718 2550 Mam.
737 2508 891 2550 Aemili
916 2524 981 2550 res
1005 2524 1200 2564 prospere
1225 2516 1428 2565 gesserat,
1455 2518 1516 2551 to-

162 2577 244 2610 tam
287 2570 450 2624 culpam
493 2570 580 2612 eius
622 2571 816 2625 temporis
857 2571 899 2611 in
939 2571 1278 2626 praedamnatum
1315 2571 1515 2627 collegam

162 2631 474 2673 transferentem
499 2646 642 2673 omnes
667 2632 795 2674 tribus
816 2632 1092 2674 absolverunt.
1134 2632 1340 2688 profuisse
1360 2634 1397 2674 ei
1417 2633 1516 2675 Cin-

164 2694 314 2735 cinnati
338 2694 465 2749 patris
492 2693 688 2735 memoria
713 2694 872 2745 dieitur,
898 2694 1142 2736 venerabilis
1163 2695 1256 2744 viri,
1284 2701 1323 2736 et
1348 2705 1515 2737 exactae

1526 666 1544 694 10

1534 1407 1551 1433 (i

1541 2213 1581 2241 10

1542 2400 1575 2428 ll
