1780 3204
462 270 616 305 LlssER
639 269 716 314 111,
743 270 774 303 1.
803 271 852 312 [a.
867 268 906 304 e.
919 268 996 302 463.
1011 268 1093 311 467]
1377 258 1458 300 125

99 375 216 410 libido
240 373 310 419 Ap.
326 371 491 417 Claudii,
519 371 599 417 qui,
626 383 708 406 eum
721 372 759 406 in
779 382 942 406 amorem
955 369 1109 415 virginis
1122 368 1337 415 incidisset,
1365 381 1460 404 sum-

99 426 230 470 misso,
264 424 327 470 qui
353 435 434 458 eam
459 423 497 457 in
525 423 741 457 servitutem
765 426 930 468 peteret,
960 421 1227 456 necessitatem
1257 420 1355 465 patri
1381 421 1460 455 eius

99 476 278 522 Verginio
293 474 480 519 imposuit.
505 478 613 518 rapto
629 485 674 508 ex
686 475 845 508 taberna
858 473 1026 518 proxima
1041 472 1160 506 cultro
1175 470 1289 505 filiam
1310 471 1460 515 occidit,

100 540 181 562 cum
197 527 306 561 aliter
320 525 415 560 effici
428 536 504 559 non
517 528 664 570 posset,
690 536 737 559 ne
751 525 789 558 in
801 528 1029 570 potestatem
1043 527 1213 567 stuprum
1233 522 1386 557 inlaturi
1399 533 1459 557 ve-

100 579 205 612 niret.
241 578 314 611 hoc
327 581 402 611 tam
415 587 574 621 magnae
596 575 750 610 iniuriae
772 575 940 619 exemplo
961 574 1069 619 plebs
1091 574 1279 608 concitata
1297 577 1461 607 montem

99 628 324 663 Aventinum
349 627 547 672 occupavit
572 626 770 671 coegitque
798 625 1028 660 decemviros
1060 624 1240 659 abdicare
1273 635 1312 659 se
1346 623 1460 669 magi-

100 684 228 714 stratu.
266 690 311 713 ex
325 679 460 723 quibus
474 677 634 723 Appius,
650 677 712 722 qui
728 677 928 721 praecipue
942 687 1103 721 poenam
1115 679 1314 719 meruerat,
1329 674 1367 708 in
1382 685 1460 709 ear-

100 741 220 764 cerem
246 729 437 764 coniectus
463 733 539 771 est,
567 728 681 762 ceteri
701 727 739 761 in
759 727 909 761 exilium
936 730 1023 760 sunt
1049 725 1133 760 aeti.
1176 736 1236 759 res
1265 728 1461 769 praeterea

100 786 230 815 eontra
246 780 406 815 Sabinos
427 783 464 815 et
473 780 638 815 Vulscos
658 789 839 824 prospere
861 780 988 822 gestas
1010 776 1179 810 continet
1199 779 1236 810 et
1250 787 1381 820 parum
1394 775 1459 809 ho-

99 836 244 866 nestum
259 831 389 876 populi
402 831 561 865 Romani
574 829 769 872 iudicium,
797 828 860 873 qui
880 828 992 862 iudex
1011 827 1108 862 inter
1120 827 1307 861 Ardeates
1329 830 1366 860 et
1380 826 1458 859 Ari-

101 885 203 919 cinos
219 887 384 928 sumptus
399 893 542 928 agrum,
562 882 607 916 de
623 891 697 927 quo
713 879 986 924 ambigebatur,
1008 878 1079 913 sibi
1093 877 1352 920 adiudicavit.]

603 1063 756 1116 TITI
791 1061 954 1114 LIVI

424 1168 512 1206 AB
557 1167 746 1206 VRBE
792 1164 1126 1204 CONDITA

644 1279 813 1316 LIBER
842 1278 920 1315 III.

180 1358 214 1398 I.
263 1355 391 1397 Antio
416 1362 536 1410 capto
561 1354 680 1395 Titus
706 1353 914 1395 Aemilius
941 1360 980 1395 et
1007 1352 1059 1406 Q.
1080 1352 1239 1395 Fabius
1266 1353 1458 1395 consules
1489 1369 1500 1396 1

97 1421 209 1462 fiunt.
261 1419 327 1459 hie
352 1424 437 1459 erat
460 1416 630 1466 Fabius,
657 1417 727 1470 qui
752 1431 859 1457 unus
886 1416 1113 1457 exstinctae
1140 1417 1193 1457 ad
1219 1415 1458 1457 Cremeram

96 1482 208 1537 genti
239 1481 507 1536 superfuerat.
557 1479 641 1520 iam
675 1479 810 1533 priore
842 1478 1058 1520 consulatu
1087 1478 1294 1520 Aemilius
1334 1479 1458 1519 dandi
1486 1492 1503 1520 2

97 1545 185 1600 agri
208 1543 319 1599 plebi
343 1543 477 1583 fuerat
501 1548 654 1583 auctor.
691 1541 831 1595 itaque
851 1541 1033 1582 secundo
1052 1555 1217 1595 quoque
1242 1541 1460 1582 consulatu

97 1607 184 1647 eius
210 1612 250 1646 et
275 1606 423 1661 agrarii
455 1620 499 1646 se
528 1605 572 1645 in
603 1618 719 1658 spem
749 1603 854 1658 legis
886 1609 1100 1644 erexerant
1125 1610 1165 1644 et
1195 1603 1349 1645 tribuni
1372 1618 1459 1644 rem

98 1674 237 1708 contra
262 1667 450 1708 consules
477 1681 600 1721 saepe
625 1672 866 1720 temptatam
899 1665 1085 1706 adiutore
1115 1666 1258 1718 utique
1289 1666 1458 1706 consule

98 1729 270 1770 obtineri
299 1743 422 1783 posse
451 1728 528 1768 rati
559 1728 789 1782 suscipiunt
821 1734 861 1767 et
892 1727 1037 1768 consul
1068 1727 1263 1768 manebat
1292 1727 1336 1767 in
1367 1741 1459 1767 sen-

99 1790 225 1830 tentia
250 1805 336 1830 sua.
371 1804 634 1843 possessores
660 1796 699 1830 et
724 1804 877 1844 magna
901 1804 996 1843 pars
1022 1795 1199 1842 patrum,
1227 1788 1456 1829 tribuniciis
1485 1802 1503 1831 3

101 1865 144 1892 se
174 1851 324 1891 iactare
355 1851 582 1891 actionibus
614 1851 844 1904 principem
875 1850 1052 1891 civitatis
1084 1856 1125 1890 et
1160 1849 1372 1904 largiendo
1409 1850 1460 1891 de

100 1913 230 1953 alieno
254 1912 493 1967 popularem
519 1912 607 1952 fieri
631 1918 867 1965 querentes,
894 1912 1018 1952 totius
1043 1911 1242 1951 invidiam
1264 1911 1324 1952 rei
1349 1927 1373 1952 a
1391 1912 1461 1952 tri-

100 1975 220 2015 bunis
245 1975 287 2014 in
312 1974 524 2015 consulem
549 1980 792 2014 averterant.
842 1980 959 2014 atrox
991 1980 1199 2014 certamen
1229 1973 1388 2023 aderat,
1419 1974 1461 2014 ni
1487 1988 1506 2016 4

99 2036 255 2077 Fabius
292 2036 462 2077 consilio
498 2035 631 2076 neutri
667 2035 772 2090 parti
809 2035 956 2076 acerbo
987 2049 1075 2076 rem
1112 2035 1360 2089 expedisset.
1410 2035 1459 2076 T.
1512 2083 1515 2086 ¹

101 2098 269 2151 Quincti
294 2099 420 2138 ductu
445 2104 485 2138 et
509 2097 692 2152 auspicio
719 2097 807 2152 agri
831 2097 941 2151 capti
971 2097 1105 2151 priore
1137 2111 1243 2138 anno
1274 2097 1460 2151 aliquan-

100 2168 187 2201 tum
213 2176 238 2202 a
262 2159 426 2201 Volscis
454 2174 562 2209 esse,
601 2159 794 2208 Antium,
826 2159 1118 2213 propinquam,
1151 2165 1395 2214 oportunam
1420 2166 1458 2200 et
1485 2174 1503 2202 a

100 2223 345 2264 maritimam
368 2222 531 2271 urbem,
570 2221 772 2262 coloniam
803 2221 952 2262 deduci
974 2235 1118 2276 posse:
1155 2221 1212 2262 ita
1244 2221 1330 2262 sine
1361 2236 1460 2275 que-

100 2285 209 2326 rellis
233 2298 522 2338 possessorum
553 2283 717 2338 plebem
746 2284 789 2323 in
821 2298 941 2338 agros
973 2284 1142 2333 ituram,
1180 2283 1388 2324 civitatem
1417 2284 1460 2324 in

101 2346 318 2388 eoncordia
352 2346 452 2387 fore.
507 2346 609 2386 haec
646 2346 848 2387 sententia
884 2352 1053 2400 accepta
1094 2352 1169 2386 est.
1224 2345 1458 2387 triumviros
1485 2360 1502 2389 6

101 2423 199 2464 agro
219 2409 355 2449 dando
375 2414 485 2450 creat
504 2408 553 2448 T.
575 2407 828 2460 Quinctium,
854 2406 909 2448 A.
925 2407 1182 2463 Verginium,
1208 2407 1257 2449 P.
1272 2408 1456 2449 Furium.

100 2471 201 2511 iussi
225 2470 392 2511 nomina
416 2470 530 2519 (lare,
563 2470 633 2523 qui
658 2485 804 2524 agrum
829 2470 1014 2525 accipere
1040 2470 1203 2511 vellent.
1253 2469 1351 2511 fecit
1375 2476 1458 2511 sta·
1483 2485 1498 2514 τ

101 2533 184 2581 tim,
211 2539 255 2572 ut
280 2533 342 2582 fit,
369 2532 581 2573 fastidium
606 2533 724 2587 copia
748 2533 931 2586 adeoque
956 2532 1078 2586 pauci
1102 2531 1270 2573 nomina
1294 2532 1455 2582 dedere,

101 2601 145 2634 ut
169 2595 222 2635 ad
247 2595 494 2649 explendum
519 2609 736 2635 numerum
761 2594 894 2635 coloni
918 2593 1062 2635 Volsci
1093 2594 1358 2644 adderentur3
1391 2609 1457 2635 ce-

100 2663 185 2697 tera
214 2657 433 2697 multitudo
462 2671 633 2711 poscere
658 2656 817 2697 Romae
849 2671 994 2711 agrum
1025 2656 1166 2706 malle,
1203 2670 1328 2710 quam
1360 2655 1457 2698 alibi

100 2718 295 2773 accipere.
351 2719 489 2773 Aequi
521 2735 545 2760 a
576 2718 628 2772 Q.
654 2718 786 2760 Fabio
819 2745 870 2749 —
902 2719 937 2760 is
970 2733 1018 2760 eo
1049 2733 1142 2760 eum
1174 2719 1355 2760 exercitu
1385 2734 1456 2762 vc-
1479 2731 1499 2762 8
