1780 3204
669 287 821 323 LIBER
846 288 894 322 11Ε
1404 280 1458 320 63

502 437 789 488 [ΡΕΒΙΟΟΗΑ
818 439 959 476 Hem
983 437 1058 488 IL]

175 525 334 568 [Brutus
353 523 432 558 iure
451 523 609 556 iurando
630 524 809 567 populum
829 523 1000 558 astrinxit
1019 523 1203 559 neminem
1216 524 1357 560 Romae
1377 537 1458 571 reg-

104 587 193 610 nare
212 586 418 620 passurum.
468 574 714 619 Tarquinium
736 575 919 619 collegam
940 586 1045 608 suum
1057 579 1212 619 propter
1230 576 1458 612 adfinitatem

104 626 392 671 Tarquiniorum
424 630 638 669 suspectum
664 625 790 670 coegit
816 626 1013 660 consulatu
1038 637 1076 660 se
1109 626 1286 661 abdicare
1311 633 1348 662 et
1374 628 1458 662 civi-

102 682 178 712 tate
201 678 344 711 cedere.
380 677 483 710 bona
501 687 631 720 regum
652 676 761 721 diripi
780 676 905 720 iussit,
932 688 1061 721 agrum
1080 677 1191 711 Marti
1213 679 1457 721 consecravit,

103 727 166 773 qui
187 739 338 772 campus
352 727 508 761 Martius
528 727 739 760 nominatus
759 731 826 761 est.
863 728 1124 762 adulescentes
1143 728 1302 769 nobiles,
1322 729 1360 763 in
1381 731 1459 775 qui-

102 779 172 812 bus
188 789 275 812 suos
290 789 439 823 quoque
456 782 492 811 et
505 777 631 811 fratris
645 777 756 820 filios,
773 777 860 822 quia
873 778 1161 812 eoniuraverant
1176 779 1220 813 de
1235 780 1459 824 recipiendis

101 829 267 873 regibus⁷
289 828 409 862 securi
429 827 625 872 percussit.
668 839 774 862 servo
795 827 921 871 indici,
943 828 1003 861 cui
1023 828 1196 862 Vindicio
1216 841 1353 864 nomen
1376 830 1458 870 fuit,

101 879 315 913 libertatem
336 878 457 920 dedit3
482 889 527 912 ex
552 877 656 911 cuius
682 877 831 912 nominc
856 878 1021 912 vindicta
1046 879 1250 922 appellata.
1294 891 1377 914 cnm
1396 881 1458 915 ad·

102 940 232 963 versus
253 939 380 972 reges,
408 928 471 973 qui
491 928 692 962 contractis
712 928 911 963 Veientum
929 932 967 963 et
987 929 1315 974 Tarquiniensium
1341 931 1458 975 copiis

102 979 241 1014 bellum
261 979 482 1022 intulerant,
509 978 709 1013 exereitum
731 978 915 1022 duxisset,
941 978 980 1012 in
999 979 1079 1013 acie
1100 990 1182 1013 cum
1200 981 1361 1015 Arrunte
1379 981 1458 1014 filio

102 1030 262 1074 Superbi
277 1033 526 1064 commortuus
541 1033 608 1073 est,
625 1040 781 1074 eumque
796 1034 986 1063 matronae
1002 1040 1099 1063 anno
1114 1030 1296 1065 luxerunt.
1326 1031 1370 1065 L.
1385 1033 1457 1067 Va-

101 1081 215 1114 lerius
231 1081 362 1114 consul
375 1081 496 1125 legem
511 1080 556 1114 de
570 1079 841 1124 provocatione
856 1080 904 1113 ad
916 1081 1096 1124 populum
1111 1080 1206 1114 tulit.
1234 1080 1457 1125 Capitolium

102 1130 311 1165 dedicatum
326 1134 392 1164 est.
420 1131 615 1164 Porsenna
629 1129 866 1163 Clusinorum
878 1140 943 1162 rex
957 1130 1057 1163 bello
1072 1141 1138 1173 pro
1149 1131 1364 1175 Tarquiniis
1380 1143 1457 1165 sus-

102 1186 210 1225 cepto
237 1192 319 1215 cum
346 1181 395 1215 ad
419 1181 628 1215 Ianiculum
654 1180 836 1220 venisset,
863 1190 911 1213 ne
932 1179 1098 1214 Tiberim
1122 1181 1299 1215 transiret
1321 1182 1457 1216 virtute

101 1230 254 1265 Coclitis
278 1231 414 1265 Horati
437 1230 650 1274 prohibitus
675 1234 747 1273 est,
775 1230 857 1275 qui,
884 1230 969 1263 dum
995 1230 1058 1264 alii
1081 1235 1235 1275 pontem
1260 1232 1457 1267 sublicium

99 1281 330 1323 rescindunt,
357 1282 460 1315 solus
478 1281 658 1315 Etruscos
680 1280 869 1321 sustinuit,
896 1285 934 1315 et
952 1285 1066 1324 ponte
1095 1286 1206 1326 rupto
1231 1288 1394 1318 annatus
1419 1284 1458 1318 in

99 1331 236 1366 flumen
261 1343 300 1366 se
326 1332 427 1366 misit
451 1335 489 1366 et
508 1332 556 1366 ad
583 1342 671 1365 suos
696 1331 913 1366 transnavit.
956 1332 1116 1366 accessit
1133 1332 1292 1367 alterum
1309 1334 1456 1369 virtutis

99 1383 306 1426 exemplum
319 1393 342 1416 a
355 1382 490 1424 Mucio,
516 1382 579 1427 qui
594 1393 675 1416 cum
690 1382 738 1416 ad
755 1382 966 1417 feriendum
979 1383 1209 1418 Porsennam
1231 1389 1352 1420 eastra
1372 1386 1456 1420 hos-

99 1434 190 1467 tium
213 1433 409 1476 intrasset,
442 1434 567 1468 occiso
594 1433 734 1475 scriba,
767 1444 876 1478 quem
901 1444 1028 1478 regem
1053 1445 1136 1468 csse
1169 1435 1455 1477 existimaverat,

101 1484 391 1529 comprehensus
405 1484 617 1529 impositam
631 1495 779 1518 manum
795 1484 988 1528 altaribus,
1004 1484 1042 1519 in
1057 1485 1192 1530 quibus
1208 1486 1456 1522 sacrificatum

99 1538 189 1578 erat,
212 1535 315 1569 exuri
332 1546 466 1580 passus
488 1539 546 1570 est
566 1535 744 1580 dixitque,
760 1535 856 1570 tales
875 1539 1063 1570 trecentos
1085 1547 1179 1571 esse.
1217 1549 1374 1582 quorum
1393 1540 1456 1573 ad-

98 1584 291 1619 miratione
307 1589 461 1620 coactus
474 1586 671 1621 Porsenna
689 1586 794 1630 pacis
809 1586 1050 1621 condiciones
1066 1586 1163 1622 ferre
1178 1588 1318 1622 bellum
1333 1589 1457 1623 omisit

98 1635 261 1678 acceptis
283 1635 488 1670 obsidibus.
522 1648 566 1671 ex
588 1636 724 1682 quibus
739 1637 843 1681 virgo
858 1648 932 1672 una
947 1636 1090 1672 Cloelia
1105 1638 1272 1682 deceptis
1294 1640 1455 1674 custodi-

98 1685 168 1719 bus
187 1697 254 1730 per
268 1687 435 1721 Tiberim
453 1688 502 1721 ad
522 1699 609 1722 suos
628 1688 839 1722 transnavit
857 1692 907 1731 et,
929 1699 1012 1722 cum
1028 1689 1177 1723 reddita
1197 1693 1307 1733 esset,
1330 1702 1352 1724 a
1365 1691 1454 1725 Por-

99 1747 216 1770 senna
238 1736 444 1772 honorifice
468 1738 625 1773 remissa
650 1739 813 1784 equestri
847 1743 971 1773 statua
996 1739 1136 1774 donata
1161 1744 1228 1773 cst.
1277 1741 1455 1775 adversus

99 1787 344 1831 Tarquinium
363 1787 571 1833 Superbum
598 1800 679 1823 cum
699 1789 920 1824 Latinorum
945 1789 1111 1824 exercitu
1130 1790 1270 1824 bellum
1295 1790 1455 1825 inferen—

99 1841 173 1870 tem
191 1838 310 1871 Aulus
329 1839 544 1872 Postumius
570 1839 731 1873 dictator
748 1851 928 1884 prospere
947 1839 1140 1884 pugnavit.
1184 1839 1254 1884 Ap.
1276 1839 1454 1875 Claudius

100 1898 144 1921 ex
159 1885 308 1921 Sabinis
322 1888 477 1922 Romam
496 1889 716 1933 transfugit:
743 1890 792 1924 ob
812 1890 885 1923 hoc
905 1889 1062 1924 Claudia
1079 1889 1199 1924 tribus
1219 1890 1367 1925 adiecta
1386 1896 1453 1926 est.

99 1948 274 1972 numerus
293 1938 455 1972 tribuum
472 1939 672 1983 ampliatus
693 1943 760 1980 est,
773 1944 815 1973 ut
834 1944 960 1974 essent
972 1940 1104 1984 viginti
1122 1951 1206 1974 una.
1243 1941 1352 1985 plebs
1372 1953 1454 1976 cum

100 1992 253 2032 prepter
271 1999 386 2022 nexos
406 1989 452 2023 ob
472 2000 536 2023 aes
556 1990 717 2024 alienum
735 1991 773 2023 in
788 2001 934 2024 sacrum
947 1995 1109 2024 montem
1123 1991 1352 2036 secessisset,
1368 2003 1453 2027 con—

101 2037 183 2072 silio
206 2038 357 2073 Meneni
380 2038 572 2084 Agrippae
597 2051 620 2074 a
645 2040 828 2074 seditione
852 2044 1030 2075 revocata
1054 2045 1121 2075 est.
1163 2041 1262 2075 idem
1283 2041 1453 2087 Agrippa

101 2100 183 2122 eum
208 2089 450 2132 decessisset,
477 2093 631 2134 propter
654 2094 913 2134 paupertatem
938 2090 1091 2135 publico
1116 2091 1305 2135 impendio
1332 2093 1452 2127 elatus

102 2143 168 2172 est.
205 2139 344 2173 tribuni
362 2140 486 2184 plebis
506 2140 669 2185 quinque
692 2141 807 2175 creati
828 2145 923 2175 sunt.
956 2141 1134 2185 oppidum
1146 2142 1371 2177 Vulscorum
1385 2142 1453 2178 Ce—

99 2189 184 2222 rioli
202 2194 352 2234 captum
372 2195 428 2224 est
447 2190 582 2225 virtute
597 2195 634 2225 et
647 2190 842 2236 opera'Cn.
856 2191 987 2235 Marci,
1003 2191 1066 2236 qui
1081 2192 1128 2226 ob
1143 2192 1216 2226 hoe
1231 2192 1452 2228 Coriolanus

99 2244 254 2274 vocatus
275 2245 343 2275 est.
380 2241 422 2275 T.
436 2241 620 2286 Latinius,
642 2243 698 2275 vir
718 2243 763 2277 de
781 2243 905 2287 plebe,
928 2254 1009 2277 cum
1028 2243 1066 2277 in
1079 2243 1161 2277 visu
1175 2245 1398 2286 admonitus,
1414 2251 1454 2280 ut

101 2291 146 2327 de
168 2291 392 2335 quibusdam
410 2292 657 2336 religionibus
678 2293 726 2327 ad
747 2297 915 2328 senatum
934 2294 1134 2338 perferret,
1153 2295 1193 2328 id
1210 2296 1449 2340 neglexisset,

100 2340 237 2375 amisso
262 2340 340 2375 filio
367 2342 501 2376 debilis
527 2343 649 2377 factus
674 2347 873 2389 postquam
894 2345 1041 2379 delatus
1062 2346 1109 2379 ad
1129 2350 1298 2380 senatum
1317 2347 1452 2382 lectica

100 2392 230 2426 eadem
247 2392 312 2426 illa
330 2392 576 2437 indicaverat,
602 2406 671 2428 usu
690 2395 826 2438 pedum
845 2399 996 2440 recepto
1018 2396 1164 2430 domum
1190 2408 1361 2431 reversus
1382 2402 1449 2432 cst.

101 2453 183 2475 cum
198 2441 262 2476 Cn.
275 2442 438 2477 Marcius
454 2443 688 2487 Coriolanus,
710 2445 772 2490 qui
791 2446 828 2479 in
848 2445 997 2480 exilium
1018 2450 1098 2480 erat
1110 2447 1253 2490 pulsus,
1274 2448 1348 2481 dux
1361 2448 1450 2483 Vul-

101 2503 247 2526 scorum
270 2492 394 2527 factus
420 2496 619 2529 exercitum
645 2495 808 2529 hostium
832 2496 915 2530 urbi
941 2497 1186 2541 admovisset,
1214 2502 1250 2531 ct
1274 2497 1377 2532 missi
1402 2499 1450 2533 ad

100 2553 182 2577 eum
202 2543 358 2586 primum
373 2544 499 2589 legati,
515 2549 648 2590 postea
662 2547 878 2580 sacerdotes
893 2546 1031 2580 frustra
1046 2547 1235 2591 deprecati
1251 2552 1387 2591 essent,
1401 2560 1448 2583 ne

101 2593 238 2627 bellum
257 2594 401 2638 patriae
420 2595 584 2637 inferret,
597 2596 754 2631 Veturia
766 2601 885 2632 mater
899 2601 936 2631 et
949 2597 1146 2632 Volumnia
1166 2609 1260 2632 uxor
1278 2598 1449 2644 impetra-

99 2648 230 2677 verunt
250 2645 297 2679 ab
319 2656 375 2689 eo,
395 2649 435 2679 ut
454 2647 656 2681 recederet.
688 2648 747 2681 lex
767 2648 916 2692 agraria
933 2647 1089 2692 primum
1104 2648 1180 2682 lata
1194 2652 1261 2683 est.
1294 2648 1448 2693 Spurius

99 2692 250 2728 Cassius
266 2696 473 2730 consularis
487 2697 593 2741 regni
609 2697 758 2732 crimine
773 2698 965 2732 damnatus
980 2702 1037 2732 est
1048 2702 1289 2744 necatusque.
1311 2699 1449 2744 Opillia

98 2744 203 2789 virgo
217 2746 383 2780 Vestalis
404 2747 451 2781 ob
473 2747 654 2782 incestum
675 2748 759 2783 viva
779 2748 930 2783 defossa
951 2753 1017 2782 est.
1050 2760 1130 2782 eum
1146 2749 1255 2783 vicini
1269 2750 1448 2785 Veientes
