1780 3204
597 253 750 288 LIBER
769 254 798 299 Ι,
825 254 855 288 5.
876 256 914 289 6..
1401 245 1425 285 9

74 360 114 400 vi
145 374 187 400 se
219 358 487 408 defendisset,
526 358 704 399 Remum
735 358 911 412 cepisse,
949 363 1112 412 captum
1144 358 1232 412 regi
1255 356 1425 399 Amulio

74 421 292 461 tradidisse
327 420 434 461 ultro
471 426 723 461 accusantes.
785 419 943 460 crimini
978 419 1157 459 maxime
1193 418 1346 460 dabant
1385 420 1426 460 iu
1452 432 1470 459 4

72 482 297 524 Numitoris
334 497 456 537 agros
488 481 538 522 ab
568 481 618 522 iis
654 481 854 535 impetum
885 481 989 529 fieri,
1026 481 1122 522 inde
1157 495 1227 522 eos
1259 481 1428 522 collecta

72 544 267 584 iuvenum
293 559 417 584 manu
441 543 631 583 hostilem
656 543 698 582 in
721 543 889 584 modum
915 543 1088 597 praedas
1114 557 1248 597 agere.
1293 543 1352 584 sio
1377 543 1429 584 ad

74 605 320 659 supplicium
346 604 550 646 Numitori
575 605 732 646 Remus
758 605 930 646 deditur.

159 667 248 707 Iam
278 667 373 708 inde
399 667 450 708 ab
482 667 597 708 initio
622 667 823 710 Faustulo
851 682 945 722 spes
970 666 1123 716 fuerat,
1155 667 1310 721 regiam
1338 668 1428 708 stir-
1453 679 1472 707 5

71 743 167 783 pem
193 729 303 782 apud
328 743 371 769 se
396 728 574 776 educari,
600 743 696 768 nam
721 736 761 769 et.
786 729 994 782 expositos
1019 729 1137 769 iussu
1160 729 1269 783 regis
1294 728 1429 769 infan-

73 798 134 830 tes
172 789 327 830 sciebat
363 796 402 830 et
438 795 620 843 temPUS,
658 804 739 842 quo
775 790 864 843 ipse
902 804 972 830 eos
1011 789 1261 838 sustulisset,
1300 790 1352 830 ad
1386 790 1428 830 id

71 851 208 905 ipsum
233 865 476 906 congruere,
516 851 589 891 sed
621 865 709 891 rem
739 851 987 891 inmaturam
1010 851 1090 892 nisi
1121 858 1190 891 aut
1214 866 1288 905 per
1311 866 1429 892 occa-

73 913 229 954 sionem
254 920 323 953 aut
352 927 426 967 per
454 912 741 953 necessitatem
772 912 919 965 aperiri
949 912 1147 952 noluerat.
1201 913 1427 953 necessitas
1453 926 1471 954 6

71 974 183 1028 prior
206 974 328 1014 venit.
376 974 433 1014 ita
457 980 570 1013 metu
595 971 790 1013 subactus
815 973 995 1013 Romulo
1020 988 1106 1013 rem
1132 974 1273 1027 aperit.
1322 973 1427 1014 forte

73 1042 113 1076 et
130 1035 345 1084 Numitori,
373 1049 466 1075 cum
490 1034 533 1074 in
563 1034 749 1074 custodia
766 1033 945 1074 Remum
971 1033 1139 1074 haberet
1164 1035 1428 1088 audissetque

73 1097 260 1151 geminos
297 1111 388 1137 esse
424 1095 589 1144 fratres,
628 1095 905 1149 comparando
941 1102 981 1135 et
1011 1101 1184 1135 aetatem
1217 1110 1358 1136 eorum
1389 1103 1429 1136 et

70 1159 203 1212 ipsam
222 1158 388 1198 minime
408 1157 598 1198 servilem
615 1157 797 1197 indolem
815 1157 1003 1211 tetigerat
1023 1156 1205 1196 animum
1230 1157 1428 1198 memoria

70 1225 266 1273 nepotum
297 1219 626 1272 sciscitandoque
657 1219 802 1259 eodem
831 1218 1035 1273 pervenit,
1073 1225 1119 1258 ut
1148 1218 1249 1259 haut
1283 1219 1427 1273 procul

71 1286 191 1328 esset,
218 1280 317 1333 quin
341 1279 520 1320 Remum
544 1286 799 1334 agnosceret.

151 1342 217 1382 Ita
247 1341 428 1395 undique
458 1342 547 1396 regi
577 1342 695 1382 dolus
732 1341 919 1382 nectitur.
975 1341 1178 1383 Romulus
1214 1357 1298 1383 non
1334 1355 1426 1382 cum
1455 1357 1467 1384 7

69 1402 194 1458 globo
211 1403 553 1444 iuvenum—nec
568 1404 676 1444 enim
693 1410 778 1444 erat
798 1403 850 1444 ad
869 1410 1054 1457 apertam
1074 1404 1157 1444 vim
1177 1418 1252 1458 par
1260 1429 1326 1453 —,
1355 1404 1428 1444 sed

69 1465 160 1506 aliis
192 1465 271 1506 alio
302 1465 446 1506 itinere
476 1465 600 1506 iussis
639 1472 749 1507 certo
785 1472 969 1520 tempore
1007 1466 1060 1506 ad
1095 1466 1253 1521 regiam
1287 1465 1427 1506 venire

68 1526 300 1581 pastoribus
327 1527 380 1568 ad
402 1541 544 1582 regem
568 1527 768 1582 impetum
799 1527 899 1568 facit
929 1534 968 1568 et
999 1543 1023 1568 a
1053 1527 1176 1568 domo
1200 1527 1426 1568 Numitoris

69 1589 148 1630 alia
161 1595 396 1643 comparata
410 1604 535 1629 manu
548 1589 714 1630 adiuvat
728 1589 899 1630 Remus.
935 1590 992 1630 ita
1010 1604 1149 1644 regem
1169 1589 1425 1630 obtruncant.

152 1650 230 1691 VI.
276 1649 467 1692 Numitor
490 1650 596 1691 inter
618 1651 798 1705 primum
822 1651 1045 1692 tumultum
1070 1651 1200 1692 hostis
1225 1651 1427 1692 invasisse
1458 1665 1468 1691 1

70 1711 213 1752 urbem
238 1718 360 1765 atque
385 1713 550 1753 adortos
574 1712 732 1767 regiam
756 1710 968 1761 dictitans,
1001 1727 1094 1753 cum
1120 1712 1272 1767 pubem
1297 1711 1428 1753 Alba-

68 1788 165 1813 nam
193 1773 237 1813 in
267 1787 403 1814 arcem
432 1774 637 1828 praesidio
668 1774 874 1827 armisque
905 1774 1169 1815 obtinendam
1199 1780 1425 1821 avocasset,

69 1840 290 1888 postquam
318 1835 489 1875 iuvenes
519 1842 753 1889 perpetrata
783 1836 908 1876 caede
938 1850 1110 1890 pergere
1141 1835 1194 1875 ad
1219 1849 1263 1875 se
1287 1841 1427 1889 gratu-

69 1896 200 1936 lantes
219 1895 333 1945 vidit,
359 1896 565 1951 extemplo
584 1897 784 1937 advocato
804 1896 976 1937 concilio
997 1896 1131 1937 scelus
1151 1896 1192 1936 in
1213 1911 1256 1936 se
1275 1896 1425 1944 fratris,

70 1957 269 2012 originem
287 1964 502 2011 nepotum,
529 1964 574 1998 ut
592 1958 738 2013 geniti,
764 1964 809 1998 ut
831 1958 1011 2007 educati,
1038 1965 1084 1998 ut
1103 1957 1255 2012 cogniti
1276 1964 1425 2006 essent,

71 2020 238 2061 caedem
274 2020 468 2075 deinceps
505 2020 668 2075 tyranni
704 2034 830 2073 seque
867 2020 955 2061 eius
991 2026 1200 2061 auctorem
1236 2019 1425 2060 ostendit.

69 2082 238 2124 iuvenes
263 2096 337 2136 per
360 2082 539 2123 mediam
559 2082 792 2123 contionem
811 2082 975 2137 agmine
994 2082 1171 2136 ingressi
1190 2096 1284 2123 cum
1303 2096 1425 2122 avum
1452 2095 1469 2122 ι)

69 2157 210 2198 regem
241 2143 506 2193 salutassent,
547 2150 687 2184 secuta
724 2157 776 2184 ex
812 2143 924 2183 omni
960 2143 1220 2183 multitudine
1257 2157 1428 2184 consen-

69 2205 173 2246 tiens
199 2220 281 2246 vox
304 2212 438 2246 ratum
462 2220 614 2246 nomen
639 2205 939 2259 imperiumque
963 2205 1052 2259 regi
1077 2204 1216 2245 efficit.

153 2268 219 2308 Ita
243 2268 446 2309 Numitori
476 2267 643 2308 Albana
673 2282 716 2308 re
746 2267 949 2322 permissa
977 2263 1202 2307 Romulum
1227 2266 1425 2307 Remum·
1449 2281 1468 2310 3
1514 2270 1518 2273 ’

69 2343 149 2381 que
174 2330 323 2383 cupido
348 2330 455 2384 cepit
478 2330 521 2370 in
544 2330 594 2371 iis
620 2329 740 2379 locis,
778 2328 850 2370 ubi
880 2329 1057 2383 expositi
1081 2328 1234 2382 ubique
1265 2328 1426 2369 educati

70 2397 201 2439 erant,
240 2390 350 2433 urbis
383 2391 632 2433 condendae.
686 2397 727 2432 et
757 2396 967 2444 supererat
997 2390 1215 2431 multitudo
1239 2389 1426 2431 Albano-

68 2467 159 2492 rum
189 2453 536 2507 Latinorumque‚
575 2453 625 2494 ad
662 2453 704 2493 id
733 2459 921 2507 pastores
953 2467 1117 2506 quoque
1154 2459 1423 2501 accesserant,

68 2514 138 2566 qui
163 2529 306 2555 onmes
331 2514 452 2556 facile
477 2529 593 2569 spem
618 2514 816 2563 facerent,
847 2529 1018 2568 parvam
1042 2513 1215 2563 Albam,
1252 2528 1423 2568 parvum

68 2575 291 2616 Lavinium
316 2591 414 2630 prae
439 2591 488 2617 ea
511 2576 625 2625 urbe,
651 2590 756 2629 quae
782 2576 1036 2625 conderetur,
1063 2576 1164 2617 fore.
1208 2575 1423 2616 intervenit
1450 2590 1467 2617 4

68 2636 214 2678 deinde
249 2637 313 2679 his
350 2637 668 2693 cogitationibus
706 2637 862 2678 avitum
899 2637 1071 2686 malum,
1107 2637 1224 2692 regni
1261 2637 1421 2691 cupido,

68 2704 190 2751 atque
214 2698 309 2740 inde
334 2699 502 2741 foedum
528 2705 733 2740 certamen
764 2705 948 2740 coortum
980 2714 1003 2740 a
1029 2699 1128 2740 satis
1159 2699 1246 2739 miti
1276 2698 1424 2752 princi-
