1835 3226
326 259 409 300 274
628 262 782 297 LIBER
806 261 852 306 V,
877 261 931 295 22.
950 260 1004 295 23.
1032 262 1080 304 [a.
1095 272 1130 295 u.
1149 271 1178 295 c.
1191 260 1267 296 358.
1287 261 1369 306 359]

324 371 383 410 ira
401 367 544 422 plebis.
588 372 627 406 et
646 364 757 418 quod
774 363 965 405 rettulere
991 377 1131 404 secum
1156 364 1352 419 praedae,
1378 378 1453 405 nec
1472 366 1585 416 duci,
1610 368 1679 420 qui

324 431 376 471 ad
401 434 607 476 senatum,
633 425 899 481 malignitatis
925 432 1112 466 auctores
1137 426 1390 478 quaerendo,
1416 441 1501 467 rem
1528 427 1681 470 arbitrii

281 506 296 533 2
325 492 387 533 sui
412 490 639 538 reiecisset,
670 503 747 529 nee
772 487 950 537 senatui,
984 488 1056 529 sed
1081 488 1270 529 Liciniae
1295 488 1492 538 familiae,
1526 504 1577 530 ex
1601 505 1683 545 qua

324 553 431 594 filius
452 552 504 593 ad
525 557 713 592 senatum
732 550 968 600 rettulisset,
989 556 1105 604 pater
1124 558 1206 591 tam
1224 550 1434 605 popularis
1458 553 1681 594 sententiae

281 628 298 655 :3
324 620 467 655 auctor
495 613 662 662 fuisset,
702 618 916 666 acceptum
946 611 1191 652 referebant.
1241 612 1335 653 eum
1366 613 1448 654 iam
1479 613 1682 656 humanae

324 691 423 731 opes
444 682 611 731 egestae
631 674 783 716 aVeiis
805 681 960 723 essent,
988 674 1145 715 amoliri
1165 680 1250 715 tum
1271 675 1393 715 deum
1420 675 1527 717 dona
1551 676 1683 731 ipsos-

324 752 403 792 que
435 738 553 786 deos,
592 737 665 778 scd
696 735 916 777 colentium
946 736 1079 790 magis
1111 750 1234 788 quam
1264 736 1508 790 rapientium
1547 738 1681 787 modo,

280 816 297 842 —t
325 813 508 854 coepere.
557 811 734 851 namque
767 796 913 838 delecti
943 811 994 838 ex
1024 797 1135 838 omni
1166 797 1347 838 exercitu
1376 797 1546 839 iuvenes
1582 813 1683 853 pure

322 861 443 902 lautis
476 859 734 915 corporibus,
767 859 942 900 candida
971 865 1105 909 veste,
1143 859 1292 913 quibus
1324 860 1577 914 deportanda
1599 861 1683 902 Ro-

324 938 434 964 mam
470 922 613 977 regina
642 921 748 962 Iuno
785 921 1002 976 adsignata
1032 927 1135 971 erat,
1173 920 1454 962 venerabundi
1485 922 1681 977 templum

281 1001 299 1028 5>
323 985 461 1034 iniere,
490 985 620 1039 primo
639 983 831 1039 religiose
851 984 1119 1024 admoventes
1138 998 1301 1034 manUS,
1327 984 1439 1037 quod
1457 984 1499 1024 id
1519 985 1680 1039 signum

324 1063 436 1090 more
467 1048 646 1089 Etrusco
677 1047 756 1088 nisi
787 1053 920 1088 certae
951 1047 1085 1102 gentis
1117 1047 1309 1088 sacerdos
1341 1047 1565 1088 adtrectare
1601 1062 1684 1087 non

326 1118 436 1152 esset
467 1111 623 1152 solitus.
673 1110 767 1150 dein
798 1124 891 1150 cum
923 1109 1090 1162 quidam
1117 1124 1190 1150 seu
1216 1109 1360 1164 spiritu
1386 1110 1524 1150 divino
1551 1115 1682 1150 tactus

328 1188 402 1214 seu
426 1171 604 1213 iuvenali
628 1171 737 1212 ioco:
765 1171 900 1211 ‘visne
918 1171 1097 1212 Romam
1121 1171 1197 1220 ire,
1224 1171 1372 1212 Iuno?'
1397 1171 1587 1221 dixisset,
1614 1171 1685 1212 ad-

326 1235 466 1275 nuisse
487 1233 611 1275 ceteri
629 1233 749 1273 deam
771 1232 1140 1273 conclamaverunt.
1178 1233 1272 1274 inde
1291 1233 1456 1274 fabulae
1477 1233 1682 1274 adiectum

281 1310 298 1337 ο·
326 1303 405 1346 cst,
443 1310 588 1337 vocem
618 1309 782 1348 quoque
814 1294 985 1335 dicentis
1018 1294 1121 1334 velle
1152 1295 1353 1344 auditam3
1391 1301 1544 1336 motam
1575 1300 1682 1335 certe

327 1358 424 1399 sede
457 1373 531 1398 sua
561 1356 677 1411 parvi
702 1356 927 1397 molimenti
952 1356 1209 1397 adminiculis
1236 1356 1443 1409 sequentis
1470 1356 1592 1396 modo
1618 1371 1683 1396 ae-

283 1433 296 1460 ῖ
327 1420 511 1475 cepimus
542 1419 674 1460 levem
707 1433 755 1458 ac
785 1418 948 1458 facilem
979 1417 1127 1458 tralatu
1157 1417 1286 1459 fuisse
1323 1419 1605 1472 integramque
1643 1418 1682 1457 in

324 1482 600 1530 Aventinum,
628 1487 834 1521 aeternam
861 1480 999 1520 sedem
1027 1495 1162 1528 suam,
1189 1494 1270 1532 quo
1288 1486 1384 1520 vota
1404 1480 1579 1520 Romani
1599 1479 1684 1519 die-

327 1544 469 1585 tatoris
489 1548 756 1590 vocaverant,
783 1541 999 1596 perlatam,
1026 1541 1097 1582 ubi
1123 1541 1319 1596 templum
1346 1542 1382 1582 ei
1406 1548 1550 1596 postea
1574 1541 1681 1581 idem

327 1606 397 1659 qui
422 1610 593 1645 voverat
619 1603 820 1644 Camillus
846 1603 1062 1643 dedicavit.

282 1678 300 1706 S
410 1667 495 1707 Hie
508 1665 708 1707 Veiorum
728 1679 899 1706 occasus
919 1664 1009 1713 suit,
1030 1664 1143 1705 urbis
1163 1665 1497 1718 opulentissimae
1516 1665 1683 1706 Etrusci

326 1728 522 1777 nominis,
559 1726 886 1782 magnitudinem
912 1741 1029 1766 suam
1054 1725 1120 1766 vel
1145 1726 1289 1766 ultima
1313 1726 1428 1767 clade
1452 1727 1681 1775 indicantis,

325 1790 437 1844 quod
450 1790 593 1830 decem
606 1794 783 1830 aestates
798 1787 1037 1841 hiemesque
1052 1787 1265 1828 continuas
1287 1788 1570 1837 circumsessa,
1591 1803 1684 1829 eum

326 1853 419 1922 plus
434 1852 643 1906 aliquanto
658 1850 837 1892 cladium
855 1850 1061 1891 intulisset
1074 1864 1199 1903 quam
1218 1849 1457 1905 accepisset,
1478 1856 1684 1904 postremo

325 1914 408 1955 iam
439 1914 524 1955 fato
554 1928 717 1967 quoque
748 1918 920 1968 urgente
952 1912 1144 1967 operibus
1170 1919 1326 1962 tamen,
1357 1927 1440 1953 non
1464 1912 1505 1952 vi
1529 1926 1685 1967 expug-

327 1983 424 2017 nata
450 1986 524 2016 est.

287 2051 295 2077 ι
410 2037 589 2079 XXIII.
627 2037 805 2078 Romam
826 2043 869 2077 ut
887 2037 1118 2077 nuntiatum
1138 2042 1200 2077 est
1213 2035 1341 2077 Veios
1363 2042 1517 2091 eaptOS‚
1543 2049 1686 2089 quam-

325 2116 449 2154 quam
481 2107 522 2141 et
551 2100 740 2154 prodigia
763 2104 981 2154 procurata
1005 2098 1168 2139 fuerant
1193 2104 1233 2139 et
1257 2104 1397 2138 vatum
1422 2112 1621 2152 responsa
1646 2104 1685 2139 ct

324 2162 526 2217 Pythicae
553 2168 683 2216 sortes
708 2168 828 2202 notae
855 2168 912 2210 et,
939 2167 1139 2215 quantum
1164 2161 1354 2202 humanis
1381 2160 1565 2201 adiuvari
1590 2175 1685 2201 con-

326 2225 426 2266 siliis
458 2230 646 2279 potuerat
675 2239 759 2273 res,
792 2224 939 2264 ducem
964 2223 1026 2264 M.
1052 2223 1225 2264 Furium
1255 2223 1481 2264 maximum
1511 2223 1685 2277 impera-

282 2298 299 2326 2
326 2294 461 2329 torum
492 2287 676 2328 omnium
706 2286 909 2341 legerant,
948 2292 1103 2335 tamen,
1141 2286 1238 2339 quia
1267 2291 1326 2326 tot
1351 2286 1467 2326 annis
1495 2285 1604 2326 varie
1629 2285 1685 2325 ibi

324 2348 522 2390 bellatum
555 2355 641 2389 erat
671 2348 906 2401 multaeque
931 2347 1068 2388 clades
1095 2353 1306 2401 acceptae,
1337 2347 1449 2388 velut
1473 2361 1523 2387 ex
1548 2347 1686 2401 inspe-

283 2422 300 2449 3
326 2417 413 2452 rato
439 2411 673 2452 inmensum
698 2410 896 2465 gaudium
918 2410 1013 2459 fuit,
1041 2416 1080 2450 et
1099 2409 1340 2464 priusquam
1360 2416 1526 2451 senatus
1546 2410 1685 2450 decer-

325 2480 457 2522 neret,
483 2472 606 2527 plena
632 2472 771 2513 omnia
795 2472 948 2526 templa
966 2471 1248 2512 Romanarum
1267 2477 1445 2512 matrum
1464 2477 1601 2526 grates
1621 2470 1683 2511 dis

325 2534 535 2589 agentium
555 2540 681 2574 erant.
720 2540 885 2574 senatus
905 2533 945 2573 in
967 2533 1254 2586 quadriduum,
1276 2539 1376 2586 quot
1395 2533 1553 2573 dierum
1571 2531 1682 2573 nullo

283 2610 299 2636 4
326 2603 418 2636 ante
444 2596 569 2646 bello,
597 2596 917 2651 supplicationes
944 2596 1136 2636 decernit.
1187 2596 1386 2636 adventus
1412 2608 1574 2649 quoque
1598 2593 1682 2634 dic-

326 2659 466 2699 tatoris
491 2659 681 2701 omnibus
707 2659 920 2701 ordinibus
946 2658 1111 2700 obviam
1138 2659 1280 2700 effusis
1301 2658 1540 2700 celebratior
1557 2670 1680 2709 quam

326 2718 446 2761 ullius
472 2736 668 2774 umquam
689 2728 809 2763 antea
827 2721 904 2762 suit
924 2721 1238 2776 triumphusque
1257 2734 1420 2761 omnem
1439 2723 1680 2758 consuetum
