1835 3226
309 274 390 314 276
616 277 765 311 Lmen
793 276 836 320 v,
863 275 989 309 21213.
1020 274 1251 319 [amessa
1272 275 1353 317 360]

265 400 282 428 0*
309 385 349 424 in
368 387 591 436 conspectu
611 380 682 429 sit,
708 378 871 420 uberior
889 377 1143 432 ampliorque
1162 377 1351 418 Romano
1371 376 1496 432 agro?
1520 377 1662 418 urbem

308 458 470 498 quoque
496 442 587 483 urbi
610 442 768 482 Romae
795 440 859 481 vel
886 440 966 481 situ
991 439 1056 480 vcl
1081 438 1385 494 magnificentia
1409 438 1663 493 publicorum

267 522 281 548 ῖ
309 507 642 561 privatorumque
673 510 873 544 tectorum
905 517 952 543 ae
983 502 1165 543 locorum
1197 501 1514 556 praeponebant.
1569 500 1665 553 quin

308 568 377 609 illa
412 580 575 620 quoque
612 565 719 606 actio
755 563 1016 613 movebatur,
1060 578 1165 617 quae
1201 570 1294 618 post
1330 569 1490 617 captam
1527 565 1666 618 utique

309 631 487 671 Romam
523 644 548 669 a
585 626 718 669 Gallis
756 626 997 667 celebratior
1032 625 1128 675 fuit,
1172 626 1491 680 transmigrandi
1526 626 1666 668 Veios.

265 705 283 734 8
310 699 491 733 ceterum
515 696 674 745 partem
699 688 809 743 plebi
836 694 993 742 partem
1015 694 1182 728 senatus
1202 687 1463 728 destinabant
1482 688 1669 730 habitan-

311 754 374 794 dis
400 752 537 801 Veiis3
574 752 760 805 duasque
791 750 914 791 urbes
946 749 1176 790 eommunis
1202 749 1259 789 rei
1283 749 1473 803 publicae
1499 750 1621 791 incoli
1646 766 1669 791 a

266 831 282 857 a
308 815 461 870 populo
486 814 676 855 Romano
706 826 842 867 posse.
892 812 1091 852 adversus
1121 826 1226 864 quae
1252 825 1345 851 cum
1372 812 1588 866 optimates
1614 813 1669 853 ita

310 877 539 925 tenderent,
581 883 628 916 ut
657 875 875 916 morituros
915 889 958 914 se
995 874 1114 914 citius
1151 874 1333 914 dicerent
1369 874 1411 914 in
1448 881 1669 929 conspectu

308 939 450 995 populi
480 938 658 979 Romani
695 951 818 990 quam
850 936 1070 989 quicquam
1102 950 1242 976 earnm
1273 951 1407 976 rerum
1439 943 1668 992 rogaretur:

249 1016 286 1044 10
311 1003 462 1057 quippe
487 1015 597 1041 nune
621 1000 662 1040 in
688 1015 770 1040 una
794 998 895 1039 urbe
921 1004 1080 1039 tantum
1104 998 1408 1039 dissensionum
1435 1013 1544 1047 esse,
1572 999 1670 1052 qnid

310 1064 353 1104 in
383 1062 544 1104 duabus
575 1061 746 1102 urbibus
784 1060 898 1102 fore?
939 1060 1144 1100 victamne
1178 1066 1225 1100 ut
1260 1060 1479 1113 quisquam
1515 1060 1671 1101 victrici

310 1125 466 1179 patriae
491 1123 713 1178 praeferret
736 1123 967 1175 sineretque
986 1121 1183 1162 maiorem
1201 1120 1409 1162 fortunam
1429 1121 1559 1175 captis
1580 1136 1670 1162 esse

251 1202 285 1230 11
315 1186 432 1227 Veiis
469 1200 593 1239 quam
630 1183 904 1225 incolumibus
941 1183 1089 1223 fucrit?
1123 1189 1331 1237 postremo
1365 1198 1408 1224 se
1438 1184 1612 1237 relinqui
1649 1199 1672 1224 a

310 1248 469 1289 civibus
494 1248 537 1288 in
560 1247 693 1302 patria
717 1260 858 1300 posse,
890 1252 934 1285 ut
958 1245 1189 1298 relinquant
1213 1246 1387 1299 patriam
1413 1252 1534 1298 atquc
1560 1246 1670 1286 cives

311 1310 465 1351 nullam
485 1310 568 1349 vim
590 1323 786 1361 umquam
806 1306 1088 1356 subacturam3
1115 1314 1172 1347 et:
1199 1307 1248 1347 T.
1266 1305 1480 1356 Sicinium,
1508 1308 1541 1348 is
1563 1307 1669 1347 enim

311 1387 362 1413 ex
399 1371 571 1413 tribunis
607 1370 739 1424 plebis
769 1369 994 1424 rogationis
1026 1369 1113 1408 01115
1144 1368 1247 1408 lator
1278 1375 1380 1416 crat,
1419 1369 1669 1409 conditorem

311 1433 440 1475 Veios
466 1439 690 1486 sequantur
713 1431 854 1472 relicto
880 1431 957 1471 deo
982 1429 1179 1478 Romulo,
1213 1429 1278 1470 (lei
1305 1429 1406 1479 filio,
1438 1437 1605 1484 parente
1632 1439 1671 1470 et.

313 1502 478 1536 auctore
504 1494 616 1535 urbis
642 1494 821 1534 Romae:
848 1518 902 1522 —

271 1573 282 1600 1
397 1555 548 1597 XXV.
586 1555 707 1596 Haec
727 1570 820 1596 cum
840 1554 974 1595 foedis
1001 1554 1292 1595 certaminibus
1318 1567 1548 1609 agerentur,
1574 1570 1668 1595 nam

311 1625 469 1673 partem
495 1617 752 1658 tribunorum
777 1617 887 1671 plebi
912 1623 1049 1671 patres
1074 1617 1115 1657 in
1137 1632 1254 1657 suam
1276 1617 1518 1658 sententiam
1539 1624 1671 1658 traxe-

311 1689 420 1729 rant,
456 1679 569 1720 nulla
598 1694 663 1719 res
696 1679 775 1719 alia
806 1678 996 1719 manibus
1033 1685 1260 1732 temperare
1297 1679 1460 1732 plebem
1496 1679 1669 1734 cogebat

312 1757 435 1796 quam
466 1741 596 1795 quod,
632 1740 705 1781 ubi
734 1741 847 1781 rixae
879 1740 1195 1781 committendae
1227 1754 1352 1780 causa
1383 1740 1535 1781 clamor
1559 1748 1671 1781 ortus

312 1810 438 1853 esset,
476 1803 681 1858 principes
716 1808 882 1844 senatus
917 1802 1039 1856 primi
1076 1801 1218 1843 turbae
1255 1802 1473 1844 offerentes
1511 1817 1554 1843 se
1589 1804 1670 1857 peti

269 1883 286 1910 τ’,
313 1867 506 1920 feririque
531 1873 653 1920 atque
679 1865 809 1907 occidi
830 1864 1040 1906 iubebant.
1080 1864 1131 1905 ab
1151 1864 1297 1905 horum
1319 1864 1520 1906 aetatibus
1541 1865 1673 1920 digni-

312 1929 549 1983 tatibusque
575 1935 614 1969 et
639 1927 862 1969 honoribus
890 1927 1091 1968 violandis
1117 1927 1215 1967 (111111
1241 1926 1535 1976 abstinebatur,
1563 1928 1673 1968 etad

268 2008 284 2034 4
313 1991 491 2045 reliquos
517 1991 672 2032 similes
699 1997 870 2031 conatus
895 1989 1143 2030 verecundia
1167 1989 1251 2030 irae
1277 1988 1479 2030 obstabat.
1519 1988 1674 2030 Camil-

316 2054 392 2103 lus,
414 2053 638 2094 identidem
659 2051 850 2093 omnibus
869 2051 968 2092 locis
990 2050 1359 2100 contionabundus,
1379 2051 1491 2091 haud
1510 2051 1671 2099 mirum,

317 2113 501 2170 [inquit,]
517 2115 558 2155 id
572 2114 739 2168 quidem
753 2128 858 2163 0550,
873 2113 1008 2154 furere
1023 2113 1247 2162 civitatem,
1264 2127 1368 2166 quac
1383 2113 1576 2153 damnata
1590 2112 1671 2153 voti

315 2177 498 2218 omnium
528 2191 665 2218 rerum
696 2177 897 2230 potiorem
928 2190 1069 2216 curam
1100 2189 1223 2229 quam
1248 2175 1443 2230 religione
1470 2189 1513 2215 se
1539 2174 1672 2215 exsol-

272 2255 290 2281 3
315 2240 438 2280 vendi
463 2239 631 2288 habeat,
657 2239 758 2279 nihil
783 2239 834 2279 de
854 2238 1082 2279 conlatione
1101 2238 1234 2278 dicere
1257 2237 1373 2291 stipis
1393 2236 1528 2277 verius
1549 2251 1671 2290 quam

313 2302 530 2351 decumae,
557 2301 722 2356 quando
741 2315 790 2341 ea
809 2315 852 2342 se
878 2300 1053 2353 quisque
1077 2299 1269 2355 privatim
1287 2299 1547 2355 obligaverit,
1573 2298 1673 2340 libe-

273 2378 291 2406 11
317 2371 429 2405 1111115
451 2364 503 2405 511
520 2364 718 2419 populus:
744 2363 952 2404 enimvero
971 2363 1072 2403 illud
1092 2377 1135 2403 se
1161 2369 1295 2403 tacere
1320 2377 1437 2403 suam
1463 2361 1673 2402 conscien-

315 2427 414 2467 tiam
449 2441 532 2467 non
567 2426 670 2481 pati,
709 2425 821 2479 quod
851 2439 902 2466 ex
933 2439 982 2465 ea
1012 2431 1169 2465 tantum
1199 2424 1370 2479 pracda,
1407 2438 1513 2477 quae
1537 2437 1671 2464 rerum

315 2488 569 2528 moventium
595 2487 665 2537 sit,
692 2487 866 2528 decuma
889 2486 1139 2541 designetur,
1166 2486 1280 2527 urbis
1301 2493 1423 2539 atque
1444 2485 1532 2541 agri
1552 2484 1670 2539 capti,

274 2564 288 2591 ῖ
315 2564 420 2602 (111110
440 2557 479 2590 et
499 2550 591 2604 ipsa
608 2556 705 2591 voto
724 2549 990 2598 contineatur,
1011 2548 1261 2589 mentionem
1279 2547 1435 2588 nullam
1453 2547 1553 2588 fieri.
1579 2559 1671 2586 cum

315 2626 364 2651 ea
393 2611 634 2666 disceptatio
665 2626 817 2666 anceps
850 2611 1009 2652 senatui
1038 2611 1129 2652 visa
1159 2610 1349 2665 delegata
1378 2610 1431 2650 ad
1459 2607 1671 2663 pontifices

317 2679 443 2722 esset,
482 2674 665 2715 adhibito
699 2673 876 2715 Camillo
912 2673 1048 2713 visum
1080 2673 1271 2728 collegio,
1309 2671 1419 2726 quod
1455 2671 1541 2711 eius
1577 2674 1671 2709 ante

318 2742 561 2788 conceptum
584 2743 727 2777 votum
751 2735 988 2777 Veientium
1014 2734 1162 2775 fuisset
1187 2741 1225 2774 et
1250 2740 1344 2787 post
1368 2739 1507 2772 votum
1534 2730 1573 2770 in
1599 2744 1671 2784 po-

268 1695 286 1723 [Ο
