1780 3204
480 285 632 320 LIBER
656 285 700 329 v,
726 284 778 318 47.
799 284 852 318 4s
882 283 1079 328 [a.e.390]
1375 273 1457 315 297

110 407 239 440 arma,
266 390 337 432 ubi
362 390 459 444 quid
483 389 611 442 iniqui
636 394 760 438 essct,
794 388 937 429 alterni
961 388 1089 428 innixi
1115 387 1458 441 sublevantesque

110 448 285 488 invicem
327 454 367 487 ct
402 446 608 487 trahentes
644 445 712 485 alii
748 445 866 494 alios,
915 454 1036 499 prout
1070 444 1295 499 postularet
1330 443 1459 493 locus,
1487 457 1505 486 3

110 510 221 544 tanto
248 503 407 544 silentio
432 503 475 542 in
501 516 707 542 summum
733 515 913 549 evasere,
941 508 984 541 ut
1009 516 1090 542 non
1116 500 1307 541 custodes
1328 500 1460 541 solum

110 560 314 608 fallerent,
342 560 414 600 sed
438 573 489 599 ne
514 572 635 598 canes
661 558 844 610 quidem,
871 558 1088 598 sollicitum
1113 557 1264 597 animal
1288 557 1341 597 ad
1365 571 1462 597 noc-

110 626 251 656 turnos
278 615 482 669 strepitus,
509 614 743 655 excitarent.
791 628 956 654 anseres
981 628 1064 654 non
1088 613 1283 665 fefellere,
1310 613 1459 665 quibus
1486 627 1505 655 4

112 672 238 712 sacris
264 671 433 712 Iunonis
464 671 507 710 in
537 685 697 710 summa
727 670 864 724 inopia
894 669 974 710 cibi
998 676 1136 710 tamen
1166 669 1459 710 abstinebatur.

111 742 216 781 quae
246 742 311 768 res
344 727 465 767 saluti
489 726 584 766 fuit:
621 741 797 779 namque
829 726 1019 781 clangore
1050 741 1191 767 eorum
1221 726 1461 778 alarumque

111 784 268 838 crepitu
292 783 450 823 excitus
475 782 536 823 M.
562 781 763 831 Manlius,
795 782 865 836 qui
890 782 1060 823 triennio
1086 790 1179 823 aute
1205 782 1349 823 consul
1373 783 1463 822 fue-

110 847 191 889 rat,
223 840 284 880 vir
308 839 415 880 bello
441 839 650 893 egregius,
683 838 806 878 armis
837 839 1009 892 arreptis
1036 838 1157 879 simul
1182 839 1235 878 ad
1258 854 1372 879 arma
1397 853 1463 879 ce-

111 902 219 937 teros
239 896 350 936 ciens
371 895 482 935 vadit
501 902 551 943 et,
578 895 676 934 dum
696 894 819 934 ceteri
838 895 1054 948 trepidant,
1084 893 1264 944 Gallum,
1292 895 1361 947 qui
1380 894 1462 935 iam

112 952 153 991 in
178 966 339 992 summo
365 951 611 999 constiterat,
639 950 818 991 umbone
843 950 968 990 ictum
994 951 1197 992 deturbat.
1253 951 1370 991 cuius
1396 965 1464 991 ca·
1488 966 1506 994 5

113 1023 182 1047 sus
208 1007 388 1061 prolapsi
414 1022 507 1047 cum
531 1006 739 1061 proximos
767 1013 974 1055 sterneret,
1001 1008 1252 1062 trepidantes
1273 1007 1374 1047 alios
1401 1022 1464 1048 ar-

112 1064 271 1116 misque
291 1063 453 1104 omissis
474 1078 585 1111 saxa,
612 1062 760 1116 quibus
787 1062 1074 1112 adhaerebant,
1100 1063 1291 1104 manibus
1311 1063 1465 1117 ample-

111 1134 186 1160 xos
213 1120 399 1160 trucidat.
436 1119 598 1171 iamque
624 1127 663 1158 et
688 1119 755 1159 alii
781 1120 1018 1173 congregati
1043 1119 1133 1159 telis
1154 1118 1463 1171 missilibusque

113 1175 224 1216 saxis
255 1174 493 1229 proturbare
524 1175 664 1215 hostes
702 1175 900 1227 ruinaque
937 1182 1020 1215 tota
1049 1175 1242 1228 prolapsa
1277 1174 1386 1214 acics
1422 1174 1465 1214 in

111 1246 306 1285 praeceps
332 1231 492 1271 deferri.
542 1231 683 1270 sedato
709 1231 856 1271 deinde
882 1230 1059 1270 tumultu
1082 1231 1286 1283 reliquum
1316 1230 1461 1279 noctis,
1490 1246 1508 1274 6

112 1294 311 1339 quantum
340 1287 380 1326 i‘n
412 1285 582 1327 turbatis
620 1286 824 1327 mentibus
854 1292 1030 1340 poterat,
1069 1301 1163 1327 cum
1198 1287 1464 1341 praeteritum

111 1357 272 1395 quoque
297 1342 522 1396 perieulum
549 1342 794 1391 sollicitaret,
821 1343 947 1395 quieti
971 1342 1112 1383 datum
1137 1349 1211 1384 est.
1258 1343 1349 1384 luce
1375 1350 1464 1384 orta
1490 1358 1505 1386 7

113 1398 265 1439 vocatis
292 1398 464 1438 classico
489 1398 542 1438 ad
567 1398 783 1438 concilium
814 1398 1010 1439 militibus
1042 1400 1095 1440 ad
1126 1399 1330 1448 tribunos,
1368 1414 1464 1440 eum

113 1460 152 1495 et
174 1460 282 1495 reete
308 1460 347 1495 et
365 1469 579 1508 perperam
598 1454 707 1495 facto
728 1455 905 1509 pretium
925 1455 1153 1505 deberetur,
1179 1455 1363 1497 Manlius
1383 1456 1465 1510 pri-

111 1525 224 1551 mum
258 1509 310 1551 ob
341 1511 533 1551 virtutem
563 1510 753 1551 laudatus
789 1511 1045 1565 donatusque
1081 1528 1165 1553 non
1200 1512 1251 1554 ab
1289 1512 1462 1553 tribunis

113 1567 245 1608 solum
269 1566 461 1616 militum,
495 1567 567 1608 sed
593 1581 796 1608 consensu
822 1568 944 1608 etiam
969 1569 1150 1618 militari3
1183 1569 1249 1609 eui
1279 1569 1461 1609 universi
1486 1584 1505 1611 8

113 1622 282 1664 selibras
308 1622 427 1664 farris
459 1631 499 1663 et
529 1623 757 1675 quartarios
788 1624 873 1663 vini
904 1625 956 1664 ad
987 1626 1110 1665 aedes
1143 1625 1249 1674 eius,
1287 1640 1393 1678 quae
1423 1625 1464 1665 in

113 1693 204 1720 arce
230 1685 356 1727 erant,
383 1679 651 1728 contulerunt,
678 1694 764 1719 rem
784 1680 894 1720 dictu
914 1695 1101 1734 parvamg
1128 1688 1307 1722 ceterum
1327 1681 1465 1735 inopia

112 1735 265 1775 fecerat
289 1749 380 1775 eam
405 1742 692 1789 argumentum
716 1736 862 1790 ingens
888 1737 1080 1785 caritatis,
1107 1752 1199 1777 cum
1227 1751 1270 1778 se
1290 1737 1464 1790 quisque

113 1791 226 1831 victu
251 1805 324 1830 suo
348 1791 543 1831 fraudans
569 1791 797 1831 detractum
822 1793 980 1845 corpori
1006 1800 1128 1846 atque
1153 1793 1297 1833 usibus
1322 1808 1464 1833 neces-

116 1846 233 1886 sariis
260 1846 312 1885 ad
336 1846 534 1886 honorem
558 1847 678 1886 unius
703 1847 779 1886 viri
804 1850 1017 1888 conferret.
1078 1856 1165 1889 tum
1195 1849 1341 1903 vigiles
1373 1849 1460 1890 eius
1490 1865 1506 1892 υ

114 1902 211 1949 loci,
238 1916 320 1953 qua
343 1901 544 1941 fefellerat
568 1903 793 1943 ascendens
818 1903 966 1952 hostis,
994 1904 1123 1953 citati3
1149 1912 1189 1945 et
1208 1919 1300 1945 cum
1319 1905 1361 1945 in
1379 1921 1466 1945 om—

116 1972 189 1997 nes
216 1971 327 1997 more
351 1957 515 1997 militari
541 1972 584 1998 se
609 1958 990 2000 animadversurum
1017 1960 1069 2012 Q.
1098 1960 1306 2015 Sulpicius
1339 1961 1467 2002 tribu-

117 2028 194 2053 nus
220 2013 393 2052 militum
419 2014 741 2066 pronuntiasset,
779 2016 1058 2057 consentiente
1083 2017 1259 2058 clamore
1291 2018 1465 2057 militum
1495 2032 1533 2060 10

117 2069 159 2109 in
189 2083 316 2108 unu-n
347 2069 511 2123 vigilem
543 2070 802 2110 coieientium
833 2071 995 2125 culpam
1025 2073 1240 2113 deterritus
1266 2089 1290 2114 a
1320 2074 1465 2114 ceteris

118 2124 333 2174 abstinuit,
369 2140 484 2165 reum
515 2125 625 2165 haud
656 2126 824 2166 dubium
857 2128 943 2167 eius
975 2143 1106 2169 noxae
1143 2129 1476 2183 adprobantibus·

119 2181 275 2221 cunctis
300 2183 350 2222 de
377 2196 477 2221 saxo
503 2181 660 2222 deiecit.
714 2182 808 2222 inde
833 2183 1069 2226 intentiores
1100 2185 1303 2238 utrimque
1330 2192 1466 2226 custo·
1494 2201 1529 2228 11

120 2237 209 2276 diae
235 2251 338 2287 esse,
365 2243 405 2277 et
430 2238 539 2291 apud
566 2236 722 2287 Gallos,
748 2239 844 2291 quia
869 2240 1082 2294 vulgatum
1108 2248 1194 2282 erat
1217 2242 1321 2282 inter
1339 2242 1465 2283 Veios

119 2292 375 2345 Romamque
400 2294 564 2334 nuntios
591 2308 832 2344 commeare,
860 2302 899 2336 ct
924 2298 1034 2350 apud
1058 2298 1268 2339 Romanos
1294 2298 1345 2339 ab
1370 2313 1466 2339 noe-

122 2348 229 2388 turni
253 2348 421 2402 periculi
447 2350 654 2390 memoria.

203 2403 520 2446 XXXXVHI.
555 2405 639 2447 Sed
658 2415 750 2447 ante
770 2408 906 2448 omnia
919 2408 1143 2450 obsidionis
1162 2409 1339 2464 bellique
1359 2411 1467 2452 mala
1495 2426 1506 2454 1

119 2460 250 2501 fames
265 2461 467 2514 utrimque
482 2462 703 2503 exercitum
717 2463 900 2517 urgebat,
929 2463 1072 2506 Gallos
1086 2467 1318 2520 pestilentia
1331 2468 1464 2516 etiam,
1492 2484 1509 2511 2

120 2531 212 2556 cum
237 2516 327 2557 loco
352 2517 508 2558 iacente
532 2518 637 2559 inter
661 2520 837 2560 tumulos
858 2528 991 2561 castra
1009 2521 1206 2563 habentes
1227 2530 1314 2563 tum
1334 2523 1385 2565 ab
1404 2525 1466 2565 in-

120 2573 274 2613 cendiis
301 2573 451 2614 torrido
476 2580 515 2615 et
534 2575 696 2628 vaporis
716 2575 836 2629 pleno
859 2576 1129 2630 cineremque,
1155 2594 1237 2619 non
1254 2580 1464 2634 pulverem

119 2629 241 2669 modo
267 2629 439 2679 ferente,
472 2644 566 2671 cum
591 2632 689 2684 quid
713 2632 823 2672 venti
848 2639 1005 2673 motum
1037 2641 1158 2675 esset.
1207 2650 1381 2688 quorum
1404 2637 1466 2677 in-
1491 2652 1509 2681 3

118 2685 436 2727 tolerantissime,
477 2702 580 2741 gens
622 2688 836 2740 umorique
873 2703 920 2729 ae
955 2690 1098 2745 frigori
1133 2691 1322 2742 adsueta,
1371 2707 1463 2734 eum

119 2748 237 2782 aestu
267 2747 307 2782 et
337 2757 489 2797 angore
526 2750 674 2784 vexata
710 2744 888 2800 vulgatis
926 2746 1036 2787 velut
1071 2747 1113 2787 in
1146 2762 1278 2802 pecua
1313 2749 1464 2791 morbis
