1835 3226
321 195 403 238 53ss
675 200 827 234 LlssER
854 200 907 245 X,
933 200 985 234 ss.
1006 200 1058 234 39.
1087 201 1328 245 [11110461]

275 321 295 350 8
320 304 488 347 iubebat
511 302 816 345 nobilissimum
842 317 1048 357 quemque
1072 317 1223 358 genere
1253 303 1470 358 factisque.
1526 305 1676 360 singuli

319 365 694 408 introducebantur.
745 371 831 405 erat
855 379 950 406 cum
975 365 1078 406 alius
1105 372 1325 420 apparatus
1353 366 1469 415 sacri,
1496 367 1566 420 qui
1584 382 1676 422 per-

319 428 492 469 fundere
517 427 715 483 religione
741 427 923 468 animum
948 434 1107 482 posset,
1140 435 1227 468 tum
1252 429 1295 469 in
1319 428 1409 470 1000
1435 429 1543 470 circa
1567 430 1678 470 omni

320 496 505 532 contecto
537 503 631 530 arae
661 489 704 529 in
734 490 870 531 medio
900 490 1173 544 victimaeque
1211 491 1318 532 circa
1349 505 1493 532 caesae
1525 498 1565 532 et
1601 491 1678 532 eir-

275 568 292 597 9
319 557 570 593 cumstantes
601 551 861 593 centuriones
895 552 1044 593 strictis
1076 552 1237 607 gladiis.
1294 553 1591 594 admovebatur
1621 553 1679 594 al-

318 613 474 655 taribus
505 613 638 668 magis
669 620 715 654 ut
745 613 913 656 victima
943 629 1068 668 quam
1098 621 1142 655 ut
1167 615 1272 656 sacri
1300 615 1505 670 particeps
1537 615 1677 670 adige-

319 676 520 729 baturque
556 675 643 716 iure
679 676 871 726 iurando,
909 690 1016 730 quae
1051 677 1142 717 visa
1177 677 1396 730 auditaque
1432 677 1474 718 in
1505 692 1553 718 eo
1588 677 1679 718 loco

254 753 294 781 10
319 744 458 780 essent
512 752 595 779 non
620 738 940 780 enuntiaturum.
989 739 1124 780 iurare
1149 738 1354 793 cogebant
1385 739 1472 780 diro
1497 739 1678 793 quodam

319 799 497 841 carmine
522 799 565 840 in
589 800 891 842 execrationem
917 800 1062 855 capitis
1081 800 1343 854 familiaeque
1363 807 1403 842 et
1422 801 1558 856 stirpis
1582 815 1678 842 con-

317 862 468 916 posito,
501 861 580 902 nisi
603 861 704 903 isset
729 862 772 902 in
795 862 1013 917 proelium,
1046 876 1128 916 quo
1152 862 1418 917 imperatores
1450 863 1676 911 duxissent,

320 930 360 965 et
385 923 420 964 si
444 930 515 964 aut
538 923 629 978 ipse
655 938 707 965 ex
731 924 819 965 acie
843 923 1022 979 fugisset
1047 931 1117 965 aut
1149 924 1184 965 si
1208 938 1331 977 quem
1363 924 1590 980 fugientem
1616 924 1677 965 vi-

255 1000 291 1028 11
320 985 449 1027 disset
472 1000 556 1026 non
580 985 787 1040 extemplo
813 986 1043 1027 occidisset.
1081 986 1123 1026 id
1147 986 1279 1040 primo
1305 987 1472 1039 quidam
1497 986 1679 1028 abnuen-

318 1054 380 1088 tes
405 1047 608 1089 iuraturos
635 1062 679 1089 50
705 1047 936 1089 obtruncati
961 1048 1069 1089 cirea
1095 1048 1237 1089 altaria
1263 1056 1357 1089 sunt
1365 1065 1376 1098 3
1402 1049 1582 1089 iacentes
1609 1048 1679 1088 dc-

318 1108 413 1149 inde
442 1108 547 1149 inter
583 1116 765 1165 stragem
794 1110 1054 1151 victimarum
1090 1110 1337 1152 documento
1374 1110 1518 1151 ceteris
1549 1109 1677 1158 suere,

255 1184 292 1213 12
319 1185 370 1211 ne
395 1169 634 1212 abnuerent.
682 1171 929 1226 primoribus
957 1170 1207 1213 Samnitium
1239 1186 1287 1213 ea
1311 1172 1582 1213 detestatione
1607 1170 1680 1212 ob-

320 1232 470 1274 strictis
502 1232 646 1273 decem
678 1233 876 1274 nominati
909 1240 1004 1274 sunt
1035 1233 1088 1275 ab
1118 1234 1382 1288 imperatore:
1419 1234 1477 1275 eis
1510 1234 1677 1282 dictum,

318 1301 365 1335 ut
399 1294 462 1335 u'r
494 1294 626 1335 virum
657 1294 858 1349 legerent,
898 1295 1028 1336 donec
1066 1295 1245 1336 sedecim
1275 1295 1432 1335 milium
1462 1309 1676 1335 numerum

319 1355 607 1398 confecissent.
657 1370 705 1397 ea
729 1356 840 1411 legio
863 1356 1032 1397 linteata
1056 1356 1108 1397 ab
1139 1357 1422 1411 integumento
1453 1356 1677 1410 consacpfi,

319 1433 400 1471 quo
426 1425 585 1458 sacrata
608 1417 800 1459 nobilitas
828 1425 926 1467 erat,
953 1418 1156 1473 appellata
1175 1425 1248 1459 est.
1286 1418 1349 1459 his
1370 1433 1482 1459 arma
1501 1417 1679 1472 insignia

255 1494 293 1523 13
319 1480 415 1520 data
439 1485 479 1520 et
503 1479 692 1520 cristatae
717 1479 873 1534 galeae,
899 1487 943 1519 ut
967 1480 1072 1520 inter
1097 1486 1252 1520 ceteros
1279 1480 1513 1521 eminerent.
1556 1479 1679 1533 paulo

318 1540 412 1595 plus
432 1540 578 1595 viginti
597 1540 755 1580 milium
774 1541 878 1581 alius
899 1541 1101 1582 exercitus
1121 1541 1199 1581 fuit
1218 1555 1294 1582 1100
1308 1556 1523 1595 corporum
1541 1541 1679 1595 specie

320 1616 396 1643 nec
420 1602 552 1657 gloria
577 1601 674 1643 belli
698 1616 774 1642 nec
800 1609 1001 1656 apparatu
1024 1602 1216 1643 linteatae
1241 1602 1396 1657 legioni
1421 1602 1572 1656 dispar.
1614 1602 1681 1642 hic

320 1665 533 1706 hominum
551 1679 746 1705 numerus
767 1664 897 1718 (quod
916 1664 1074 1706 roboris
1095 1665 1198 1718 erat)
1223 1664 1275 1705 ad
1294 1664 1563 1718 Aquiloniam
1583 1679 1679 1705 con-

323 1727 440 1768 sedit.

281 1803 294 1831 1
406 1787 700 1830 XXXVIIII.
735 1787 941 1830 Consules
961 1788 1134 1843 profecti
1148 1787 1199 1830 ab
1223 1788 1338 1829 urbe:
1364 1788 1475 1843 prior
1490 1786 1563 1842 Sp.
1580 1787 1682 1829 Car-

320 1851 461 1901 vilius,
499 1851 564 1892 001
601 1857 758 1892 veteres
795 1851 999 1906 legiones,
1039 1865 1142 1904 quas
1174 1850 1235 1892 M.
1268 1850 1422 1891 Atilius
1460 1849 1681 1905 superioris

321 1913 417 1954 anni
441 1913 585 1954 consul
608 1913 652 1953 in
676 1928 775 1968 agro
794 1913 1063 1954 Interamnati
1086 1913 1319 1967 reliquerat,
1347 1913 1534 1954 decretae
1554 1919 1679 1953 erant.

321 1989 414 2017 cum
440 1975 498 2016 eis
523 1975 566 2015 in
587 1973 803 2016 Samnium
827 1975 1050 2030 profectus,
1078 1975 1177 2015 dum
1201 1975 1340 2016 hostes
1361 1974 1517 2030 operati
1542 1988 1683 2028 supcr-

322 2036 554 2078 stitionibus
581 2037 752 2078 eoncilia
778 2044 935 2079 secreta
960 2044 1100 2092 agunt,
1126 2036 1389 2078 Amiternum
1415 2036 1612 2091 oppidum
1631 2035 1682 2076 de

277 2112 295 2141 3
323 2098 579 2141 Samnitibus
606 2099 647 2140 vi
673 2100 792 2154 cepit.
842 2114 963 2141 caesa
986 2099 1043 2141 ibi
1068 2099 1180 2140 milia
1204 2099 1416 2140 hominum
1447 2099 1527 2139 duo
1553 2098 1682 2138 ferme

322 2168 444 2215 atque
470 2161 707 2217 octingenti,
734 2168 854 2217 capta
879 2168 1072 2215 quattuor
1090 2161 1202 2202 milia
1221 2161 1386 2202 ducenti
1407 2160 1680 2215 septuaginta.

278 2238 296 2266 4
323 2223 514 2278 Papirius
550 2238 658 2265 novo
695 2223 877 2265 exercitu
913 2249 967 2252 —
1002 2223 1060 2264 ita
1102 2223 1212 2263 enim
1254 2222 1464 2264 decretum
1507 2228 1592 2263 erat
1628 2247 1682 2250 —

323 2285 474 2339 scripto
493 2284 727 2326 Duroniam
746 2285 890 2326 urbem
911 2285 1176 2339 expugnavit.
1214 2284 1350 2325 minus
1376 2298 1500 2337 quam
1525 2283 1683 2338 collega

323 2347 430 2401 cepit
460 2346 692 2397 hominum,
729 2347 823 2402 plus
855 2347 1062 2400 aliquanto
1094 2346 1253 2387 occidit.
1308 2346 1461 2400 praeda
1491 2345 1683 2400 opulenta

281 2424 298 2451 ζ,
324 2408 544 2462 utrubique
575 2416 638 2450 est
672 2416 801 2464 parta.
850 2409 945 2449 inde
980 2408 1193 2463 pervagati
1225 2407 1442 2450 Samnium
1479 2407 1680 2456 consules,

324 2471 501 2512 maxime
527 2471 776 2526 depopulato
794 2470 964 2512 Atinate
985 2486 1097 2526 agro,
1126 2470 1332 2512 Carvilius
1359 2471 1411 2511 ad
1432 2469 1681 2518 Cominium,

324 2531 514 2586 Papirius
540 2533 593 2574 ad
617 2533 905 2587 Aquiloniam,
942 2532 1014 2574 ubi
1039 2548 1200 2573 summa
1224 2533 1283 2573 rei
1310 2531 1559 2574 Samnitium
1583 2537 1680 2579 erat,

282 2608 299 2635 «5
326 2595 521 2647 pervenit.
570 2596 628 2637 ibi
658 2596 911 2650 aliquamdiu
942 2609 1017 2636 nec
1048 2602 1256 2637 cessatum
1287 2595 1339 2636 ab
1371 2594 1494 2636 armis
1526 2600 1589 2635 est
1612 2607 1681 2634 110-

326 2669 404 2708 que
434 2657 592 2698 naviter
621 2665 868 2713 pugnatum:
906 2657 1147 2699 lacessendo
1183 2657 1361 2711 quietos,
1399 2653 1679 2698 resistentibus

277 1991 294 2018 1<-
