1835 3226
238 382 275 411 11

261 566 273 593 l

263 747 280 776 2

261 1178 279 1207 4

264 1795 279 1823 *1

246 2658 283 2686 ls)

305 258 358 297 70
674 262 829 295 LIBER
852 262 906 304 11,
934 262 1008 294 οῖ.
1037 261 1278 304 [aua-245]

304 373 504 421 superata.
554 364 769 412 Veientes,
796 363 902 404 vinci
928 363 979 404 ab
1004 363 1193 404 Romano
1218 363 1344 403 milite
1369 364 1548 414 adsueti,
1574 366 1657 408 fusi

302 427 534 482 fugatique,
573 425 884 478 Tarquiniensis
921 439 1053 465 novus
1091 425 1221 466 hostis
1252 440 1333 465 non
1365 426 1475 466 stetit
1512 426 1656 476 solum,

303 489 377 530 sed
401 488 524 529 etiam
549 487 601 528 ab
628 502 703 528 sua
727 494 842 541 parte
866 486 1103 528 Romanum
1127 486 1296 541 pepulit.
1385 484 1388 487 ⁴

380 549 479 591 VII.
527 549 594 589 Ita
618 563 713 590 cum
737 555 967 603 pugnatum
999 554 1126 597 esset,
1163 554 1300 589 tantus
1331 555 1460 590 terror
1484 548 1659 603 Tarqui-

302 612 416 652 nium
441 617 563 664 atquc
587 610 789 651 Etruscos
814 610 999 659 incessit,
1031 616 1094 658 ut,
1126 610 1280 651 omissa
1303 610 1423 652 inrita
1445 625 1508 660 re,
1539 618 1659 652 nocte

303 673 425 715 ambo
461 673 684 722 exercitus,
716 672 870 714 Veiens
903 672 1314 726 Tarquiniensisque,
1353 687 1449 713 suas
1485 673 1658 726 quisque

303 735 461 776 abirent
491 735 650 776 domos.
700 735 881 776 adiciunt
910 734 1108 776 miracula
1143 734 1239 776 huic
1275 750 1458 790 pugnae:
1497 735 1658 776 silentio

301 797 514 851 proximae
551 797 682 838 noctis
720 811 772 838 ex
804 797 908 838 silva
937 796 1063 838 Arsia
1082 790 1303 853 ‘ingentem
1334 797 1486 839 editam
1515 811 1658 838 vocem

303 884 355 888 -—
384 857 543 900 Silvani
566 873 712 899 vocem
737 873 828 900 eam
853 859 1050 900 creditam
1074 884 1146 909 —,
1176 859 1279 900 haec
1303 860 1429 901 dicta:
1461 874 1542 900 uno
1566 859 1658 913 plus

304 919 535 961 Tuscorum
561 921 759 962 cecidisse
784 921 826 960 in
851 921 956 970 acie,
987 921 1151 962 vincere
1174 920 1283 962 bello
1307 921 1556 962 Romanum.
1603 920 1660 960 ita

304 988 411 1023 certe
435 982 530 1023 inde
556 982 692 1023 abiere
717 982 895 1023 Romani
925 988 970 1022 ut
1000 982 1194 1031 victores,
1232 982 1400 1023 Etrusci
1428 997 1501 1037 pro
1526 982 1657 1023 victis.

303 1058 399 1083 nam
423 1050 642 1098 postquam
667 1043 812 1084 inluxit
838 1058 913 1084 nec
939 1044 1157 1097 quisquam
1181 1044 1361 1085 hostium
1379 1044 1421 1084 in
1439 1050 1661 1098 conspectu

304 1111 407 1154 erat,
445 1104 493 1145 P.
520 1104 711 1146 Valerius
738 1105 882 1146 consul
907 1105 1038 1159 spolia
1067 1105 1167 1160 legit
1198 1105 1536 1159 triumphansque
1565 1105 1659 1145 inde

304 1165 482 1206 Romam
511 1166 642 1206 rediit.
692 1166 874 1221 collegae
904 1166 1030 1208 funus
1062 1173 1215 1220 quanto
1251 1174 1339 1207 tum
1373 1167 1505 1221 potuit
1536 1181 1661 1220 appa-

303 1233 395 1267 ratu
419 1226 528 1276 fecit,
557 1227 630 1268 sed
653 1228 783 1268 multo
808 1228 940 1268 maius
966 1229 1086 1269 morti
1111 1229 1236 1269 decus
1261 1227 1426 1282 publica
1450 1227 1527 1267 suit
1552 1241 1660 1267 mac-

306 1288 432 1337 stitia,
470 1302 518 1329 eo
549 1295 642 1329 ante
673 1289 809 1330 omnia
839 1289 1032 1344 insignis,
1069 1290 1166 1343 quia
1195 1297 1403 1330 matronae
1434 1303 1586 1329 annum
1615 1296 1659 1329 ut

305 1358 516 1403 parentem
542 1364 637 1391 eum
659 1350 869 1400 luxerunt,
895 1351 1007 1404 quod
1032 1358 1115 1392 tam
1140 1366 1233 1392 acer
1257 1351 1363 1391 ultor
1387 1351 1560 1392 violatae
1585 1366 1660 1405 pu-

306 1411 467 1452 dicitiae
492 1412 654 1453 fuisset.

394 1472 568 1514 Consuli
604 1474 771 1523 deinde,
809 1475 879 1528 qui
916 1475 1191 1529 superfuerat,
1231 1483 1275 1515 ut
1312 1481 1405 1515 sunt
1443 1474 1659 1515 mutabiles

306 1534 421 1589 volgi
457 1535 599 1584 animi,
643 1550 694 1576 ex
729 1536 870 1577 favore
902 1551 985 1577 non
1014 1537 1168 1577 invidia
1199 1537 1338 1586 modo,
1378 1537 1449 1577 sed
1482 1536 1661 1590 suspicio

308 1596 431 1636 etiam
467 1610 561 1636 cum
596 1597 723 1637 atroci
759 1597 926 1638 crimine
963 1605 1061 1638 orta.
1116 1612 1289 1652 regnum
1326 1613 1419 1638 eum
1456 1597 1660 1638 adfectare

304 1656 418 1697 fama.
447 1657 623 1706 ferebat,
661 1658 758 1710 quia
787 1672 863 1699 nec
893 1658 1094 1713 collegam
1125 1658 1420 1713 subrogaverat
1455 1659 1498 1698 in
1526 1658 1659 1699 locum

305 1718 426 1759 Bruti
456 1725 494 1759 et
526 1718 769 1759 aedificabat
798 1719 840 1759 in
871 1735 1032 1760 summa
1061 1719 1200 1760 Velia:
1238 1720 1319 1760 alto
1349 1726 1471 1772 atquc
1505 1720 1661 1759 munito

304 1780 397 1821 loco
422 1794 558 1820 arcem
583 1779 947 1835 inexpugnabilem
971 1780 1059 1821 fieri
1084 1780 1221 1835 (fore).
1269 1780 1371 1821 haec
1401 1780 1509 1821 dicta
1538 1780 1662 1835 vulgo

306 1842 541 1895 creditaque
567 1856 662 1883 cum
685 1842 929 1897 indignitate
955 1849 1152 1898 angerent
1171 1842 1350 1884 consulis
1371 1843 1565 1891 animum,
1591 1857 1662 1882 vo-

306 1912 396 1946 cato
421 1904 474 1944 ad
487 1905 705 1946 concilium
723 1905 888 1959 populo,
905 1905 1134 1945 summissis
1154 1904 1337 1945 fascibus
1362 1905 1405 1945 in
1432 1904 1661 1945 contionem

306 1966 501 2007 escendit.
550 1973 714 2021 gratum
749 1967 792 2007 id
827 1966 1077 2007 multitudini
1115 1966 1394 2020 spectaculum
1430 1965 1526 2014 fuit,
1565 1965 1662 2006 sub-

305 2027 433 2068 missa
459 2027 537 2068 sibi
562 2043 653 2069 esse
683 2028 844 2082 imperii
873 2028 1052 2083 insignia
1082 2027 1466 2080 confessionemque
1495 2027 1660 2075 factam,

305 2089 447 2143 populi
479 2103 603 2142 quam
635 2090 815 2131 consulis
846 2090 1103 2131 maiestatem
1133 2090 1298 2142 vimque
1329 2089 1525 2129 maiorem
1557 2103 1660 2129 esse.

305 2151 364 2192 ibi
388 2151 531 2192 audire
554 2152 678 2193 iussis
704 2152 847 2193 consul
871 2152 1038 2193 laudare
1063 2151 1270 2193 fortunam
1301 2151 1500 2205 collegae,
1537 2151 1660 2204 quod,

305 2213 476 2255 liberata
498 2214 632 2268 patria
656 2214 698 2254 in
723 2229 883 2255 summo
907 2215 1062 2256 honore
1086 2229 1160 2268 pro
1184 2228 1228 2255 re
1258 2213 1425 2268 publica
1449 2213 1660 2258 dimicans,

307 2283 465 2317 matura
494 2276 627 2332 gloria
656 2277 833 2317 necdum
865 2292 908 2318 se
944 2283 1126 2317 vertente
1158 2277 1200 2316 in
1235 2276 1450 2324 invidiam,
1490 2281 1662 2315 mortem

306 2339 579 2381 occubuisset.
631 2354 674 2380 se
701 2340 962 2394 superstitem
987 2339 1141 2394 gloriae
1167 2353 1265 2380 suae
1290 2339 1341 2379 ad
1369 2338 1522 2378 crimen
1541 2344 1661 2390 atque

306 2401 503 2442 infidiam
529 2416 765 2456 superesse,
804 2416 856 2442 ex
884 2401 1101 2442 liberatore
1131 2400 1287 2455 patriae
1318 2399 1371 2440 ad
1394 2398 1585 2452 Aquilios
1618 2412 1661 2438 sc

263 2478 268 2502 ε
306 2461 578 2516 Vitelliosque
620 2463 828 2504 recidisse.
896 2467 1191 2516 ‘numquamne
1233 2461 1347 2516 ergo'
1389 2460 1520 2513 inquit
1562 2458 1661 2498 ‘ulla

307 2524 409 2565 adeo
451 2540 475 2565 a
516 2524 633 2566 vobis
683 2531 866 2579 spectata
905 2525 1034 2565 virtus
1077 2524 1174 2573 erit,
1217 2530 1262 2563 ut
1304 2522 1536 2576 suspicione
1576 2519 1661 2559 vio-

306 2585 380 2625 lari
416 2587 618 2639 nequeat?
653 2601 732 2642 ego
769 2600 853 2635 me,
890 2586 1005 2626 iHum
1041 2585 1284 2626 acerrimum
1314 2598 1459 2638 regum
1487 2582 1658 2627 hostem,

308 2645 443 2698 ipsum
475 2648 710 2702 cupiditatis
740 2648 857 2703 regni
887 2648 1038 2688 crimen
1077 2646 1307 2688 subiturum
1338 2641 1547 2685 timerem?
1581 2654 1658 2694 ego

310 2707 344 2746 si
369 2708 409 2747 in
435 2709 523 2762 ipsa
543 2724 634 2750 arce
655 2708 942 2764 Capitolioque
961 2708 1200 2755 habitarem,
1228 2706 1351 2746 metui
1371 2718 1435 2744 me
1455 2702 1658 2743 crederem
