1780 3204
640 250 790 283 ruffin
812 251 845 293 1,
873 251 902 282 1.
1426 243 1450 278 ἵ)

606 562 757 614 ΤΙΤΙ
794 563 955 614 LIVI

428 683 513 720 AB
560 682 746 720 VRBE
793 682 1125 721 CONDITA

660 817 827 854 LIBER
859 817 889 853 I.

181 899 216 941 l.
260 899 351 940 Iam
375 898 554 952 primum
579 897 761 938 omnium
789 898 887 938 satis
914 906 1085 949 constat,
1114 899 1238 941 Troia
1264 908 1383 955 capta
1413 901 1454 941 in
1483 918 1494 945 1

99 967 254 1003 ceteros
281 960 484 1002 saevitum
510 973 602 1000 esse
628 958 843 1008 Troianos,
870 959 1048 1009 duobus,
1075 960 1245 1003 Aeneae
1270 962 1458 1003 Anteno-

101 1024 234 1077 rique,
262 1029 301 1064 et
326 1021 477 1063 vetusti
502 1021 587 1062 iure
612 1020 779 1074 hospitii
805 1030 844 1061 et
868 1021 966 1074 quia
995 1023 1109 1076 pacis
1142 1024 1457 1078 reddendaeque

98 1085 285 1126 Helenae
311 1097 473 1137 semper
497 1090 682 1123 auctores
708 1082 893 1132 fuerunt,
920 1098 1041 1124 omne
1066 1085 1130 1125 ius
1156 1085 1251 1125 belli
1271 1085 1457 1126 Achivos

98 1145 364 1194 abstinuisse,
397 1144 561 1185 casibus
588 1144 735 1184 deinde
766 1144 890 1185 variis
916 1144 1173 1186 Antenorem
1204 1161 1298 1187 cum
1323 1147 1459 1188 multi·
1484 1164 1501 1191 -2

97 1207 236 1247 tudine
248 1206 444 1255 Enetum,
467 1205 537 1258 qui
557 1205 756 1246 seditione
776 1219 828 1245 ex
841 1204 1127 1261 Paphlagonia
1151 1207 1261 1261 pulsi
1280 1214 1319 1249 et
1339 1208 1458 1249 sedes

97 1275 137 1308 et
161 1267 309 1308 ducem
333 1280 430 1321 rege
455 1266 708 1321 Pylaemene
733 1266 786 1307 ad
811 1266 980 1308 Troiam
1011 1268 1164 1309 amisso
1190 1269 1455 1322 quaerebant,

96 1329 259 1370 venisse
284 1329 326 1368 in
350 1328 541 1368 intimum
566 1328 770 1369 Adriatici
802 1328 926 1369 maris
959 1329 1114 1379 sinum,
1141 1330 1453 1385 Euganeisque,
1482 1348 1499 1373 :³

96 1391 166 1444 qui
191 1391 296 1431 inter
320 1404 432 1431 mare
451 1390 668 1444 Alpesque
692 1390 940 1440 incolebant,
966 1391 1098 1445 pulsis
1133 1391 1292 1434 Enetos
1314 1393 1459 1434 Troia-

96 1467 253 1507 nosque
278 1467 348 1493 eas
374 1452 555 1492 tenuisse
575 1459 715 1493 terras.
754 1452 853 1493 etin
874 1467 996 1506 quem
1021 1454 1154 1508 primo
1180 1455 1338 1510 egressi
1364 1463 1459 1496 sunt

95 1515 249 1564 locum,
283 1514 408 1555 Troia
438 1521 608 1555 voca-tur
637 1529 830 1569 pagoque
862 1515 1042 1556 Troiano
1074 1516 1170 1557 inde
1200 1532 1351 1558 nomen
1383 1526 1457 1567 est,

96 1591 198 1632 gens
223 1577 418 1618 universa
442 1576 593 1618 Veneti
625 1577 833 1632 appellati.
896 1578 1086 1619 Aeneam
1113 1579 1164 1620 ab
1191 1580 1315 1620 simili
1341 1581 1457 1621 clade
1484 1596 1502 1624 4

97 1640 219 1680 domo
248 1639 491 1694 profugum,
524 1639 595 1680 sed
629 1640 682 1680 ad
712 1640 868 1681 maiora
898 1655 1033 1681 rerum
1064 1641 1181 1683 initia
1212 1642 1457 1683 ducentibus

98 1701 192 1742 fatis
217 1701 350 1755 primo
374 1702 416 1742 in
428 1700 723 1742 Macedoniam
749 1703 926 1752 venisse,
947 1703 1042 1743 inde
1062 1703 1103 1743 in
1120 1702 1306 1745 Siciliam
1332 1719 1458 1757 quae-

96 1770 254 1804 rentem
285 1763 404 1804 sedes
442 1764 641 1813 delatum,
680 1764 731 1805 ab
765 1763 908 1805 Sicilia
944 1765 1076 1805 classe
1115 1766 1167 1806 ad
1203 1766 1458 1806 Laurentem

98 1839 244 1879 agrum
269 1825 463 1866 tenuisse.
502 1825 628 1866 Troia
647 1833 687 1866 et
704 1826 800 1866 huic
819 1827 909 1867 loco
928 1842 1080 1867 nomen
1099 1835 1172 1868 est.
1211 1827 1283 1868 ubi
1302 1829 1458 1883 egressi
1485 1843 1502 1869 5,

99 1886 287 1935 Troiani,
320 1894 363 1926 ut
390 1886 541 1939 quibus
567 1887 619 1928 ab
644 1888 833 1928 inmenso
858 1903 985 1943 prope
1011 1903 1146 1930 errore
1172 1889 1272 1929 nihil
1297 1897 1458 1944 praeter

99 1963 211 1989 arma
236 1955 275 1989 et
299 1963 425 1989 naves
452 1956 699 2002 superesset,
727 1964 821 1989 cum
845 1950 1043 2003 praedam
1067 1965 1119 1991 ex
1138 1951 1248 2005 agris
1275 1960 1454 2006 agerent,

95 2008 275 2050 Latinus
300 2024 373 2051 rex
397 2009 746 2064 Aboriginesque,
773 2011 845 2064 qui
869 2018 956 2051 tum
982 2026 1030 2052 ea
1056 2012 1252 2053 tenebant
1276 2013 1377 2063 loca,
1405 2014 1457 2054 ad

98 2072 318 2112 arcendam
336 2072 420 2112 vim
440 2072 693 2113 advenarum
718 2073 863 2113 armati
888 2088 938 2113 ex
958 2073 1059 2114 urbe
1085 2081 1208 2127 atque
1227 2074 1338 2130 agris
1359 2090 1455 2115 con-

99 2140 278 2174 currunt.

181 2195 352 2250 Duplex
383 2196 477 2237 inde
508 2196 621 2237 fama
651 2203 725 2237 est.
775 2197 844 2238 alii
875 2198 1030 2252 proelio
1067 2199 1222 2239 victum
1254 2199 1452 2240 Latinum
1483 2216 1507 2245 01

96 2271 241 2311 pacem
273 2272 367 2298 cum
397 2257 561 2307 Aenea,
595 2259 743 2300 deinde
774 2259 1027 2301 adfinitatem
1058 2260 1244 2302 iunxisse
1275 2261 1452 2311 tradunt,

97 2319 182 2367 alii,
216 2333 308 2359 cum
334 2320 557 2361 instructae
583 2320 693 2361 acies
725 2321 1024 2371 constitissent,
1055 2322 1301 2376 priusquam
1333 2323 1452 2378 signa
1483 2340 1497 2366 ῖ

97 2389 305 2430 canerent,
337 2382 590 2435 processisse
620 2383 821 2423 Latinum
851 2383 956 2424 inter
985 2384 1186 2438 primores
1224 2385 1454 2439 ducemque

96 2443 347 2484 advenarum
367 2458 562 2486 evocasse
588 2445 641 2486 ad
666 2446 942 2499 conloquium,
962 2454 1273 2501 percunctatum
1294 2449 1453 2495 deinde,

96 2505 166 2558 qui
202 2505 394 2546 mortales
432 2513 588 2556 essent,
626 2508 735 2548 unde
766 2515 836 2548 aut
866 2522 947 2561 quo
985 2522 1083 2549 casu
1120 2509 1295 2563 profecti
1331 2511 1453 2552 domo

95 2567 245 2619 quidve
266 2574 507 2620 quaerentes
528 2568 569 2608 in
589 2584 734 2624 agrum
748 2570 1004 2610 Laurentem
1024 2571 1218 2621 exissent,
1232 2578 1451 2626 postquam
1479 2588 1497 2612 s

94 2628 279 2678 audierit,
294 2629 600 2670 multitudinem
614 2630 817 2672 Troianos
832 2646 937 2681 esse,
953 2632 1100 2673 ducem
1116 2631 1306 2674 Aeneam
1325 2634 1454 2675 filium

93 2688 304 2731 Anchisae
325 2697 364 2731 et
377 2690 565 2741 Veneris,
587 2699 765 2733 cremata
785 2693 916 2747 patria
941 2693 1063 2735 domo
1089 2694 1286 2751 profugos
1315 2696 1453 2737 sedem
