<?xml version="1.0" encoding="UTF-8"?>
<!DOCTYPE html PUBLIC "-//W3C//DTD XHTML 1.0 Transitional//EN"
    "http://www.w3.org/TR/xhtml1/DTD/xhtml1-transitional.dtd">
<html xmlns="http://www.w3.org/1999/xhtml" xml:lang="en" lang="en">
 <head>
  <title>
</title>
<meta http-equiv="Content-Type" content="text/html;charset=utf-8" />
  <meta name='ocr-system' content='tesseract 3.04.00' />
  <meta name='ocr-capabilities' content='ocr_page ocr_carea ocr_par ocr_line ocrx_word'/>
</head>
<body>
  <div class='ocr_page' id='page_1' title='image "./aburbeconditalib01livyuoft_0248.png"; bbox 0 0 1835 3226; ppageno 0'>
   <div class='ocr_carea' id='block_1_1' title="bbox 376 230 1437 282">
    <p class='ocr_par' dir='ltr' id='par_1_1' title="bbox 376 230 1437 282">
     <span class='ocr_line' id='line_1_1' title="bbox 376 230 1437 282; baseline 0.002 -12"><span class='ocrx_word' id='word_1_1' title='bbox 376 230 457 270; x_wconf 75' lang='grc'>112</span> <span class='ocrx_word' id='word_1_2' title='bbox 669 236 824 270; x_wconf 82' lang='lat' dir='ltr'>LIBER</span> <span class='ocrx_word' id='word_1_3' title='bbox 848 235 904 279; x_wconf 92' lang='lat'>11,</span> <span class='ocrx_word' id='word_1_4' title='bbox 930 235 984 269; x_wconf 80' lang='lat'>50.</span> <span class='ocrx_word' id='word_1_5' title='bbox 1002 235 1057 268; x_wconf 79' lang='lat'>51.</span> <span class='ocrx_word' id='word_1_6' title='bbox 1085 238 1133 279; x_wconf 85' lang='lat' dir='ltr'>[a.</span> <span class='ocrx_word' id='word_1_7' title='bbox 1147 247 1182 270; x_wconf 90' lang='lat' dir='ltr'>u.</span> <span class='ocrx_word' id='word_1_8' title='bbox 1199 247 1228 270; x_wconf 87' lang='lat' dir='ltr'>c.</span> <span class='ocrx_word' id='word_1_9' title='bbox 1241 236 1437 282; x_wconf 65' lang='lat'>276-218]</span> 
     </span>
    </p>
   </div>
   <div class='ocr_carea' id='block_1_2' title="bbox 307 338 1736 2751">
    <p class='ocr_par' dir='ltr' id='par_1_2' title="bbox 307 338 1736 2751">
     <span class='ocr_line' id='line_1_2' title="bbox 372 338 1732 394; baseline 0.003 -14"><span class='ocrx_word' id='word_1_10' title='bbox 372 340 530 380; x_wconf 76' lang='lat' dir='ltr'>insidiis</span> <span class='ocrx_word' id='word_1_11' title='bbox 557 339 737 379; x_wconf 84' lang='lat' dir='ltr'>ferocem</span> <span class='ocrx_word' id='word_1_12' title='bbox 762 338 925 379; x_wconf 79' lang='lat' dir='ltr'>hostem</span> <span class='ocrx_word' id='word_1_13' title='bbox 955 339 1160 393; x_wconf 89' lang='lat' dir='ltr'>captandi.</span> <span class='ocrx_word' id='word_1_14' title='bbox 1214 339 1395 394; x_wconf 86' lang='lat' dir='ltr'>gaudere</span> <span class='ocrx_word' id='word_1_15' title='bbox 1427 340 1568 390; x_wconf 84' lang='lat' dir='ltr'>etiarn,</span> <span class='ocrx_word' id='word_1_16' title='bbox 1605 342 1732 384; x_wconf 91' lang='lat' dir='ltr'>multo</span> 
     </span>
     <span class='ocr_line' id='line_1_3' title="bbox 327 400 1734 457; baseline 0.001 -14"><span class='ocrx_word' id='word_1_17' title='bbox 327 417 346 445; x_wconf 67' lang='lat'>4</span> <span class='ocrx_word' id='word_1_18' title='bbox 373 416 570 442; x_wconf 85' lang='lat' dir='ltr'>successu</span> <span class='ocrx_word' id='word_1_19' title='bbox 611 400 754 441; x_wconf 84' lang='lat' dir='ltr'>Fabiis</span> <span class='ocrx_word' id='word_1_20' title='bbox 797 400 1014 441; x_wconf 82' lang='lat' dir='ltr'>audaciam</span> <span class='ocrx_word' id='word_1_21' title='bbox 1058 415 1260 451; x_wconf 83' lang='lat' dir='ltr'>crescere3</span> <span class='ocrx_word' id='word_1_22' title='bbox 1308 401 1448 454; x_wconf 88' lang='lat' dir='ltr'>itaque</span> <span class='ocrx_word' id='word_1_23' title='bbox 1498 411 1538 442; x_wconf 88' lang='lat' dir='ltr'>ct</span> <span class='ocrx_word' id='word_1_24' title='bbox 1585 418 1734 457; x_wconf 88' lang='lat' dir='ltr'>pecora</span> 
     </span>
     <span class='ocr_line' id='line_1_4' title="bbox 370 462 1734 517; baseline 0.003 -15"><span class='ocrx_word' id='word_1_25' title='bbox 370 462 665 517; x_wconf 79' lang='lat' dir='ltr'>praedantibus</span> <span class='ocrx_word' id='word_1_26' title='bbox 697 462 961 515; x_wconf 83' lang='lat' dir='ltr'>aliquotiens,</span> <span class='ocrx_word' id='word_1_27' title='bbox 998 462 1110 503; x_wconf 81' lang='lat' dir='ltr'>velut</span> <span class='ocrx_word' id='word_1_28' title='bbox 1141 478 1239 503; x_wconf 88' lang='lat' dir='ltr'>casu</span> <span class='ocrx_word' id='word_1_29' title='bbox 1270 463 1529 513; x_wconf 74' lang='lat' dir='ltr'>incidissent,</span> <span class='ocrx_word' id='word_1_30' title='bbox 1568 464 1734 506; x_wconf 88' lang='lat' dir='ltr'>obviam</span> 
     </span>
     <span class='ocr_line' id='line_1_5' title="bbox 371 524 1735 580; baseline 0.001 -14"><span class='ocrx_word' id='word_1_31' title='bbox 371 533 463 566; x_wconf 87' lang='lat' dir='ltr'>acta</span> <span class='ocrx_word' id='word_1_32' title='bbox 493 531 534 565; x_wconf 90' lang='lat' dir='ltr'>et</span> <span class='ocrx_word' id='word_1_33' title='bbox 563 524 788 580; x_wconf 81' lang='lat' dir='ltr'>agrestium</span> <span class='ocrx_word' id='word_1_34' title='bbox 819 524 921 579; x_wconf 85' lang='lat' dir='ltr'>fuga</span> <span class='ocrx_word' id='word_1_35' title='bbox 950 524 1057 565; x_wconf 81' lang='lat' dir='ltr'>vasti</span> <span class='ocrx_word' id='word_1_36' title='bbox 1088 525 1219 565; x_wconf 84' lang='lat' dir='ltr'>relicti</span> <span class='ocrx_word' id='word_1_37' title='bbox 1244 525 1350 580; x_wconf 90' lang='lat' dir='ltr'>agri,</span> <span class='ocrx_word' id='word_1_38' title='bbox 1389 532 1429 566; x_wconf 87' lang='lat' dir='ltr'>et</span> <span class='ocrx_word' id='word_1_39' title='bbox 1461 525 1646 567; x_wconf 89' lang='lat' dir='ltr'>subsidia</span> <span class='ocrx_word' id='word_1_40' title='bbox 1671 542 1735 567; x_wconf 90' lang='lat' dir='ltr'>ar·-</span> 
     </span>
     <span class='ocr_line' id='line_1_6' title="bbox 371 586 1734 642; baseline 0.002 -16"><span class='ocrx_word' id='word_1_41' title='bbox 371 594 575 628; x_wconf 87' lang='lat' dir='ltr'>matorum</span> <span class='ocrx_word' id='word_1_42' title='bbox 601 586 654 627; x_wconf 89' lang='lat' dir='ltr'>ad</span> <span class='ocrx_word' id='word_1_43' title='bbox 678 586 876 627; x_wconf 87' lang='lat' dir='ltr'>arcendas</span> <span class='ocrx_word' id='word_1_44' title='bbox 901 586 1188 641; x_wconf 83' lang='lat' dir='ltr'>populationes</span> <span class='ocrx_word' id='word_1_45' title='bbox 1209 587 1337 628; x_wconf 89' lang='lat' dir='ltr'>missa</span> <span class='ocrx_word' id='word_1_46' title='bbox 1357 588 1521 642; x_wconf 87' lang='lat' dir='ltr'>saepius</span> <span class='ocrx_word' id='word_1_47' title='bbox 1543 587 1734 629; x_wconf 90' lang='lat' dir='ltr'>simulato</span> 
     </span>
     <span class='ocr_line' id='line_1_7' title="bbox 327 649 1735 703; baseline 0.001 -14"><span class='ocrx_word' id='word_1_48' title='bbox 327 665 344 693; x_wconf 69' lang='lat'>5</span> <span class='ocrx_word' id='word_1_49' title='bbox 371 664 496 703; x_wconf 87' lang='lat' dir='ltr'>quam</span> <span class='ocrx_word' id='word_1_50' title='bbox 527 663 625 690; x_wconf 82' lang='lat' dir='ltr'>vero</span> <span class='ocrx_word' id='word_1_51' title='bbox 656 663 809 703; x_wconf 80' lang='lat' dir='ltr'>pavore</span> <span class='ocrx_word' id='word_1_52' title='bbox 840 649 1094 703; x_wconf 86' lang='lat' dir='ltr'>refugerunt.</span> <span class='ocrx_word' id='word_1_53' title='bbox 1150 649 1316 703; x_wconf 85' lang='lat' dir='ltr'>iamque</span> <span class='ocrx_word' id='word_1_54' title='bbox 1347 649 1468 691; x_wconf 87' lang='lat' dir='ltr'>Fabii</span> <span class='ocrx_word' id='word_1_55' title='bbox 1498 650 1601 691; x_wconf 87' lang='lat' dir='ltr'>adeo</span> <span class='ocrx_word' id='word_1_56' title='bbox 1639 664 1735 691; x_wconf 93' lang='lat' dir='ltr'>con-</span> 
     </span>
     <span class='ocr_line' id='line_1_8' title="bbox 371 711 1735 766; baseline 0.001 -14"><span class='ocrx_word' id='word_1_57' title='bbox 371 717 620 766; x_wconf 88' lang='lat' dir='ltr'>tempserant</span> <span class='ocrx_word' id='word_1_58' title='bbox 645 711 821 761; x_wconf 85' lang='lat' dir='ltr'>hostem,</span> <span class='ocrx_word' id='word_1_59' title='bbox 848 718 893 751; x_wconf 90' lang='lat' dir='ltr'>ut</span> <span class='ocrx_word' id='word_1_60' title='bbox 919 726 994 752; x_wconf 89' lang='lat' dir='ltr'>sua</span> <span class='ocrx_word' id='word_1_61' title='bbox 1017 711 1171 752; x_wconf 84' lang='lat' dir='ltr'>invicta</span> <span class='ocrx_word' id='word_1_62' title='bbox 1195 727 1310 753; x_wconf 88' lang='lat' dir='ltr'>arma</span> <span class='ocrx_word' id='word_1_63' title='bbox 1333 727 1466 766; x_wconf 90' lang='lat' dir='ltr'>neque</span> <span class='ocrx_word' id='word_1_64' title='bbox 1490 712 1580 754; x_wconf 93' lang='lat' dir='ltr'>loco</span> <span class='ocrx_word' id='word_1_65' title='bbox 1600 727 1735 766; x_wconf 89' lang='lat' dir='ltr'>neque</span> 
     </span>
     <span class='ocr_line' id='line_1_9' title="bbox 371 772 1736 829; baseline 0.001 -15"><span class='ocrx_word' id='word_1_66' title='bbox 371 781 554 829; x_wconf 88' lang='lat' dir='ltr'>tempore</span> <span class='ocrx_word' id='word_1_67' title='bbox 584 772 668 814; x_wconf 89' lang='lat' dir='ltr'>ullo</span> <span class='ocrx_word' id='word_1_68' title='bbox 699 774 912 814; x_wconf 85' lang='lat' dir='ltr'>crederent</span> <span class='ocrx_word' id='word_1_69' title='bbox 943 773 1136 815; x_wconf 85' lang='lat' dir='ltr'>sustineri</span> <span class='ocrx_word' id='word_1_70' title='bbox 1172 789 1309 828; x_wconf 90' lang='lat' dir='ltr'>posse.</span> <span class='ocrx_word' id='word_1_71' title='bbox 1370 774 1473 816; x_wconf 87' lang='lat' dir='ltr'>haec</span> <span class='ocrx_word' id='word_1_72' title='bbox 1509 789 1605 829; x_wconf 87' lang='lat' dir='ltr'>spes</span> <span class='ocrx_word' id='word_1_73' title='bbox 1641 789 1736 829; x_wconf 87' lang='lat' dir='ltr'>pro-</span> 
     </span>
     <span class='ocr_line' id='line_1_10' title="bbox 371 835 1735 892; baseline 0.001 -16"><span class='ocrx_word' id='word_1_74' title='bbox 371 837 494 885; x_wconf 77' lang='lat' dir='ltr'>vexit,</span> <span class='ocrx_word' id='word_1_75' title='bbox 520 842 566 877; x_wconf 90' lang='lat' dir='ltr'>ut</span> <span class='ocrx_word' id='word_1_76' title='bbox 590 836 644 876; x_wconf 89' lang='lat' dir='ltr'>ad</span> <span class='ocrx_word' id='word_1_77' title='bbox 668 842 891 890; x_wconf 81' lang='lat' dir='ltr'>conspecta</span> <span class='ocrx_word' id='word_1_78' title='bbox 914 836 1058 890; x_wconf 91' lang='lat' dir='ltr'>procul</span> <span class='ocrx_word' id='word_1_79' title='bbox 1083 851 1107 877; x_wconf 90' lang='lat' dir='ltr'>a</span> <span class='ocrx_word' id='word_1_80' title='bbox 1127 835 1325 878; x_wconf 85' lang='lat' dir='ltr'>Cremera</span> <span class='ocrx_word' id='word_1_81' title='bbox 1348 851 1500 892; x_wconf 87' lang='lat' dir='ltr'>magno</span> <span class='ocrx_word' id='word_1_82' title='bbox 1521 837 1656 891; x_wconf 88' lang='lat' dir='ltr'>campi</span> <span class='ocrx_word' id='word_1_83' title='bbox 1673 836 1735 877; x_wconf 92' lang='lat' dir='ltr'>in-</span> 
     </span>
     <span class='ocr_line' id='line_1_11' title="bbox 370 898 1732 954; baseline 0 -15"><span class='ocrx_word' id='word_1_84' title='bbox 370 899 539 940; x_wconf 85' lang='lat' dir='ltr'>tervallo</span> <span class='ocrx_word' id='word_1_85' title='bbox 564 913 725 953; x_wconf 76' lang='lat' dir='ltr'>pecora,</span> <span class='ocrx_word' id='word_1_86' title='bbox 753 913 1004 952; x_wconf 86' lang='lat' dir='ltr'>quamquam</span> <span class='ocrx_word' id='word_1_87' title='bbox 1022 914 1115 939; x_wconf 88' lang='lat' dir='ltr'>rara</span> <span class='ocrx_word' id='word_1_88' title='bbox 1133 898 1314 939; x_wconf 89' lang='lat' dir='ltr'>hostium</span> <span class='ocrx_word' id='word_1_89' title='bbox 1334 899 1588 954; x_wconf 85' lang='lat' dir='ltr'>apparebant</span> <span class='ocrx_word' id='word_1_90' title='bbox 1606 914 1732 948; x_wconf 86' lang='lat' dir='ltr'>arma,</span> 
     </span>
     <span class='ocr_line' id='line_1_12' title="bbox 327 960 1735 1015; baseline 0 -13"><span class='ocrx_word' id='word_1_91' title='bbox 327 977 344 1006; x_wconf 76' lang='lat' dir='ltr'>G</span> <span class='ocrx_word' id='word_1_92' title='bbox 371 962 644 1002; x_wconf 88' lang='lat' dir='ltr'>decurrerent.</span> <span class='ocrx_word' id='word_1_93' title='bbox 700 966 741 1001; x_wconf 89' lang='lat' dir='ltr'>et</span> <span class='ocrx_word' id='word_1_94' title='bbox 765 975 860 1001; x_wconf 92' lang='lat' dir='ltr'>cum</span> <span class='ocrx_word' id='word_1_95' title='bbox 884 960 1090 1015; x_wconf 87' lang='lat' dir='ltr'>inprovidi</span> <span class='ocrx_word' id='word_1_96' title='bbox 1115 961 1248 1002; x_wconf 84' lang='lat' dir='ltr'>effuso</span> <span class='ocrx_word' id='word_1_97' title='bbox 1274 976 1397 1002; x_wconf 90' lang='lat' dir='ltr'>cursu</span> <span class='ocrx_word' id='word_1_98' title='bbox 1429 961 1599 1002; x_wconf 89' lang='lat' dir='ltr'>insidias</span> <span class='ocrx_word' id='word_1_99' title='bbox 1625 961 1735 1002; x_wconf 88' lang='lat' dir='ltr'>circa</span> 
     </span>
     <span class='ocr_line' id='line_1_13' title="bbox 370 1022 1736 1079; baseline -0.001 -15"><span class='ocrx_word' id='word_1_100' title='bbox 370 1024 508 1078; x_wconf 89' lang='lat' dir='ltr'>ipsum</span> <span class='ocrx_word' id='word_1_101' title='bbox 534 1023 611 1063; x_wconf 88' lang='lat' dir='ltr'>iter</span> <span class='ocrx_word' id='word_1_102' title='bbox 634 1022 788 1064; x_wconf 90' lang='lat' dir='ltr'>locatas</span> <span class='ocrx_word' id='word_1_103' title='bbox 815 1030 1082 1078; x_wconf 83' lang='lat' dir='ltr'>superassent</span> <span class='ocrx_word' id='word_1_104' title='bbox 1105 1024 1313 1078; x_wconf 89' lang='lat' dir='ltr'>palatique</span> <span class='ocrx_word' id='word_1_105' title='bbox 1339 1024 1496 1078; x_wconf 90' lang='lat' dir='ltr'>passim</span> <span class='ocrx_word' id='word_1_106' title='bbox 1525 1039 1652 1079; x_wconf 79' lang='lat' dir='ltr'>vaga,</span> <span class='ocrx_word' id='word_1_107' title='bbox 1690 1029 1736 1063; x_wconf 89' lang='lat' dir='ltr'>ut</span> 
     </span>
     <span class='ocr_line' id='line_1_14' title="bbox 371 1085 1736 1141; baseline 0.001 -16"><span class='ocrx_word' id='word_1_108' title='bbox 371 1086 417 1126; x_wconf 90' lang='lat' dir='ltr'>fit</span> <span class='ocrx_word' id='word_1_109' title='bbox 441 1100 593 1140; x_wconf 69' lang='lat' dir='ltr'>pavore</span> <span class='ocrx_word' id='word_1_110' title='bbox 617 1085 779 1134; x_wconf 88' lang='lat' dir='ltr'>iniecto,</span> <span class='ocrx_word' id='word_1_111' title='bbox 806 1093 996 1140; x_wconf 88' lang='lat' dir='ltr'>raperent</span> <span class='ocrx_word' id='word_1_112' title='bbox 1020 1101 1187 1141; x_wconf 90' lang='lat' dir='ltr'>pecora,</span> <span class='ocrx_word' id='word_1_113' title='bbox 1215 1086 1351 1128; x_wconf 89' lang='lat' dir='ltr'>subito</span> <span class='ocrx_word' id='word_1_114' title='bbox 1376 1102 1427 1128; x_wconf 80' lang='lat' dir='ltr'>ex</span> <span class='ocrx_word' id='word_1_115' title='bbox 1451 1087 1612 1128; x_wconf 87' lang='lat' dir='ltr'>insidiis</span> <span class='ocrx_word' id='word_1_116' title='bbox 1639 1100 1736 1127; x_wconf 92' lang='lat' dir='ltr'>con-</span> 
     </span>
     <span class='ocr_line' id='line_1_15' title="bbox 330 1148 1735 1204; baseline 0 -15"><span class='ocrx_word' id='word_1_117' title='bbox 330 1163 344 1190; x_wconf 79' lang='grc' dir='ltr'><em>ῖ</em></span> <span class='ocrx_word' id='word_1_118' title='bbox 373 1149 556 1204; x_wconf 84' lang='lat' dir='ltr'>surgitur</span> <span class='ocrx_word' id='word_1_119' title='bbox 585 1154 625 1188; x_wconf 91' lang='lat' dir='ltr'>et</span> <span class='ocrx_word' id='word_1_120' title='bbox 655 1148 818 1188; x_wconf 79' lang='lat' dir='ltr'>adversi</span> <span class='ocrx_word' id='word_1_121' title='bbox 849 1155 889 1188; x_wconf 90' lang='lat' dir='ltr'>et</span> <span class='ocrx_word' id='word_1_122' title='bbox 918 1149 1100 1202; x_wconf 87' lang='lat' dir='ltr'>undique</span> <span class='ocrx_word' id='word_1_123' title='bbox 1132 1149 1272 1190; x_wconf 89' lang='lat' dir='ltr'>hostes</span> <span class='ocrx_word' id='word_1_124' title='bbox 1310 1156 1437 1190; x_wconf 88' lang='lat' dir='ltr'>erant.</span> <span class='ocrx_word' id='word_1_125' title='bbox 1487 1149 1620 1204; x_wconf 90' lang='lat' dir='ltr'>primo</span> <span class='ocrx_word' id='word_1_126' title='bbox 1652 1148 1735 1189; x_wconf 91' lang='lat' dir='ltr'>cla-</span> 
     </span>
     <span class='ocr_line' id='line_1_16' title="bbox 372 1209 1735 1265; baseline -0.001 -14"><span class='ocrx_word' id='word_1_127' title='bbox 372 1226 460 1251; x_wconf 88' lang='lat' dir='ltr'>mor</span> <span class='ocrx_word' id='word_1_128' title='bbox 496 1209 756 1251; x_wconf 87' lang='lat' dir='ltr'>circumlatus</span> <span class='ocrx_word' id='word_1_129' title='bbox 794 1211 1007 1259; x_wconf 78' lang='lat' dir='ltr'>exterruit,</span> <span class='ocrx_word' id='word_1_130' title='bbox 1045 1211 1139 1251; x_wconf 87' lang='lat' dir='ltr'>dein</span> <span class='ocrx_word' id='word_1_131' title='bbox 1176 1211 1255 1251; x_wconf 83' lang='lat' dir='ltr'>tela</span> <span class='ocrx_word' id='word_1_132' title='bbox 1292 1211 1343 1252; x_wconf 91' lang='lat' dir='ltr'>ab</span> <span class='ocrx_word' id='word_1_133' title='bbox 1376 1212 1487 1252; x_wconf 91' lang='lat' dir='ltr'>omni</span> <span class='ocrx_word' id='word_1_134' title='bbox 1522 1218 1637 1265; x_wconf 85' lang='lat' dir='ltr'>parte</span> <span class='ocrx_word' id='word_1_135' title='bbox 1667 1224 1735 1250; x_wconf 90' lang='lat' dir='ltr'>ac-</span> 
     </span>
     <span class='ocr_line' id='line_1_17' title="bbox 372 1271 1732 1327; baseline -0.001 -14"><span class='ocrx_word' id='word_1_136' title='bbox 372 1271 580 1321; x_wconf 87' lang='lat' dir='ltr'>cidebant,</span> <span class='ocrx_word' id='word_1_137' title='bbox 619 1271 943 1325; x_wconf 88' lang='lat' dir='ltr'>coeuntibusque</span> <span class='ocrx_word' id='word_1_138' title='bbox 973 1272 1164 1313; x_wconf 84' lang='lat' dir='ltr'>Etruscis</span> <span class='ocrx_word' id='word_1_139' title='bbox 1194 1273 1277 1313; x_wconf 90' lang='lat' dir='ltr'>iam</span> <span class='ocrx_word' id='word_1_140' title='bbox 1308 1273 1532 1313; x_wconf 88' lang='lat' dir='ltr'>continenti</span> <span class='ocrx_word' id='word_1_141' title='bbox 1567 1272 1732 1327; x_wconf 83' lang='lat' dir='ltr'>agmine</span> 
     </span>
     <span class='ocr_line' id='line_1_18' title="bbox 373 1333 1734 1389; baseline 0 -14"><span class='ocrx_word' id='word_1_142' title='bbox 373 1341 623 1375; x_wconf 84' lang='lat' dir='ltr'>armatorum</span> <span class='ocrx_word' id='word_1_143' title='bbox 654 1333 803 1388; x_wconf 88' lang='lat' dir='ltr'>saepti,</span> <span class='ocrx_word' id='word_1_144' title='bbox 841 1348 924 1387; x_wconf 88' lang='lat' dir='ltr'>quo</span> <span class='ocrx_word' id='word_1_145' title='bbox 955 1334 1088 1389; x_wconf 87' lang='lat' dir='ltr'>magis</span> <span class='ocrx_word' id='word_1_146' title='bbox 1121 1349 1164 1375; x_wconf 89' lang='lat' dir='ltr'>se</span> <span class='ocrx_word' id='word_1_147' title='bbox 1195 1334 1326 1375; x_wconf 90' lang='lat' dir='ltr'>hostis</span> <span class='ocrx_word' id='word_1_148' title='bbox 1352 1334 1573 1384; x_wconf 85' lang='lat' dir='ltr'>inferebat,</span> <span class='ocrx_word' id='word_1_149' title='bbox 1611 1348 1734 1388; x_wconf 86' lang='lat' dir='ltr'>coge-</span> 
     </span>
     <span class='ocr_line' id='line_1_19' title="bbox 326 1395 1730 1452; baseline -0.002 -12"><span class='ocrx_word' id='word_1_150' title='bbox 326 1410 345 1440; x_wconf 72' lang='lat' dir='ltr'>S</span> <span class='ocrx_word' id='word_1_151' title='bbox 372 1396 521 1438; x_wconf 81' lang='lat' dir='ltr'>bantur</span> <span class='ocrx_word' id='word_1_152' title='bbox 549 1395 736 1437; x_wconf 75' lang='lat' dir='ltr'>breviore</span> <span class='ocrx_word' id='word_1_153' title='bbox 768 1396 901 1450; x_wconf 83' lang='lat' dir='ltr'>spatio</span> <span class='ocrx_word' id='word_1_154' title='bbox 932 1403 972 1437; x_wconf 90' lang='lat' dir='ltr'>et</span> <span class='ocrx_word' id='word_1_155' title='bbox 1001 1396 1081 1451; x_wconf 79' lang='lat' dir='ltr'>ipsi</span> <span class='ocrx_word' id='word_1_156' title='bbox 1112 1396 1254 1438; x_wconf 90' lang='lat' dir='ltr'>orbem</span> <span class='ocrx_word' id='word_1_157' title='bbox 1287 1397 1497 1452; x_wconf 89' lang='lat' dir='ltr'>colligere,</span> <span class='ocrx_word' id='word_1_158' title='bbox 1535 1411 1640 1450; x_wconf 88' lang='lat' dir='ltr'>quae</span> <span class='ocrx_word' id='word_1_159' title='bbox 1665 1410 1730 1437; x_wconf 91' lang='lat' dir='ltr'>res</span> 
     </span>
     <span class='ocr_line' id='line_1_20' title="bbox 372 1457 1733 1513; baseline 0 -14"><span class='ocrx_word' id='word_1_160' title='bbox 372 1466 412 1499; x_wconf 89' lang='lat' dir='ltr'>et</span> <span class='ocrx_word' id='word_1_161' title='bbox 441 1458 690 1513; x_wconf 89' lang='lat' dir='ltr'>paucitatem</span> <span class='ocrx_word' id='word_1_162' title='bbox 721 1472 862 1498; x_wconf 89' lang='lat' dir='ltr'>eorum</span> <span class='ocrx_word' id='word_1_163' title='bbox 892 1457 1098 1513; x_wconf 83' lang='lat' dir='ltr'>insignem</span> <span class='ocrx_word' id='word_1_164' title='bbox 1129 1466 1169 1499; x_wconf 90' lang='lat' dir='ltr'>et</span> <span class='ocrx_word' id='word_1_165' title='bbox 1199 1459 1503 1499; x_wconf 89' lang='lat' dir='ltr'>multitudinem</span> <span class='ocrx_word' id='word_1_166' title='bbox 1532 1458 1733 1499; x_wconf 86' lang='lat' dir='ltr'>Etrusco-</span> 
     </span>
     <span class='ocr_line' id='line_1_21' title="bbox 328 1520 1733 1575; baseline 0 -13"><span class='ocrx_word' id='word_1_167' title='bbox 328 1536 345 1566; x_wconf 82' lang='grc'><strong>9</strong></span> <span class='ocrx_word' id='word_1_168' title='bbox 371 1537 461 1562; x_wconf 87' lang='lat' dir='ltr'>rum</span> <span class='ocrx_word' id='word_1_169' title='bbox 487 1520 765 1575; x_wconf 89' lang='lat' dir='ltr'>multiplicatis</span> <span class='ocrx_word' id='word_1_170' title='bbox 791 1521 833 1561; x_wconf 91' lang='lat' dir='ltr'>in</span> <span class='ocrx_word' id='word_1_171' title='bbox 857 1528 945 1562; x_wconf 91' lang='lat' dir='ltr'>arto</span> <span class='ocrx_word' id='word_1_172' title='bbox 976 1521 1188 1562; x_wconf 88' lang='lat' dir='ltr'>ordinibus</span> <span class='ocrx_word' id='word_1_173' title='bbox 1219 1521 1409 1563; x_wconf 84' lang='lat' dir='ltr'>faciebat.</span> <span class='ocrx_word' id='word_1_174' title='bbox 1458 1528 1547 1562; x_wconf 89' lang='lat' dir='ltr'>tum</span> <span class='ocrx_word' id='word_1_175' title='bbox 1578 1522 1733 1562; x_wconf 89' lang='lat' dir='ltr'>omissa</span> 
     </span>
     <span class='ocr_line' id='line_1_22' title="bbox 371 1583 1732 1638; baseline 0.001 -15"><span class='ocrx_word' id='word_1_176' title='bbox 371 1598 523 1638; x_wconf 90' lang='lat' dir='ltr'>pugna,</span> <span class='ocrx_word' id='word_1_177' title='bbox 549 1597 674 1636; x_wconf 91' lang='lat' dir='ltr'>quam</span> <span class='ocrx_word' id='word_1_178' title='bbox 698 1583 742 1623; x_wconf 89' lang='lat' dir='ltr'>in</span> <span class='ocrx_word' id='word_1_179' title='bbox 766 1597 909 1623; x_wconf 89' lang='lat' dir='ltr'>omnes</span> <span class='ocrx_word' id='word_1_180' title='bbox 934 1583 1060 1637; x_wconf 88' lang='lat' dir='ltr'>partis</span> <span class='ocrx_word' id='word_1_181' title='bbox 1087 1598 1228 1637; x_wconf 88' lang='lat' dir='ltr'>parem</span> <span class='ocrx_word' id='word_1_182' title='bbox 1247 1584 1517 1633; x_wconf 88' lang='lat' dir='ltr'>intenderant,</span> <span class='ocrx_word' id='word_1_183' title='bbox 1543 1585 1585 1624; x_wconf 93' lang='lat' dir='ltr'>in</span> <span class='ocrx_word' id='word_1_184' title='bbox 1604 1599 1732 1624; x_wconf 90' lang='lat' dir='ltr'>unum</span> 
     </span>
     <span class='ocr_line' id='line_1_23' title="bbox 370 1644 1730 1700; baseline 0 -14"><span class='ocrx_word' id='word_1_185' title='bbox 370 1646 508 1686; x_wconf 91' lang='lat' dir='ltr'>locum</span> <span class='ocrx_word' id='word_1_186' title='bbox 539 1659 584 1686; x_wconf 91' lang='lat' dir='ltr'>se</span> <span class='ocrx_word' id='word_1_187' title='bbox 615 1659 757 1686; x_wconf 90' lang='lat' dir='ltr'>omnes</span> <span class='ocrx_word' id='word_1_188' title='bbox 788 1644 997 1685; x_wconf 88' lang='lat' dir='ltr'>inclinant.</span> <span class='ocrx_word' id='word_1_189' title='bbox 1047 1659 1095 1685; x_wconf 92' lang='lat' dir='ltr'>co</span> <span class='ocrx_word' id='word_1_190' title='bbox 1126 1645 1206 1686; x_wconf 90' lang='lat' dir='ltr'>nisi</span> <span class='ocrx_word' id='word_1_191' title='bbox 1238 1645 1478 1700; x_wconf 85' lang='lat' dir='ltr'>corporibus</span> <span class='ocrx_word' id='word_1_192' title='bbox 1510 1645 1730 1699; x_wconf 89' lang='lat' dir='ltr'>armisque,</span> 
     </span>
     <span class='ocr_line' id='line_1_24' title="bbox 309 1706 1730 1761; baseline -0.001 -12"><span class='ocrx_word' id='word_1_193' title='bbox 309 1722 346 1749; x_wconf 81' lang='lat' dir='ltr'>lo</span> <span class='ocrx_word' id='word_1_194' title='bbox 371 1721 517 1761; x_wconf 89' lang='lat' dir='ltr'>rupere</span> <span class='ocrx_word' id='word_1_195' title='bbox 548 1721 679 1747; x_wconf 91' lang='lat' dir='ltr'>cuneo</span> <span class='ocrx_word' id='word_1_196' title='bbox 709 1706 833 1747; x_wconf 76' lang='lat' dir='ltr'>viam.</span> <span class='ocrx_word' id='word_1_197' title='bbox 888 1706 1006 1746; x_wconf 84' lang='lat' dir='ltr'>duxit</span> <span class='ocrx_word' id='word_1_198' title='bbox 1036 1706 1104 1747; x_wconf 84' lang='lat' dir='ltr'>via</span> <span class='ocrx_word' id='word_1_199' title='bbox 1133 1707 1176 1746; x_wconf 91' lang='lat' dir='ltr'>in</span> <span class='ocrx_word' id='word_1_200' title='bbox 1207 1707 1362 1747; x_wconf 91' lang='lat' dir='ltr'>editum</span> <span class='ocrx_word' id='word_1_201' title='bbox 1397 1706 1542 1747; x_wconf 88' lang='lat' dir='ltr'>leniter</span> <span class='ocrx_word' id='word_1_202' title='bbox 1572 1706 1730 1747; x_wconf 88' lang='lat' dir='ltr'>collem.</span> 
     </span>
     <span class='ocr_line' id='line_1_25' title="bbox 371 1767 1731 1823; baseline 0 -14"><span class='ocrx_word' id='word_1_203' title='bbox 371 1769 465 1810; x_wconf 86' lang='lat' dir='ltr'>inde</span> <span class='ocrx_word' id='word_1_204' title='bbox 496 1768 629 1823; x_wconf 88' lang='lat' dir='ltr'>primo</span> <span class='ocrx_word' id='word_1_205' title='bbox 659 1768 858 1809; x_wconf 88' lang='lat' dir='ltr'>restitere.</span> <span class='ocrx_word' id='word_1_206' title='bbox 906 1783 1023 1817; x_wconf 73' lang='lat' dir='ltr'>moX,</span> <span class='ocrx_word' id='word_1_207' title='bbox 1059 1774 1106 1809; x_wconf 90' lang='lat' dir='ltr'>ut</span> <span class='ocrx_word' id='word_1_208' title='bbox 1135 1768 1363 1823; x_wconf 89' lang='lat' dir='ltr'>respirandi</span> <span class='ocrx_word' id='word_1_209' title='bbox 1401 1768 1587 1822; x_wconf 85' lang='lat' dir='ltr'>superior</span> <span class='ocrx_word' id='word_1_210' title='bbox 1615 1767 1731 1809; x_wconf 90' lang='lat' dir='ltr'>locus</span> 
     </span>
     <span class='ocr_line' id='line_1_26' title="bbox 372 1832 1733 1888; baseline -0.001 -14"><span class='ocrx_word' id='word_1_211' title='bbox 372 1833 551 1888; x_wconf 91' lang='lat' dir='ltr'>spatium</span> <span class='ocrx_word' id='word_1_212' title='bbox 576 1832 689 1873; x_wconf 88' lang='lat' dir='ltr'>dedit</span> <span class='ocrx_word' id='word_1_213' title='bbox 712 1832 1018 1887; x_wconf 88' lang='lat' dir='ltr'>recipiendique</span> <span class='ocrx_word' id='word_1_214' title='bbox 1043 1848 1068 1873; x_wconf 89' lang='lat' dir='ltr'>a</span> <span class='ocrx_word' id='word_1_215' title='bbox 1091 1847 1244 1887; x_wconf 83' lang='lat' dir='ltr'>pavore</span> <span class='ocrx_word' id='word_1_216' title='bbox 1276 1838 1390 1873; x_wconf 92' lang='lat' dir='ltr'>tanto</span> <span class='ocrx_word' id='word_1_217' title='bbox 1421 1832 1624 1881; x_wconf 89' lang='lat' dir='ltr'>animum,</span> <span class='ocrx_word' id='word_1_218' title='bbox 1660 1846 1733 1886; x_wconf 91' lang='lat' dir='ltr'>pe-</span> 
     </span>
     <span class='ocr_line' id='line_1_27' title="bbox 370 1893 1733 1950; baseline -0.001 -14"><span class='ocrx_word' id='word_1_219' title='bbox 370 1895 510 1950; x_wconf 87' lang='lat' dir='ltr'>pulere</span> <span class='ocrx_word' id='word_1_220' title='bbox 542 1895 665 1936; x_wconf 87' lang='lat' dir='ltr'>etiam</span> <span class='ocrx_word' id='word_1_221' title='bbox 697 1894 939 1944; x_wconf 90' lang='lat' dir='ltr'>subeuntes,</span> <span class='ocrx_word' id='word_1_222' title='bbox 978 1895 1250 1948; x_wconf 78' lang='lat' dir='ltr'>vincebatque</span> <span class='ocrx_word' id='word_1_223' title='bbox 1287 1894 1440 1936; x_wconf 86' lang='lat' dir='ltr'>auxilio</span> <span class='ocrx_word' id='word_1_224' title='bbox 1476 1893 1556 1935; x_wconf 91' lang='lat' dir='ltr'>loci</span> <span class='ocrx_word' id='word_1_225' title='bbox 1590 1894 1733 1948; x_wconf 88' lang='lat' dir='ltr'>pauci-</span> 
     </span>
     <span class='ocr_line' id='line_1_28' title="bbox 371 1955 1732 2012; baseline -0.001 -15"><span class='ocrx_word' id='word_1_226' title='bbox 371 1969 453 2006; x_wconf 86' lang='lat' dir='ltr'>tas,</span> <span class='ocrx_word' id='word_1_227' title='bbox 490 1957 532 1997; x_wconf 91' lang='lat' dir='ltr'>ni</span> <span class='ocrx_word' id='word_1_228' title='bbox 556 1957 655 2012; x_wconf 89' lang='lat' dir='ltr'>iugo</span> <span class='ocrx_word' id='word_1_229' title='bbox 681 1956 990 1998; x_wconf 86' lang='lat' dir='ltr'>circummissus</span> <span class='ocrx_word' id='word_1_230' title='bbox 1015 1955 1171 1997; x_wconf 87' lang='lat' dir='ltr'>Veiens</span> <span class='ocrx_word' id='word_1_231' title='bbox 1196 1957 1239 1997; x_wconf 90' lang='lat' dir='ltr'>in</span> <span class='ocrx_word' id='word_1_232' title='bbox 1269 1956 1464 1997; x_wconf 83' lang='lat' dir='ltr'>verticem</span> <span class='ocrx_word' id='word_1_233' title='bbox 1495 1955 1610 1997; x_wconf 92' lang='lat' dir='ltr'>collis</span> <span class='ocrx_word' id='word_1_234' title='bbox 1637 1970 1732 1996; x_wconf 76' lang='lat' dir='ltr'>eva-</span> 
     </span>
     <span class='ocr_line' id='line_1_29' title="bbox 307 2017 1731 2074; baseline -0.001 -13"><span class='ocrx_word' id='word_1_235' title='bbox 307 2034 340 2061; x_wconf 85' lang='lat'>11</span> <span class='ocrx_word' id='word_1_236' title='bbox 373 2020 505 2060; x_wconf 87' lang='lat' dir='ltr'>sisset.</span> <span class='ocrx_word' id='word_1_237' title='bbox 554 2019 611 2060; x_wconf 90' lang='lat' dir='ltr'>ita</span> <span class='ocrx_word' id='word_1_238' title='bbox 643 2018 829 2074; x_wconf 89' lang='lat' dir='ltr'>superior</span> <span class='ocrx_word' id='word_1_239' title='bbox 857 2033 1001 2059; x_wconf 89' lang='lat' dir='ltr'>rursus</span> <span class='ocrx_word' id='word_1_240' title='bbox 1032 2018 1163 2060; x_wconf 88' lang='lat' dir='ltr'>hostis</span> <span class='ocrx_word' id='word_1_241' title='bbox 1196 2019 1344 2059; x_wconf 86' lang='lat' dir='ltr'>sactus.</span> <span class='ocrx_word' id='word_1_242' title='bbox 1391 2018 1513 2060; x_wconf 86' lang='lat' dir='ltr'>Fabii</span> <span class='ocrx_word' id='word_1_243' title='bbox 1543 2017 1653 2059; x_wconf 88' lang='lat' dir='ltr'>caesi</span> <span class='ocrx_word' id='word_1_244' title='bbox 1678 2018 1731 2059; x_wconf 89' lang='lat' dir='ltr'>ad</span> 
     </span>
     <span class='ocr_line' id='line_1_30' title="bbox 370 2080 1731 2136; baseline -0.001 -15"><span class='ocrx_word' id='word_1_245' title='bbox 370 2097 498 2122; x_wconf 87' lang='lat' dir='ltr'>unum</span> <span class='ocrx_word' id='word_1_246' title='bbox 529 2096 672 2123; x_wconf 91' lang='lat' dir='ltr'>omnes</span> <span class='ocrx_word' id='word_1_247' title='bbox 704 2080 1039 2135; x_wconf 87' lang='lat' dir='ltr'>praesidiumque</span> <span class='ocrx_word' id='word_1_248' title='bbox 1071 2087 1366 2136; x_wconf 83' lang='lat' dir='ltr'>expugnatum.</span> <span class='ocrx_word' id='word_1_249' title='bbox 1417 2085 1620 2121; x_wconf 87' lang='lat' dir='ltr'>trecentos</span> <span class='ocrx_word' id='word_1_250' title='bbox 1657 2093 1731 2120; x_wconf 85' lang='lat' dir='ltr'>sex</span> 
     </span>
     <span class='ocr_line' id='line_1_31' title="bbox 370 2141 1731 2198; baseline -0.001 -15"><span class='ocrx_word' id='word_1_251' title='bbox 370 2144 526 2198; x_wconf 87' lang='lat' dir='ltr'>perisse</span> <span class='ocrx_word' id='word_1_252' title='bbox 553 2143 652 2184; x_wconf 88' lang='lat' dir='ltr'>satis</span> <span class='ocrx_word' id='word_1_253' title='bbox 678 2143 886 2192; x_wconf 80' lang='lat' dir='ltr'>convenit,</span> <span class='ocrx_word' id='word_1_254' title='bbox 918 2158 1047 2183; x_wconf 91' lang='lat' dir='ltr'>unum</span> <span class='ocrx_word' id='word_1_255' title='bbox 1071 2149 1239 2197; x_wconf 90' lang='lat' dir='ltr'>propter</span> <span class='ocrx_word' id='word_1_256' title='bbox 1267 2141 1524 2196; x_wconf 87' lang='lat' dir='ltr'>impuberem</span> <span class='ocrx_word' id='word_1_257' title='bbox 1554 2147 1731 2182; x_wconf 88' lang='lat' dir='ltr'>aetatem</span> 
     </span>
     <span class='ocr_line' id='line_1_32' title="bbox 370 2202 1730 2259; baseline -0.002 -13"><span class='ocrx_word' id='word_1_258' title='bbox 370 2205 576 2255; x_wconf 86' lang='lat' dir='ltr'>relictum,</span> <span class='ocrx_word' id='word_1_259' title='bbox 621 2205 790 2259; x_wconf 91' lang='lat' dir='ltr'>stirpem</span> <span class='ocrx_word' id='word_1_260' title='bbox 825 2205 939 2259; x_wconf 88' lang='lat' dir='ltr'>genti</span> <span class='ocrx_word' id='word_1_261' title='bbox 974 2204 1130 2245; x_wconf 88' lang='lat' dir='ltr'>Fabiae</span> <span class='ocrx_word' id='word_1_262' title='bbox 1167 2203 1386 2257; x_wconf 88' lang='lat' dir='ltr'>dubiisque</span> <span class='ocrx_word' id='word_1_263' title='bbox 1426 2203 1551 2244; x_wconf 90' lang='lat' dir='ltr'>rebus</span> <span class='ocrx_word' id='word_1_264' title='bbox 1587 2202 1730 2257; x_wconf 88' lang='lat' dir='ltr'>populi</span> 
     </span>
     <span class='ocr_line' id='line_1_33' title="bbox 370 2265 1731 2323; baseline -0.002 -15"><span class='ocrx_word' id='word_1_265' title='bbox 370 2268 551 2308; x_wconf 82' lang='lat' dir='ltr'>Romani</span> <span class='ocrx_word' id='word_1_266' title='bbox 581 2282 705 2323; x_wconf 89' lang='lat' dir='ltr'>saepe</span> <span class='ocrx_word' id='word_1_267' title='bbox 736 2267 847 2308; x_wconf 89' lang='lat' dir='ltr'>domi</span> <span class='ocrx_word' id='word_1_268' title='bbox 877 2266 1056 2320; x_wconf 89' lang='lat' dir='ltr'>bellique</span> <span class='ocrx_word' id='word_1_269' title='bbox 1087 2266 1153 2308; x_wconf 88' lang='lat' dir='ltr'>vel</span> <span class='ocrx_word' id='word_1_270' title='bbox 1182 2267 1411 2307; x_wconf 80' lang='lat' dir='ltr'>maximum</span> <span class='ocrx_word' id='word_1_271' title='bbox 1440 2265 1627 2306; x_wconf 89' lang='lat' dir='ltr'>futurum</span> <span class='ocrx_word' id='word_1_272' title='bbox 1658 2280 1731 2306; x_wconf 91' lang='lat' dir='ltr'>au-</span> 
     </span>
     <span class='ocr_line' id='line_1_34' title="bbox 371 2330 528 2371; baseline 0.006 -1"><span class='ocrx_word' id='word_1_273' title='bbox 371 2330 528 2371; x_wconf 85' lang='lat' dir='ltr'>xilium.</span> 
     </span>
     <span class='ocr_line' id='line_1_35' title="bbox 331 2389 1730 2446; baseline -0.003 -13"><span class='ocrx_word' id='word_1_274' title='bbox 331 2407 341 2434; x_wconf 94' lang='lat'>1</span> <span class='ocrx_word' id='word_1_275' title='bbox 455 2392 532 2433; x_wconf 90' lang='lat' dir='ltr'>LI.</span> <span class='ocrx_word' id='word_1_276' title='bbox 577 2391 687 2433; x_wconf 88' lang='lat' dir='ltr'>Cum</span> <span class='ocrx_word' id='word_1_277' title='bbox 710 2392 812 2433; x_wconf 88' lang='lat' dir='ltr'>haec</span> <span class='ocrx_word' id='word_1_278' title='bbox 838 2397 1006 2446; x_wconf 89' lang='lat' dir='ltr'>accepta</span> <span class='ocrx_word' id='word_1_279' title='bbox 1032 2391 1169 2432; x_wconf 90' lang='lat' dir='ltr'>clades</span> <span class='ocrx_word' id='word_1_280' title='bbox 1197 2397 1271 2440; x_wconf 89' lang='lat' dir='ltr'>est,</span> <span class='ocrx_word' id='word_1_281' title='bbox 1296 2389 1379 2431; x_wconf 91' lang='lat' dir='ltr'>iam</span> <span class='ocrx_word' id='word_1_282' title='bbox 1400 2389 1448 2432; x_wconf 89' lang='lat' dir='ltr'>C.</span> <span class='ocrx_word' id='word_1_283' title='bbox 1465 2389 1664 2431; x_wconf 84' lang='lat' dir='ltr'>Horatius</span> <span class='ocrx_word' id='word_1_284' title='bbox 1691 2395 1730 2430; x_wconf 90' lang='lat' dir='ltr'>et</span> 
     </span>
     <span class='ocr_line' id='line_1_36' title="bbox 372 2452 1728 2495; baseline -0.002 0"><span class='ocrx_word' id='word_1_285' title='bbox 372 2453 421 2495; x_wconf 84' lang='lat' dir='ltr'>T.</span> <span class='ocrx_word' id='word_1_286' title='bbox 446 2453 668 2495; x_wconf 90' lang='lat' dir='ltr'>Menenius</span> <span class='ocrx_word' id='word_1_287' title='bbox 699 2454 888 2495; x_wconf 89' lang='lat' dir='ltr'>consules</span> <span class='ocrx_word' id='word_1_288' title='bbox 915 2460 1040 2495; x_wconf 86' lang='lat' dir='ltr'>erant.</span> <span class='ocrx_word' id='word_1_289' title='bbox 1089 2453 1310 2494; x_wconf 87' lang='lat' dir='ltr'>Menenius</span> <span class='ocrx_word' id='word_1_290' title='bbox 1342 2453 1540 2494; x_wconf 80' lang='lat' dir='ltr'>adversus</span> <span class='ocrx_word' id='word_1_291' title='bbox 1567 2452 1728 2492; x_wconf 87' lang='lat' dir='ltr'>Tuscos</span> 
     </span>
     <span class='ocr_line' id='line_1_37' title="bbox 330 2513 1730 2568; baseline -0.001 -13"><span class='ocrx_word' id='word_1_292' title='bbox 330 2528 347 2556; x_wconf 73' lang='lat'>2</span> <span class='ocrx_word' id='word_1_293' title='bbox 372 2515 541 2557; x_wconf 74' lang='lat' dir='ltr'>victoria</span> <span class='ocrx_word' id='word_1_294' title='bbox 573 2516 701 2557; x_wconf 90' lang='lat' dir='ltr'>elatos</span> <span class='ocrx_word' id='word_1_295' title='bbox 733 2515 950 2557; x_wconf 86' lang='lat' dir='ltr'>confestim</span> <span class='ocrx_word' id='word_1_296' title='bbox 981 2516 1146 2557; x_wconf 90' lang='lat' dir='ltr'>missus.</span> <span class='ocrx_word' id='word_1_297' title='bbox 1203 2521 1290 2556; x_wconf 89' lang='lat' dir='ltr'>tum</span> <span class='ocrx_word' id='word_1_298' title='bbox 1321 2529 1485 2568; x_wconf 91' lang='lat' dir='ltr'>quoque</span> <span class='ocrx_word' id='word_1_299' title='bbox 1517 2513 1623 2554; x_wconf 89' lang='lat' dir='ltr'>male</span> <span class='ocrx_word' id='word_1_300' title='bbox 1652 2527 1730 2567; x_wconf 90' lang='lat' dir='ltr'>pu-</span> 
     </span>
     <span class='ocr_line' id='line_1_38' title="bbox 372 2575 1728 2631; baseline -0.003 -13"><span class='ocrx_word' id='word_1_301' title='bbox 372 2585 542 2631; x_wconf 85' lang='lat' dir='ltr'>gnatum</span> <span class='ocrx_word' id='word_1_302' title='bbox 578 2585 640 2619; x_wconf 92' lang='lat' dir='ltr'>est</span> <span class='ocrx_word' id='word_1_303' title='bbox 676 2584 715 2619; x_wconf 92' lang='lat' dir='ltr'>et</span> <span class='ocrx_word' id='word_1_304' title='bbox 744 2577 977 2619; x_wconf 88' lang='lat' dir='ltr'>Ianiculum</span> <span class='ocrx_word' id='word_1_305' title='bbox 1018 2577 1158 2618; x_wconf 90' lang='lat' dir='ltr'>hostes</span> <span class='ocrx_word' id='word_1_306' title='bbox 1190 2591 1443 2631; x_wconf 86' lang='lat' dir='ltr'>occupavere</span> <span class='ocrx_word' id='word_1_307' title='bbox 1475 2575 1728 2627; x_wconf 86' lang='lat' dir='ltr'>obsessaque</span> 
     </span>
     <span class='ocr_line' id='line_1_39' title="bbox 375 2635 1728 2694; baseline -0.002 -16"><span class='ocrx_word' id='word_1_308' title='bbox 375 2639 469 2679; x_wconf 88' lang='lat' dir='ltr'>urbs</span> <span class='ocrx_word' id='word_1_309' title='bbox 501 2640 606 2680; x_wconf 88' lang='lat' dir='ltr'>foret</span> <span class='ocrx_word' id='word_1_310' title='bbox 637 2654 761 2694; x_wconf 91' lang='lat' dir='ltr'>super</span> <span class='ocrx_word' id='word_1_311' title='bbox 789 2639 944 2680; x_wconf 91' lang='lat' dir='ltr'>bellum</span> <span class='ocrx_word' id='word_1_312' title='bbox 975 2654 1139 2680; x_wconf 89' lang='lat' dir='ltr'>annona</span> <span class='ocrx_word' id='word_1_313' title='bbox 1168 2646 1379 2694; x_wconf 87' lang='lat' dir='ltr'>premente</span> <span class='ocrx_word' id='word_1_314' title='bbox 1404 2662 1457 2667; x_wconf 84' lang='lat'>—</span> <span class='ocrx_word' id='word_1_315' title='bbox 1483 2635 1728 2677; x_wconf 87' lang='lat' dir='ltr'>transierant</span> 
     </span>
     <span class='ocr_line' id='line_1_40' title="bbox 374 2697 1727 2751; baseline -0.001 -12"><span class='ocrx_word' id='word_1_316' title='bbox 374 2700 480 2740; x_wconf 82' lang='lat' dir='ltr'>enim</span> <span class='ocrx_word' id='word_1_317' title='bbox 505 2701 673 2742; x_wconf 89' lang='lat' dir='ltr'>Etrusci</span> <span class='ocrx_word' id='word_1_318' title='bbox 698 2701 882 2743; x_wconf 88' lang='lat' dir='ltr'>Tiberim</span> <span class='ocrx_word' id='word_1_319' title='bbox 909 2728 980 2751; x_wconf 88' lang='lat'>—‚</span> <span class='ocrx_word' id='word_1_320' title='bbox 1017 2702 1060 2742; x_wconf 90' lang='lat' dir='ltr'>ni</span> <span class='ocrx_word' id='word_1_321' title='bbox 1084 2701 1284 2742; x_wconf 90' lang='lat' dir='ltr'>Horatius</span> <span class='ocrx_word' id='word_1_322' title='bbox 1311 2699 1452 2741; x_wconf 90' lang='lat' dir='ltr'>consul</span> <span class='ocrx_word' id='word_1_323' title='bbox 1485 2713 1536 2739; x_wconf 83' lang='lat' dir='ltr'>ex</span> <span class='ocrx_word' id='word_1_324' title='bbox 1562 2697 1727 2739; x_wconf 89' lang='lat' dir='ltr'>Volscis</span> 
     </span>
    </p>
   </div>
  </div>
 </body>
</html>
