1835 3226
268 372 284 399 ⁴1

243 1733 280 1761 10

242 1984 273 2010 ll

261 2170 277 2196 l<-

261 2540 278 2556 ¹)

314 247 395 288 314
619 253 774 286 muniz
799 252 870 296 VI,
897 254 928 286 9.
951 252 1002 286 10.
1030 255 1078 296 [a.
1098 253 1364 295 u.e.368.3‹39]

313 362 599 398 memorantes.
633 370 681 395 eo
696 355 777 395 vim
794 354 960 395 Camilli
974 355 1026 396 ab
1040 354 1168 397 Antio
1188 356 1352 398 fortuna
1371 359 1527 399 avertit.
1560 376 1673 401 nam-

310 433 390 471 que
416 433 509 459 cum
534 432 582 458 ea
606 417 697 458 loca
727 418 916 471 opposita
940 417 1131 458 Etruriae
1164 425 1203 459 et
1235 419 1344 459 velut
1377 419 1554 462 claustra
1578 423 1673 464 inde

309 486 533 533 portaeque
564 485 720 528 essent,
760 485 798 519 et
834 479 913 520 illis
946 480 1175 534 occupandi
1213 495 1278 530 ea,
1318 496 1411 522 cum
1449 483 1551 535 quid
1577 484 1673 524 novi

312 541 568 590 molirentur,
604 547 644 582 et
667 541 866 582 Romanis
898 542 1166 596 recuperandi
1196 543 1420 600 tuendique
1452 559 1549 585 cura
1574 551 1672 586 erat.

308 602 433 656 igitur
465 603 625 655 senatui
656 617 750 643 cum
777 602 953 643 Camillo
979 604 1047 658 agi
1077 603 1248 657 placuit,
1287 611 1332 645 ut
1363 605 1515 646 omisso
1543 605 1673 647 Antio

308 663 462 704 bellum
499 664 725 706 Etruscum
762 665 1001 719 susciperet.
1062 665 1246 720 legiones
1283 667 1483 717 urbanae,
1521 667 1672 721 quibus

309 725 512 768 Servilius
542 727 794 783 praefuerat,
833 727 870 767 ei
901 727 1187 768 decernuntur.
1242 743 1493 782 quamquam
1527 744 1672 784 exper-

307 794 396 829 tum
421 789 645 830 exercitum
670 789 968 842 adsuetumque
995 789 1185 844 imperio,
1217 790 1287 843 qui
1312 791 1353 830 in
1379 790 1545 832 Volscis
1572 799 1670 842 erat,

306 851 465 900 mallet,
503 851 603 891 nihil
628 851 852 900 recusavit,
886 850 1099 892 Valerium
1125 852 1410 893 tantummodo
1436 853 1582 907 imperi
1607 868 1672 895 so-

307 913 416 954 cium
442 913 695 968 depoposcit.
747 912 967 966 Quinctius
993 912 1277 967 Horatiusque
1303 929 1565 956 successores
1585 914 1671 956 Va-

307 975 407 1016 lerio
432 975 474 1015 in
501 975 665 1016 Volscis
692 975 820 1015 missi.

393 1037 577 1078 Profecti
608 1038 659 1078 ab
690 1037 791 1078 urbe
819 1036 1004 1079 Sutrium
1035 1036 1187 1078 Furius
1219 1044 1259 1078 et
1289 1037 1481 1078 Valerius
1512 1046 1670 1094 partem

307 1099 447 1153 oppidi
472 1100 552 1139 iam
579 1106 742 1154 captam
768 1099 819 1140 ab
844 1099 1034 1140 Etruscis
1066 1100 1278 1149 invenere,
1317 1115 1367 1141 cx
1398 1107 1513 1154 parte
1545 1100 1671 1151 altera

306 1162 566 1215 intersaeptis
593 1162 806 1203 itineribus
833 1177 955 1216 aegre
982 1162 1211 1216 oppidanos
1237 1163 1320 1202 vim
1346 1162 1526 1203 hostium
1547 1164 1599 1205 ab
1626 1179 1670 1205 se

306 1230 503 1264 arcentes.
542 1239 635 1264 cum
655 1224 831 1265 Romani
851 1224 992 1264 auxilii
1012 1225 1212 1265 adventus
1234 1231 1320 1265 tum
1342 1224 1505 1265 Camilli
1521 1241 1670 1267 nomen

305 1285 617 1326 celeberrimum
644 1287 754 1340 apud
779 1286 909 1326 hostis
942 1286 1159 1338 sociosque
1192 1295 1232 1326 et
1256 1287 1298 1326 in
1328 1288 1560 1341 praesentia
1583 1303 1667 1328 rem

305 1347 542 1388 inclinatam
569 1348 763 1388 sustinuit
794 1355 833 1388 et
865 1348 1043 1401 spatium
1075 1349 1127 1388 ad
1153 1363 1273 1402 opem
1305 1348 1516 1389 ferendam
1543 1350 1665 1390 dedit.

304 1409 442 1463 itaque
474 1410 606 1450 diviso
638 1410 820 1450 exercitu
852 1409 1053 1450 Camillus
1086 1410 1286 1463 collegam
1318 1410 1358 1450 in
1388 1424 1477 1450 cam
1509 1418 1666 1464 partem

307 1472 594 1513 circumductis
627 1473 775 1526 copiis,
814 1486 937 1525 quam
969 1472 1110 1512 hostes
1150 1471 1360 1521 tenebant,
1398 1473 1560 1513 moenia
1597 1474 1664 1513 ad—

306 1534 422 1588 gredi
447 1534 571 1582 iubet,
598 1549 681 1573 non
701 1540 783 1574 tam
810 1550 832 1574 a
854 1548 938 1588 spe,
967 1534 1086 1574 scalis
1108 1534 1199 1587 capi
1219 1533 1361 1574 urbem
1381 1549 1517 1588 posse,
1544 1550 1667 1587 quam

307 1602 350 1635 ut
375 1596 530 1635 aversis
557 1611 605 1635 co
637 1595 825 1636 hostibus
858 1602 897 1635 et
928 1595 1143 1649 oppidanis
1174 1595 1255 1635 iam
1286 1596 1511 1649 pugnando
1543 1596 1664 1636 sessis

305 1657 511 1697 laxaretur
546 1657 662 1697 labor
699 1663 738 1697 ct
773 1657 862 1711 ipse
901 1657 1078 1710 spatium
1109 1657 1287 1697 intrandi
1323 1659 1408 1697 sinc
1447 1658 1666 1697 certamine

306 1719 468 1759 moenia
492 1718 675 1759 haberet.
725 1719 837 1772 quod
868 1733 961 1759 cum
988 1718 1109 1758 simul
1141 1718 1346 1771 utrimque
1377 1719 1531 1758 factum
1557 1728 1665 1760 esset

305 1796 540 1836 ancepsque
565 1788 694 1821 terror
719 1781 920 1822 Etruscos
947 1781 1230 1822 circumstaret
1255 1788 1294 1821 et
1318 1782 1480 1821 moenia
1506 1796 1669 1821 summa

305 1845 345 1884 vi
375 1844 607 1899 oppugnari
633 1851 671 1883 et
696 1844 803 1884 intra
827 1843 989 1884 moenia
1015 1857 1106 1883 esse
1132 1843 1294 1883 hostem
1320 1843 1523 1892 viderent,
1549 1849 1667 1897 porta

306 1920 367 1955 se,
406 1920 511 1958 quae
537 1921 618 1946 una
642 1906 748 1946 sorte
780 1921 863 1947 non
893 1905 1178 1954 obsidebatur,
1217 1905 1365 1959 trepidi
1396 1920 1477 1945 uno
1503 1905 1667 1959 agmine

305 1969 471 2008 eiecere.
521 1984 673 2023 magna
698 1969 844 2009 caedes
871 1969 1120 2022 fugientium
1146 1974 1183 2008 et
1210 1968 1249 2008 in
1270 1967 1370 2009 urbe
1396 1974 1436 2008 et
1453 1982 1527 2022 per
1545 1982 1666 2022 agros

304 2036 366 2070 est
390 2030 511 2070 facta.
561 2031 699 2084 plures
726 2046 749 2071 a
774 2030 964 2071 Furianis
991 2031 1097 2070 intra.
1122 2030 1283 2070 moenia
1309 2029 1430 2078 caesi,
1457 2028 1666 2070 Valeriani

305 2092 578 2146 expeditiores
605 2093 658 2133 ad
682 2093 990 2146 persequendos
1016 2092 1131 2132 fuere
1151 2106 1226 2132 nec
1246 2098 1339 2132 ante
1359 2097 1535 2140 noctem,
1561 2105 1666 2144 quac

243 2170 249 2195 1
305 2161 570 2208 conspectum
592 2155 756 2203 ademit,
784 2154 907 2194 finem
929 2154 1126 2195 caedendi
1151 2154 1297 2194 fecere.
1338 2152 1477 2195 Sutrio
1501 2159 1666 2206 recepto

303 2216 573 2269 restitutoque
600 2216 721 2257 sociis
746 2216 905 2270 Nepete
932 2216 1135 2256 exercitus
1161 2216 1328 2264 (luctus,
1361 2215 1471 2269 quod
1500 2229 1573 2269 per
1597 2214 1667 2254 dc-

304 2278 499 2318 ditionem
526 2285 740 2332 acceptum
765 2279 847 2318 iam
873 2285 1003 2319 totum
1028 2278 1196 2318 Etrusci
1222 2277 1441 2317 habebant.

388 2339 448 2380 X.
492 2340 721 2381 Videbatur
745 2340 838 2394 plus
864 2340 905 2380 in
932 2355 979 2380 ea
1006 2340 1106 2381 urbe
1131 2339 1366 2394 recipienda
1384 2339 1537 2380 laboris
1563 2338 1664 2386 fore,

306 2418 386 2442 non
418 2417 466 2443 eo
498 2403 649 2452 solum,
688 2403 798 2456 quod
830 2409 914 2443 tota
943 2403 1123 2443 hostium
1156 2408 1259 2451 erat,
1297 2402 1371 2442 sed
1402 2401 1523 2442 etiam
1556 2400 1666 2454 quod

304 2471 418 2518 parte
443 2464 743 2519 Nepesinorum
774 2466 971 2519 prodente
1003 2465 1210 2504 civitatem
1242 2464 1352 2504 facta
1383 2470 1468 2504 erat
1499 2462 1663 2503 deditio.

305 2527 408 2566 mitti
434 2534 570 2567 tamen
596 2528 648 2568 ad
672 2527 878 2582 principes
905 2542 1045 2567 eorum
1071 2526 1241 2581 placuit,
1267 2533 1312 2566 ut
1338 2532 1596 2567 secernerent
1621 2539 1664 2565 se

305 2589 356 2629 ab
379 2589 565 2630 Etruscis
590 2590 808 2643 fidemque,
835 2604 960 2643 quam
979 2589 1253 2643 inplorassent
1274 2588 1326 2629 ab
1345 2587 1559 2636 Romanis,
1585 2586 1664 2640 ipsi

262 2662 280 2691 3
305 2657 569 2703 praestarent.
633 2652 739 2692 unde
776 2666 869 2693 cum
906 2665 1152 2705 responsum
1189 2650 1357 2690 allatum
1394 2655 1521 2698 esset,
1564 2647 1663 2688 nihil

307 2726 404 2751 suae
430 2714 644 2765 potestatis
677 2727 786 2762 esse,
825 2713 1026 2754 Etruscos
1057 2712 1220 2753 moenia
1250 2711 1540 2764 custodiasque
1569 2723 1662 2764 por-
