1780 3204
373 275 525 310 LIBER
550 274 661 318 vm,
687 274 740 308 28.
761 274 814 308 ⁶29.
842 275 889 317 [a.
907 271 1034 307 0326.
1053 273 1136 316 325]
1349 263 1431 306 427

86 397 191 437 quae
227 388 340 422 aetas
377 380 590 432 formaque
626 377 947 418 misericordiam
984 376 1128 417 elicere
1163 382 1338 431 poterat,
1383 376 1435 418 ad

84 445 296 486 libidinem
321 449 360 483 et
386 440 675 483 contumeliam
700 440 881 480 animum
906 439 1190 479 accenderunt.
1229 445 1273 479 ut
1292 439 1433 479 florem

86 507 229 548 aetatis
256 506 343 546 eius
369 504 548 545 fructum
574 502 850 543 adventicium
876 501 1018 542 crediti
1037 507 1168 550 ratus,
1193 501 1325 555 primo
1345 516 1435 555 pcr-

86 570 206 609 licere
244 567 548 608 adulescentem
585 579 771 605 sermone
807 564 965 604 incesto
1002 570 1064 604 est
1095 570 1284 613 conatus3
1327 564 1433 613 dein,

85 637 305 685 postquam
335 627 661 683 aspernabantur
690 626 892 681 flagitium
925 640 1061 674 aures,
1100 626 1220 666 minis
1253 625 1435 667 territare

87 699 208 746 atque
240 691 463 732 identidem
494 689 712 730 admonere
744 688 951 737 fortunae3
988 694 1214 742 postremo,
1252 703 1344 729 cum
1375 688 1436 728 in—

85 753 304 809 genuitatis
341 752 473 806 magis
510 766 634 804 quam
670 750 896 804 praesentis
930 750 1180 791 condicionis
1212 765 1435 791 memorem

85 816 259 863 videret,
286 814 432 854 nudari
456 813 569 854 iubet
593 812 845 865 verberaque
865 811 1026 852 adferri.
1064 811 1212 865 quibus
1233 812 1434 853 laceratus

86 877 244 918 iuvenis
272 891 364 917 cum
391 891 434 917 se
464 876 506 916 in
536 875 748 930 publicum
778 875 1065 929 proripuisset,
1103 874 1315 916 libidinem
1346 890 1437 916 cru-

85 938 373 991 delitatemque
410 953 664 991 conquerens
703 937 990 994 faeneratoris,
1028 936 1175 991 ingens
1206 937 1269 978 vis
1306 936 1436 977 homi-

84 1015 183 1039 num
220 1015 313 1040 cum
350 1000 493 1040 aetatis
531 999 791 1040 miseratione
829 1005 950 1051 atque
987 998 1231 1053 indignitate
1264 999 1435 1039 iniuriae

85 1076 274 1111 accensa,
319 1070 406 1102 tum
443 1077 541 1102 suae
578 1061 828 1102 condicionis
866 1060 1123 1113 liberumque
1162 1075 1330 1101 suorum
1373 1076 1436 1101 re-

85 1133 245 1177 spectu,
272 1124 314 1163 in
334 1123 467 1164 forum
489 1130 610 1176 atque
635 1123 729 1163 iude
755 1123 918 1176 agmine
944 1121 1054 1162 facto
1081 1122 1133 1162 ad
1158 1122 1313 1162 curiam
1339 1136 1435 1162 con-

83 1185 226 1234 currit3
254 1193 309 1234 ct,
338 1200 431 1226 cum
451 1185 640 1225 consules
662 1184 841 1224 tumultu
860 1183 1071 1237 repentino
1091 1184 1221 1224 coacti
1247 1190 1433 1224 senatum

82 1255 295 1296 vocarent,
327 1246 626 1288 introeuntibus
652 1247 693 1286 in
719 1245 874 1286 curiam
904 1244 1089 1299 patribus
1120 1245 1344 1291 laceratum
1375 1245 1436 1285 iu-

83 1309 197 1349 venis
229 1315 389 1363 tergum
420 1307 737 1363 procumbentes
770 1307 822 1348 ad
854 1307 1110 1361 singulorum
1140 1307 1267 1361 pedes
1299 1313 1436 1347 osten-

82 1370 234 1411 tabant.
266 1371 420 1410 victum
442 1385 489 1411 eo
510 1370 575 1411 die
595 1369 647 1410 ob
667 1370 918 1424 inpotentem
937 1369 1126 1409 iniuriam
1147 1369 1267 1409 unius
1288 1369 1434 1424 ingens

81 1429 290 1473 vincuhu‘n
320 1432 433 1482 fidei,
474 1433 657 1486 iussique
690 1432 878 1473 consules
911 1431 1016 1472 ferre
1047 1432 1100 1472 ad
1128 1432 1346 1486 populum,
1384 1448 1434 1472 nc

81 1495 192 1548 quis,
224 1494 304 1535 nisi
329 1495 399 1548 qui
424 1510 574 1536 noxam
599 1495 834 1544 meruisset,
867 1495 997 1535 donec
1021 1509 1197 1549 poenam
1221 1495 1368 1544 lueret,
1394 1495 1436 1535 in

82 1556 333 1611 conpedibus
360 1564 429 1597 aut
453 1557 494 1597 in
519 1572 643 1598 1101Ὑο
671 1564 885 1606 teneretur,
912 1557 1109 1611 pecuniae
1130 1557 1307 1597 creditae
1326 1556 1433 1597 bona

82 1618 294 1667 debitoris,
338 1634 420 1659 non
456 1634 603 1674 corpus
641 1619 864 1660 obnoxium
902 1625 1022 1660 esset.
1076 1619 1132 1659 ita
1168 1619 1263 1659 nexi
1300 1618 1433 1667 soluti,

83 1687 330 1734 cautumque
355 1681 396 1721 in
421 1688 650 1736 posterum,
676 1697 727 1722 ne
752 1688 1020 1722 necterentur.

165 1742 408 1783 XXVIIII.
457 1743 619 1783 Eodem
639 1759 745 1784 anno
765 1758 859 1784 cum
879 1743 977 1783 satis
996 1757 1069 1796 per
1089 1756 1133 1782 se
1157 1742 1292 1796 ipsum
1316 1740 1435 1783 Sam-

83 1804 228 1844 uitium
252 1804 405 1844 bellum
432 1811 471 1844 et
496 1805 670 1845 defectio
696 1820 842 1859 repens
867 1805 1133 1845 Lucanorum
1165 1810 1434 1856 auctoresque

82 1866 324 1906 defectionis
344 1865 555 1906 Tarentini
575 1866 768 1906 sollicitos
788 1865 986 1907 haberent
1009 1873 1163 1919 patres,
1191 1865 1365 1906 accessit
1389 1872 1433 1905 ut

82 1935 123 1968 ct
147 1927 345 1968 Vestinus
375 1927 552 1982 populus
587 1926 842 1968 Samnitibus
875 1942 964 1969 sese
995 1928 1272 1982 coniungeret.
1328 1942 1432 1980 quae

82 2004 146 2030 res
191 1989 295 2029 sicut
336 2004 383 2029 eo
427 2004 532 2029 anno
570 1988 825 2030 sermonibus
862 1989 994 2043 magis
1030 1989 1186 2043 passim
1222 1989 1434 2029 hominum

85 2052 235 2092 iactata
260 2066 383 2104 quam
408 2051 450 2091 in
473 2050 638 2105 publico
663 2051 745 2091 ullo
777 2051 948 2092 concilio
980 2058 1058 2101 est,
1096 2051 1152 2092 ita
1182 2051 1434 2105 insequentis

1460 702 1480 731 4

1461 827 1480 856 5

1461 950 1478 979 6

1463 1198 1478 1226 λ1

1459 1940 1476 1969 [0

83 2113 179 2153 anni
211 2113 466 2162 consulibus,
504 2113 556 2153 L.
589 2112 714 2153 Furio
748 2112 922 2154 Camillo
952 2114 1117 2163 iterum,
1154 2113 1275 2154 Iunio
1305 2113 1463 2155 Bruto'

86 2175 288 2224 Scaevae,
321 2175 432 2216 nulla
462 2175 572 2229 prior
595 2175 808 2229 potiorque
833 2176 922 2216 visa
947 2182 1026 2225 est,
1059 2176 1109 2216 de
1136 2191 1215 2230 qua
1241 2176 1293 2216 ad
1319 2191 1436 2217 sena-

83 2245 170 2278 tum
201 2237 410 2278 referrent.
467 2244 505 2277 et
530 2252 779 2290 quamquam
805 2253 912 2278 nova
937 2253 1000 2279 res
1027 2244 1129 2287 erat,
1162 2245 1299 2279 tamen
1323 2244 1436 2279 tanta

83 2313 181 2339 cura
204 2305 340 2353 patres
366 2299 550 2348 incessit,
577 2306 622 2339 ut
641 2299 792 2353 pariter
811 2314 901 2340 eam
928 2307 1161 2354 susceptam
1186 2300 1435 2355 neglectam-

83 2375 162 2413 que
188 2361 393 2410 timerent,
419 2375 470 2401 ne
496 2367 565 2401 aut
587 2360 793 2415 inpunitas
814 2376 953 2402 eorum
972 2362 1141 2402 lascivia
1161 2361 1434 2416 superbiaque

83 2430 153 2462 aut
178 2422 284 2463 bello
309 2437 465 2476 poenae
492 2423 694 2476 expetitae
718 2429 830 2463 metu
855 2424 1083 2478 propinquo
1110 2430 1230 2477 atque
1254 2424 1314 2464 ira
1339 2439 1435 2464 con-

83 2485 209 2524 cirent
230 2484 423 2525 finitimos
444 2485 631 2539 populos.
675 2491 713 2525 et
733 2491 817 2524 erat
837 2500 968 2540 genus
995 2500 1113 2526 omne
1139 2485 1301 2526 abunde
1326 2484 1433 2526 bello

86 2545 340 2587 Samnitibus
365 2561 451 2600 par,
477 2546 610 2586 Marsi
628 2546 897 2601 Paelignique
923 2557 963 2587 et
980 2546 1225 2588 Marrucini:
1252 2562 1373 2600 quos,
1400 2548 1435 2588 si

84 2607 281 2649 Vestinus
302 2609 579 2664 attingeretur,
607 2624 748 2649 omnes
768 2609 979 2650 habendos
998 2609 1151 2650 hostes.
1183 2609 1280 2649 vicit
1298 2616 1433 2650 tamen
1462 2624 1472 2637 ³

83 2685 195 2724 pars,
223 2685 327 2723 quae
353 2670 393 2710 in
418 2670 649 2725 praesentia
674 2671 801 2711 videri
826 2671 958 2724 potuit
983 2671 1146 2711 maioris
1167 2671 1290 2711 animi
1310 2686 1432 2724 quam

83 2733 259 2782 consilii3
286 2733 357 2773 sed
377 2740 546 2774 eventus
567 2732 703 2773 docuit
723 2732 849 2774 fortes
870 2732 1076 2774 fortunam
1095 2733 1246 2774 iuvare.
1279 2732 1429 2774 bellum

1458 2500 1476 2528 et

1459 2634 1478 2652 .)

1459 2748 1476 2776 o·
