1835 3226
275 250 358 291 232
540 253 695 289 LIBER
718 252 813 297 ΗΠ,
839 251 985 285 41—43.
1014 255 1062 296 [a.
1076 263 1110 286 u.
1126 263 1155 287 ο.
1168 252 1365 298 331—333]

270 361 351 401 iam
376 358 519 399 aetatis
546 356 806 411 Capitolinus
833 354 1052 408 Quinctius
1080 355 1318 410 suppliciter
1342 371 1482 407 orans,
1508 373 1559 399 ne
1585 374 1629 401 sc

270 420 384 461 brevi
417 419 575 472 reliquo
611 418 719 459 vitae
757 418 890 472 spatio
921 424 1004 458 tam
1035 417 1192 459 tristem
1223 418 1412 459 nuntium
1442 419 1549 461 ferre
1579 421 1632 462 ad

272 482 562 524 Cincinnatum
588 488 836 536 paterentur.

229 560 242 588 1
354 543 608 584 XXXXIL
663 543 790 584 Plebs
815 542 1000 584 tribunos
1026 543 1138 598 plebi
1162 543 1354 585 absentes
1382 543 1481 586 Sex.
1507 544 1632 586 Tem-

271 605 459 661 panium,
485 603 540 646 A.
569 603 762 655 Sellium,
791 603 889 646 Sex.
910 604 1142 646 Antistium
1167 612 1207 646 et
1233 604 1307 661 Sp.
1333 606 1496 647 Icilium
1520 607 1631 656 feeit,

271 683 374 722 quos
401 673 441 708 et
464 682 538 722 pro
563 667 870 708 centurionibus
897 667 975 708 sibi
993 667 1276 722 praefecerant
1289 667 1518 723 Tempanio
1537 684 1633 710 auc-

227 746 244 773 2
271 738 357 771 tore
378 729 549 783 equites.
583 735 762 779 senatus,
784 744 878 770 cum
899 729 993 770 odio
1010 728 1230 784 Semproni
1249 730 1463 771 consulare
1482 745 1633 772 nomen

271 792 515 841 offenderet,
541 790 728 832 tribunos
754 791 931 832 militum
954 791 1160 832 consulari
1178 798 1381 847 potestate
1401 792 1529 833 creari
1548 792 1633 834 ius-

271 855 334 896 sit.
385 853 509 894 creati
535 860 629 894 sunt
652 853 706 894 L.
727 853 911 895 Manlius
933 852 1210 909 Capitolinus,
1238 853 1291 907 Q.
1312 853 1520 896 Antonius
1539 853 1634 895 Me-

271 916 416 966 renda,
441 916 495 956 L.
514 915 707 970 Papirius
727 915 985 971 Mugilanus.

228 992 246 1020 3
357 977 566 1032 Principio
599 978 737 1019 statim
773 978 871 1019 anni
900 978 954 1019 L.
986 977 1238 1020 Hortensius
1275 978 1464 1020 tribunus
1500 978 1633 1034 plebis

275 1040 324 1082 C.
349 1039 595 1095 Sempronio
621 1040 780 1081 consuli
804 1041 899 1081 anni
924 1041 1070 1095 prioris
1095 1041 1204 1081 diem
1230 1041 1344 1082 dixit.
1390 1056 1514 1095 quem
1540 1056 1632 1082 cum

273 1108 466 1156 quattuor
491 1102 676 1157 collegae
700 1103 956 1157 inspectante
982 1102 1135 1157 populo
1159 1103 1352 1144 Romano
1378 1109 1557 1152 orarent,
1583 1117 1634 1143 ne

272 1165 564 1219 imperatorem
585 1179 705 1204 suum
724 1164 950 1214 innoxium,
970 1165 1012 1205 in
1032 1179 1114 1218 quo
1133 1165 1234 1205 nihil
1253 1172 1414 1219 praeter
1427 1165 1634 1206 fortunam

227 1241 248 1268 4
272 1225 516 1281 reprehendi
533 1232 686 1280 posset,
712 1233 893 1275 vexaret,
920 1241 1041 1281 aegre
1061 1226 1311 1267 Hortensius
1331 1227 1434 1281 pati,
1461 1233 1635 1280 tempta-

273 1288 427 1329 tionem
452 1301 543 1328 eam
563 1287 733 1328 credens
757 1302 848 1329 esse
868 1288 1197 1342 perseverantiae
1217 1303 1328 1337 suae,
1349 1303 1425 1328 nec
1443 1287 1633 1342 precibus

273 1349 549 1399 tribunorum,
582 1364 687 1403 quac
712 1350 754 1390 in
780 1350 959 1404 speeiem
984 1351 1107 1391 modo
1132 1350 1349 1399 iactentur,
1383 1350 1457 1390 sed
1480 1349 1634 1390 auxilio

230 1427 248 1456 5
275 1412 479 1453 confidere
509 1426 637 1452 reum.
686 1412 824 1466 itaque
856 1412 978 1453 modo
1010 1412 1062 1453 ad
1087 1427 1181 1453 eum
1207 1427 1449 1461 conversus,
1481 1411 1552 1452 ubi
1578 1411 1635 1451 illi

274 1474 434 1528 patricii
455 1474 640 1528 spiritus,
665 1473 738 1514 ubi
758 1474 958 1515 subnixus
979 1481 1017 1515 et
1037 1474 1168 1515 fidens
1193 1474 1448 1515 innocentiae
1474 1473 1634 1515 animus

276 1541 403 1585 esset,
430 1535 671 1589 quaerebat:
705 1535 781 1576 sub
807 1535 1025 1577 tribunicia
1049 1536 1195 1577 umbra
1220 1536 1477 1577 consularem
1502 1536 1634 1576 virum

234 1612 251 1641 6
278 1598 489 1638 delituisse
499 1613 509 1647 ;
535 1597 658 1637 modo
685 1598 737 1638 ad
756 1597 955 1652 collegas:
983 1602 1076 1639 ‘vos
1097 1604 1251 1647 autem,
1279 1598 1314 1639 si
1332 1612 1448 1638 reum
1467 1613 1633 1653 perago,

276 1660 375 1713 quid
399 1659 530 1700 acturi
549 1659 673 1700 estis?
697 1674 750 1699 an
769 1660 947 1714 erepturi
971 1659 1035 1700 ius
1060 1660 1213 1714 populo
1238 1666 1278 1700 et
1302 1660 1485 1701 eversuri
1509 1660 1635 1701 tribu-

232 1737 247 1764 7
275 1722 424 1762 niciam
449 1727 694 1775 potestatem
719 1719 954 1776 pl[ebeii]‘?’
986 1736 1081 1762 eum
1105 1722 1163 1762 illi
1188 1728 1227 1762 et
1253 1722 1303 1762 de
1325 1720 1570 1776 Sempronio
1596 1728 1635 1762 et

276 1785 327 1824 de
352 1783 543 1825 omnibus
564 1798 766 1824 summam
787 1783 928 1837 populi
942 1783 1122 1824 Romani
1139 1790 1386 1838 potestatem
1411 1798 1503 1824 esse
1529 1783 1638 1824 diee-

276 1852 383 1895 rent‚
421 1860 498 1886 nec
529 1859 573 1886 se
603 1845 801 1885 iudicium
831 1845 974 1899 populi
1004 1845 1145 1886 tollere
1176 1852 1247 1886 aut
1270 1845 1374 1886 velle
1400 1851 1471 1885 aut
1493 1859 1637 1900 posse3

279 1908 353 1949 sed
379 1907 413 1949 si
435 1922 579 1963 preces
606 1922 706 1949 suae
729 1922 804 1962 pro
829 1908 1094 1963 imperatore,
1124 1907 1195 1962 qui
1220 1907 1299 1949 sibi
1321 1908 1501 1962 parentis
1527 1914 1637 1949 esset

232 1982 250 2012 S
277 1970 386 2019 loeo,
418 1985 502 2011 non
526 1969 770 2019 valuissent,
804 1984 848 2010 se
872 1976 1031 2010 vestem
1062 1984 1156 2010 cum
1187 1984 1235 2010 eo
1266 1976 1512 2010 mutaturos:
1549 1976 1636 2010 tuni

278 2031 530 2073 Hortensius
557 2035 658 2073 ‘non
681 2031 854 2072 videbit'
879 2031 1011 2085 inquit
1037 2031 1172 2086 ‘plebs
1191 2031 1380 2072 Romana
1405 2031 1635 2072 sordidatos

278 2094 464 2135 tribunos
497 2108 607 2135 suos.
659 2092 708 2135 C.
737 2092 1029 2148 Sempronium
1059 2093 1161 2134 nihil
1185 2108 1339 2143 moror,
1371 2093 1535 2147 quando
1560 2093 1639 2134 hoc

279 2162 342 2197 est
370 2156 412 2196 in
443 2156 614 2211 imperio
644 2162 910 2205 consecutus,
946 2162 992 2196 ut
1022 2162 1106 2196 tam
1137 2170 1255 2197 carus
1281 2162 1391 2197 esset
1415 2154 1638 2196 militibus?

235 2232 252 2261 9
278 2233 354 2259 nee
377 2218 508 2273 pietas
536 2224 728 2272 quattuor
751 2218 1008 2259 tribunorum
1033 2232 1156 2272 quam
1170 2218 1370 2259 Hortensi
1394 2224 1477 2258 tam
1501 2217 1639 2272 placa-

279 2281 360 2322 bile
391 2281 444 2322 ad
473 2281 603 2322 iustas
633 2295 778 2336 preces
808 2281 1020 2336 ingenium
1050 2281 1202 2335 pariter
1230 2280 1342 2335 plebi
1371 2279 1640 2335 patribusque

281 2343 438 2398 gratius
465 2343 554 2384 fuit.

221 2419 258 2446 lo
365 2406 459 2446 Non
495 2406 650 2447 diutius
687 2405 854 2447 fortuna
883 2405 1044 2460 Aequis
1076 2406 1263 2455 indulsit,
1301 2406 1371 2460 qui
1402 2405 1639 2461 ambiguam

283 2468 496 2508 victoriam
522 2467 771 2509 Volscorum
795 2483 870 2523 pro
897 2483 971 2509 sua
996 2468 1175 2523 amplexi
1199 2468 1373 2509 fuerant.

243 2543 253 2569 1
366 2530 641 2571 XXXXIII.
701 2530 898 2572 Proximo
934 2545 1040 2572 anno
1076 2530 1127 2572 N.
1164 2530 1295 2572 Fabio
1326 2530 1550 2579 Vibulano,
1590 2529 1638 2570 Τ.

285 2590 478 2643 Quinctio
499 2592 724 2648 Capitolini
748 2593 831 2634 filio
853 2593 1088 2648 Capitolino
1114 2593 1351 2634 consulibus
1377 2594 1504 2634 ductu
1521 2591 1638 2639 Fabi,

285 2653 348 2692 cui
381 2661 487 2694 sorte
519 2670 567 2696 ea
596 2655 809 2710 provincia
838 2662 1048 2705 evenerat,
1086 2655 1186 2696 nihil
1217 2655 1387 2710 dignum
1413 2659 1638 2695 memoratu

242 2726 259 2754 ‘2
286 2720 432 2754 aetum.
483 2731 576 2757 eum
607 2717 809 2772 trepidam
840 2724 999 2759 tantum
1031 2717 1307 2759 ostendissent
1333 2716 1461 2757 aciem
1486 2713 1637 2767 Aequi,
