1780 3204
474 257 628 292 LIBER
652 257 727 302 ΠΙ,
752 258 806 291 56.
822 256 875 291 57.
904 259 950 301 [a.
968 256 1005 291 c,
1023 257 1104 301 449]
1385 248 1464 288 177

113 364 310 405 vindiciae
336 376 465 417 nuper
490 361 541 403 ab
567 361 752 403 libertate
783 362 915 402 (lictae
947 368 1079 411 erant,
1118 361 1324 402 silentium
1354 360 1464 402 fecit.

110 434 150 467 et
173 426 272 466 dum
296 440 370 480 pro
397 439 440 465 se
466 425 639 477 quisque
666 424 764 465 deos
791 424 956 465 tandem
981 438 1071 465 esse
1090 431 1130 464 et
1147 439 1230 465 non
1247 423 1466 479 neglegere
1493 438 1510 467 7

109 488 289 528 humana
319 487 499 528 fremunt
530 493 570 527 et
607 486 822 541 superbiae
859 486 1188 539 crudelitatique,
1227 486 1304 526 etsi
1340 500 1465 547 seras,

109 565 191 591 non
215 549 326 590 leves
353 555 490 589 tamen
514 548 652 589 venire
676 563 830 602 poenas
840 566 851 598 3
887 563 1130 603 provocare,
1168 547 1239 601 qui
1268 562 1466 602 provoca·
1491 560 1510 590 8

111 612 263 652 tionem
300 610 554 660 sustulisset,
600 617 640 651 et
674 610 878 664 inplorare
913 610 1165 664 praesidium
1200 609 1360 664 populi,
1397 610 1468 663 qui

111 673 247 713 omnia
276 673 365 713 iura
400 672 542 726 populi
578 672 788 722 obtrisset,
824 672 994 727 rapique
1029 672 1072 712 in
1107 672 1242 712 vincla
1278 678 1467 727 egentem

110 735 196 775 iure
220 734 438 783 libertatis,
477 734 547 787 qui
571 733 746 774 liberum
771 749 919 788 corpus
944 733 986 774 in
1019 734 1257 775 servitutem
1286 732 1467 774 addixis-

111 803 190 838 set:
216 796 346 851 ipsius
366 795 493 850 Appi,
520 796 625 836 inter
643 796 844 837 contionis
870 811 1055 836 murmur
1078 795 1201 836 fidem
1220 795 1363 850 populi
1381 795 1467 836 Ro-

110 859 219 899 mani
244 858 496 913 inplorantis,
522 873 604 898 vox
629 857 882 899 audiebatur.
936 857 1138 899 maiorum
1156 858 1300 898 merita
1319 857 1361 897 in
1379 872 1465 898 rem

110 920 317 975 publicam
347 919 458 960 domi
488 919 739 972 militiaeque
771 919 1138 970 commemorabat3
1176 934 1298 960 suum
1321 918 1466 959 infelix

110 996 208 1037 erga
232 980 396 1036 plebem
420 981 653 1022 Romanam
679 981 873 1030 studium,
901 996 981 1034 quo
1001 981 1307 1034 aequandarum
1326 980 1466 1035 legum

110 1057 235 1084 causa
261 1057 354 1083 cum
384 1043 564 1083 maxima
595 1042 821 1084 offensione
850 1049 1014 1097 patrum
1045 1042 1262 1083 consulatu
1292 1041 1464 1091 abisset3

111 1120 206 1146 suas
230 1104 363 1160 leges,
401 1104 549 1158 quibus
576 1104 836 1145 manentibus
861 1105 965 1145 lator
989 1119 1129 1145 earum
1159 1105 1201 1144 in
1233 1104 1368 1144 vincla
1392 1104 1467 1143 du-

109 1174 235 1208 catur.
285 1173 465 1207 ceterum
496 1182 570 1207 sua
600 1167 764 1220 propria
793 1166 902 1207 bona
938 1166 1146 1219 malaque,
1186 1180 1279 1206 cum
1316 1181 1466 1207 causae

109 1229 305 1269 dicendae
336 1229 432 1268 data
461 1228 634 1269 facultas
662 1229 731 1277 sit,
768 1234 856 1268 tum
887 1243 930 1269 se
957 1234 1239 1282 experturum3
1276 1228 1319 1268 in
1348 1243 1468 1283 prae-

109 1290 239 1330 sentia
264 1304 307 1330 se
333 1290 540 1330 communi
559 1290 646 1330 iure
666 1290 842 1330 civitatis
864 1290 997 1330 civem
1016 1290 1251 1331 Romanum
1272 1291 1337 1331 die
1357 1290 1467 1332 dicta

107 1351 327 1405 postulare,
353 1357 398 1391 ut
423 1351 557 1392 dicere
582 1351 714 1400 liceat,
741 1358 785 1392 ut
809 1351 1007 1392 iudicium
1031 1353 1173 1407 populi
1192 1352 1372 1394 Romani
1396 1368 1467 1394 ex-

106 1412 239 1467 periri.
287 1427 370 1453 non
394 1412 451 1454 ita
476 1427 519 1454 sc
544 1413 741 1454 invidiam
765 1414 1039 1468 pertimuisse,
1066 1422 1111 1455 ut
1135 1414 1236 1455 nihil
1260 1415 1301 1455 in
1327 1415 1467 1469 aequi-

106 1481 188 1515 tate
213 1481 252 1516 et
277 1475 556 1516 misericordia
581 1476 732 1517 civium
765 1491 933 1517 suorum
965 1477 1053 1531 spei
1082 1476 1244 1518 habeat.
1295 1478 1407 1531 quod
1432 1478 1465 1518 si

106 1537 259 1578 indicta
283 1551 408 1578 causa
432 1537 473 1577 in
498 1538 634 1578 vincla
659 1538 849 1588 ducatur,
876 1539 1023 1579 iterum
1049 1553 1092 1580 se
1119 1539 1306 1581 tribunos
1331 1539 1466 1594 plebei

107 1598 311 1653 appellare
336 1605 376 1640 et
400 1614 584 1649 monere,
622 1615 673 1640 ne
698 1600 908 1640 imitentur
931 1615 1036 1653 quos
1069 1601 1240 1642 oderint.
1290 1602 1401 1655 quod
1432 1602 1465 1642 si

107 1661 258 1701 tribuni
282 1661 428 1702 eodem
452 1661 617 1702 foedere
644 1662 847 1718 obligatos
874 1677 918 1704 se
942 1663 1149 1705 fateantur
1174 1664 1376 1705 tollendae
1397 1674 1467 1718 ap-

109 1722 336 1776 pellationis
363 1737 505 1772 causa,
542 1724 581 1764 in
609 1739 733 1777 quam
759 1724 1018 1778 conspirasse
1044 1725 1300 1767 decemviros
1332 1725 1467 1766 crimi-

110 1783 192 1823 nati
217 1783 315 1832 sint,
342 1794 382 1824 at
408 1799 452 1825 se
476 1799 698 1839 provocare
724 1786 776 1826 ad
801 1785 1020 1839 populum,
1047 1786 1251 1840 inplorare
1276 1787 1390 1841 leges
1415 1786 1465 1826 de.

109 1844 398 1898 provocatione
441 1852 481 1885 et
523 1846 759 1886 consulares
797 1854 837 1887 et
872 1845 1111 1888 tribunicias
1148 1861 1195 1888 eo
1231 1847 1323 1901 ipso
1359 1862 1466 1888 anno

114 1907 228 1946 latas.
276 1919 399 1959 quem
430 1907 537 1947 enim
568 1916 904 1961 provocaturum,
949 1909 983 1949 si
1019 1908 1097 1949 hoc
1132 1909 1369 1950 indemnato
1405 1909 1466 1949 in-

111 1968 220 2008 dicta
249 1981 375 2008 causa
404 1983 486 2009 non
515 1968 658 2009 liceat?
694 1970 760 2010 cui
790 1969 951 2024 plebeio
977 1977 1016 2011 et
1041 1970 1185 2011 humili
1215 1971 1464 2025 praesidium

110 2030 151 2070 in
175 2028 337 2084 legibus
363 2029 463 2080 fore,
491 2031 525 2071 si
549 2030 631 2085 Ap.
648 2030 823 2072 Claudio
849 2047 931 2073 non
957 2032 1033 2073 sit?
1064 2047 1106 2073 se
1132 2033 1378 2074 documento
1402 2033 1468 2074 fu-

112 2099 266 2141 turum,
298 2099 434 2132 utrum
458 2093 575 2133 novis
601 2092 763 2148 legibus
790 2094 1012 2135 dominatio
1038 2110 1090 2135 an
1114 2094 1281 2136 libertas
1306 2095 1467 2136 firmata

112 2153 164 2193 sit
199 2160 239 2193 et
269 2153 488 2208 appellatio
518 2155 838 2208 provocatioque
874 2156 1072 2197 adversus
1109 2156 1299 2197 iniuriam
1336 2157 1478 2212 magi--

73 2227 75 2229 ’
112 2220 313 2255 stratuum
334 2222 537 2256 ostentata
549 2223 708 2257 tantum
728 2217 917 2258 inanibus
937 2218 1080 2259 litteris
1101 2234 1153 2258 an
1172 2233 1266 2259 vere
1286 2219 1381 2259 data
1401 2219 1463 2259 sit.

1497 1181 1534 1209 10

1495 1491 1531 1519 11

1497 1616 1532 1643 1³2

1495 1923 1532 1952 13

196 2276 337 2318 LVII.
388 2276 544 2318 Contra
574 2293 622 2319 ea
647 2278 870 2334 Verginius
902 2295 1029 2320 unum
1060 2280 1143 2335 Ap.
1172 2280 1394 2321 Claudium
1425 2288 1465 2321 et
1493 2296 1506 2323 1

111 2338 249 2393 legum
275 2346 484 2393 expertem
509 2347 548 2381 et
573 2341 703 2383 cixdlis
735 2348 774 2382 et
803 2342 972 2382 humani
997 2342 1174 2383 foederis
1202 2357 1294 2384 esse
1319 2341 1464 2384 aiebat.

111 2400 359 2454 respicerent
378 2400 554 2442 tribunal
573 2402 773 2452 homines,
800 2404 1014 2444 castellum
1039 2404 1222 2445 omnium
1248 2404 1461 2454 scelerum,
1492 2418 1509 2446 2

111 2461 182 2502 ubi
207 2462 414 2503 decemvir
430 2463 497 2504 ille
522 2474 756 2518 perpetuus,
782 2465 915 2515 bonis,
942 2472 1071 2521 tergo,
1098 2467 1290 2522 sanguini
1314 2466 1465 2507 civium

111 2523 298 2574 infestus,
325 2524 463 2579 virgas
490 2539 736 2580 securesque
762 2527 951 2568 omnibus
971 2528 1176 2578 minitans,
1203 2529 1375 2569 deorum
1393 2528 1466 2570 ho-

112 2585 350 2640 minumque
375 2594 648 2642 contemptor,
680 2588 959 2638 carnificibus,
990 2604 1073 2630 non
1097 2589 1308 2631 lictoribus
1340 2590 1465 2645 stipa-

112 2655 189 2696 tus,
215 2647 297 2688 iam
322 2648 374 2690 ab
398 2650 550 2704 rapinis
577 2658 617 2691 et
641 2651 836 2692 caedibus
862 2651 1000 2693 animo
1025 2652 1078 2693 ad
1100 2652 1312 2694 libidinem
1343 2667 1464 2694 verso

112 2709 312 2765 virginem
342 2711 563 2767 ingenuam
594 2714 636 2753 in
666 2713 795 2755 oculis
826 2714 968 2769 populi
997 2714 1175 2756 Romani
1209 2714 1322 2756 velut
1357 2714 1465 2757 bello

181 2788 242 2815 Liri
263 2788 315 2815 col.
332 2788 351 2815 1.
1194 2781 1236 2814 12

1491 2541 1510 2569 3
