1780 3204
398 259 552 295 LIBER
576 259 683 303 vm,
710 259 764 293 30.
781 258 835 292 31.
864 260 912 302 [a.
927 257 1099 302 e.325s4]
1344 248 1427 290 429

76 367 209 410 tuerit.
245 381 327 407 non
352 365 436 405 dux
460 364 594 413 militi,
620 378 703 404 non
727 362 843 403 miles
869 362 963 403 duci
983 362 1124 403 defuit.
1163 376 1287 416 eques
1308 362 1429 403 etiam
1456 372 1474 402 6

76 436 240 470 auctore
259 429 312 469 L.
325 427 514 468 Cominio
535 425 695 467 tribuno
714 425 901 474 militum,
922 425 992 478 qui
1011 425 1254 478 aliquotiens
1274 424 1430 478 impetu

76 498 195 545 capto
231 503 494 545 perrumpere
530 503 612 528 non
647 494 805 542 poterat
836 487 1017 528 hostium
1048 502 1214 542 agmen,
1255 487 1430 527 detraxit

74 553 214 594 frenos
247 552 362 605 equis
395 558 516 604 atque
547 550 603 591 ita
628 550 851 590 concitatos
884 549 1111 590 calcaribus
1143 550 1347 604 permisit,
1387 555 1430 589 ut

77 615 277 656 sustinere
303 628 372 654 eos
404 612 515 653 nulla
544 612 606 652 vis
637 618 789 666 posset.
838 626 911 665 per
940 627 1071 660 arma,
1108 627 1181 666 per
1210 612 1318 652 viros
1349 611 1429 652 late

78 684 257 731 stragem
277 675 438 716 dedere.
483 681 647 715 secutus
672 674 798 728 pedes
823 673 1023 728 impetum
1048 673 1230 726 equitum
1256 673 1428 714 turbatis
1456 687 1472 716 7

76 737 264 778 hostibus
289 736 423 777 intulit
449 736 579 790 signa.
633 735 780 790 viginti
804 735 916 775 milia
939 735 1119 776 hostium
1146 750 1265 776 caesa
1291 750 1338 776 eo
1364 735 1429 775 die

76 799 302 839 traduntur.
363 804 548 838 auctores
579 796 730 846 habeo,
767 796 830 838 bis
862 811 955 837 cum
985 797 1102 838 hoste
1128 797 1247 852 signa
1271 796 1431 837 conlata

75 861 271 901 dictatore
297 859 483 908 absente,
510 859 572 899 bis
598 874 684 899 rem
710 859 873 913 egregie
893 865 1065 913 gestam.
1103 859 1212 913 apud
1232 858 1430 911 antiquis-

76 922 200 962 simos
228 921 444 976 scriptores
471 936 551 961 una
575 920 676 961 haee
700 935 842 975 pugna
865 920 1081 970 iuvenitur,
1112 921 1155 960 in
1181 920 1429 973 quibusdam

75 983 290 1023 annalibus
317 990 402 1023 tota
425 997 490 1023 res
515 982 804 1036 praetermissa
829 989 902 1022 est.
941 982 1137 1037 magister
1156 982 1357 1035 equitum,
1383 988 1428 1022 ut
1453 993 1472 1024 S

75 1059 126 1085 ex
151 1051 263 1085 tanta
283 1045 426 1092 caede,
452 1044 590 1084 multis
609 1044 762 1098 potitus
784 1044 923 1098 spoliis
944 1050 1139 1098 congesta
1158 1044 1200 1084 in
1218 1044 1428 1098 ingentem

74 1120 267 1147 acervum
292 1106 456 1147 hostilia
479 1121 593 1146 arma
617 1105 780 1146 subdito
804 1105 899 1159 igne
932 1105 1225 1153 concremavit,
1259 1120 1332 1145 seu
1356 1120 1429 1145 vo·
1455 1117 1472 1146 9

73 1175 160 1207 tum
179 1168 221 1208 id
241 1167 410 1208 deorum
430 1168 606 1221 cuipiam
626 1167 703 1206 fuit
723 1181 796 1207 seu
815 1166 978 1206 credere
997 1166 1095 1206 libet
1108 1166 1240 1206 Fabio
1259 1167 1427 1215 auctori,

73 1244 122 1270 eo
141 1229 308 1278 factum,
335 1244 386 1270 ne
406 1243 503 1269 suae
521 1228 675 1282 gloriae
695 1228 874 1268 fructum
889 1228 1062 1268 dictator
1080 1234 1242 1282 caperet
1259 1242 1430 1268 nomen-

73 1306 153 1344 que
183 1291 239 1332 ibi
271 1291 463 1331 scriberet
494 1297 562 1330 aut
600 1290 730 1344 spolia
763 1290 806 1330 in
841 1290 1046 1344 triumpho
1082 1289 1217 1330 ferret.
1271 1290 1428 1330 litterae
1458 1304 1496 1332 10

73 1367 235 1406 quoque
261 1353 311 1392 de
336 1367 378 1392 re
402 1366 596 1406 prospere
621 1358 739 1406 gesta
763 1352 816 1392 ad
841 1359 1047 1400 senatum,
1074 1366 1156 1392 non
1181 1352 1233 1392 ad
1258 1352 1429 1392 dictato-

71 1429 158 1455 rem
183 1414 332 1455 missae
358 1420 645 1468 argumentum
671 1414 786 1454 fuere
812 1414 978 1454 minime
1005 1428 1097 1454 eum
1123 1428 1171 1454 eo
1203 1413 1430 1454 eommuni-

73 1477 201 1518 cantis
220 1476 374 1517 laudes.
411 1477 467 1517 ita
487 1483 593 1517 certe
614 1476 787 1517 dictator
805 1476 846 1517 id
865 1476 1021 1517 factum
1046 1476 1220 1530 accepit,
1248 1482 1291 1516 ut
1310 1475 1427 1516 laetis

73 1539 162 1580 aliis
187 1539 356 1579 victoria.
379 1545 496 1593 parta
520 1553 617 1593 prae
638 1553 680 1579 se
699 1539 823 1579 ferret
840 1539 943 1579 iram
963 1538 1262 1591 tristitiamque.
1300 1538 1427 1578 misso
1456 1552 1493 1581 11

71 1601 207 1654 itaque
232 1607 398 1655 repente
425 1607 569 1641 senatu
594 1615 637 1642 se
664 1615 714 1641 ex
740 1601 851 1642 curia
875 1600 1093 1655 proripuit,
1120 1607 1207 1640 tum
1226 1614 1322 1639 vero
1348 1614 1429 1639 non

74 1661 323 1704 Samnitium
352 1663 484 1718 magis
516 1663 699 1718 legiones
731 1678 855 1716 quam
885 1663 1142 1703 maiestatem
1173 1661 1429 1701 dictatoriam

73 1731 113 1765 et
148 1724 406 1778 disciplinam
441 1725 658 1765 militarem
695 1740 718 1765 a
753 1725 950 1779 magistro
988 1724 1171 1776 equitum
1207 1723 1357 1763 vietam
1389 1729 1428 1762 et

73 1801 259 1827 eversam
280 1787 488 1835 dictitans,
516 1787 550 1827 si
568 1787 626 1826 illi
644 1787 796 1840 inpune
818 1793 1001 1840 spretum
1025 1785 1242 1839 imperium
1267 1784 1425 1824 fuisset.

70 1848 209 1900 itaque
240 1847 385 1901 plenus
416 1848 619 1887 minarum
649 1848 814 1900 iraeque
844 1847 1054 1901 profectus
1085 1847 1127 1886 in
1162 1852 1296 1886 castra
1331 1860 1425 1886 cum
1455 1859 1493 1889 12

70 1909 261 1950 maximis
298 1909 511 1950 itineribus
547 1909 666 1958 isset,
709 1923 792 1949 non
827 1916 963 1949 tamen
999 1908 1235 1962 praevenire
1271 1908 1427 1948 famam

71 1971 273 2011 adventus
294 1971 357 2024 sui
376 1971 520 2025 potuit.
557 1978 865 2025 praecurrerant
890 1970 998 2010 enim
1023 1969 1074 2011 ab
1099 1969 1199 2010 urbe
1225 1969 1295 2022 qui
1320 1985 1424 2009 nun-
1455 1984 1492 2013 13

70 2033 235 2081 tiarent,
269 2032 506 2073 dictatorem
532 2033 698 2073 avidum
723 2047 880 2086 poenae
906 2032 1061 2082 venire,
1099 2031 1263 2072 alteruis
1295 2045 1425 2086 paene

70 2094 206 2135 verbis
233 2095 283 2135 T.
309 2095 457 2135 Manlii
481 2095 635 2136 factum
659 2095 907 2136 laudantem.
1456 2146 1460 2149 ι

154 2156 336 2197 XXXI.
372 2157 527 2198 Fabius
548 2158 735 2198 contione
756 2157 960 2211 extemplo
980 2157 1179 2199 advocata
1198 2155 1425 2197 obtestatus
1455 2171 1469 2200 1

70 2218 220 2259 milites
253 2226 332 2268 est,
368 2226 413 2260 ut
444 2234 525 2273 qua
555 2220 703 2260 virtute
727 2234 813 2260 rem
837 2219 1046 2274 publicam
1069 2218 1121 2260 ab
1145 2218 1425 2259 infestissimis

70 2280 259 2321 hostibus
284 2281 581 2330 defendissent,
610 2282 753 2323 eadem
779 2296 841 2331 se,
868 2282 983 2322 euius
1009 2282 1135 2322 ductu
1160 2280 1425 2335 auspicioque

71 2343 285 2392 vicissent,
334 2343 385 2384 ab
427 2344 625 2398 inpotenti
667 2344 904 2385 erudelitate
941 2343 1147 2384 dictatoris
1184 2350 1423 2383 tutarentur.

70 2404 209 2445 venire
241 2412 445 2445 amentem
474 2406 646 2454 invidia,
684 2406 831 2446 iratum
862 2406 1000 2447 virtuti
1031 2406 1185 2446 alienae
1221 2404 1426 2445 felicitati-
1451 2418 1468 2447 2

71 2480 168 2519 que3
206 2465 358 2515 furere,
397 2467 508 2520 quod
539 2482 582 2508 se
613 2467 781 2509 absente
811 2483 875 2509 res
907 2468 1072 2522 publica
1107 2467 1271 2522 egregie
1306 2472 1426 2521 gesta

71 2536 198 2578 esset3
235 2529 374 2579 malle,
407 2530 441 2570 si
471 2536 629 2571 mutare
659 2530 866 2571 fortunam
890 2537 1046 2585 posset,
1079 2530 1190 2584 apud
1216 2528 1424 2570 Samnites

69 2604 193 2643 quam
207 2591 418 2633 Romanos
432 2593 642 2634 victoriam
663 2608 753 2634 esse
762 2610 772 2642 3
798 2593 1014 2647 imperium
1027 2593 1211 2633 dictitare
1227 2598 1421 2646 spretum,
1448 2605 1467 2635 3

69 2659 279 2707 tamquam
305 2669 387 2695 non
412 2655 556 2696 eadem
580 2662 715 2696 mente
740 2656 915 2710 pugnari
941 2655 1130 2704 vetuerit,
1158 2669 1238 2708 qua
1262 2669 1422 2709 pugna-

70 2720 158 2756 tum
201 2716 348 2758 doleat.
409 2723 449 2759 et
484 2724 580 2758 tune
616 2718 770 2759 invidia
804 2717 987 2773 inpedire
1022 2717 1214 2758 virtutem
1249 2717 1424 2758 alienam
