1835 3226
322 273 404 313 244
609 276 761 310 LIBER
786 276 879 316 IIII,
905 276 958 309 54.
978 275 1031 309 55.
1061 278 1108 320 [a.
1123 287 1156 310 u.
1172 276 1290 311 e.345.
1305 278 1387 322 346]

321 382 538 423 multarum
558 393 883 435 magnarumque
902 394 1037 420 rerum
1060 380 1209 421 molem
1230 380 1470 421 avidissimo
1490 382 1592 423 adeo
1606 398 1679 438 po-

278 461 295 486 .·›
322 443 416 498 pulo
442 448 694 483 ostentantes
721 466 792 490 -—,
819 456 913 482 cum
939 442 1244 490 adfirmassent,
1278 442 1377 482 nihil
1411 457 1454 483 se
1481 450 1676 494 moturos,

322 507 356 546 si
375 519 425 545 ne
445 504 688 557 quaestoriis
708 504 875 557 quidem
896 504 1085 554 comitiis,
1111 519 1217 558 quae
1238 504 1324 546 sola
1342 505 1577 558 promiscua
1595 506 1680 560 ple-

322 567 387 608 bei
412 565 679 620 patribusque
703 566 937 620 reliquisset
962 573 1142 616 senatus,
1171 567 1269 608 satis
1295 567 1421 608 animi
1444 567 1598 622 populo
1617 582 1680 608 es-

278 646 294 672 «j
323 636 383 670 set
409 628 460 668 ad
485 628 545 676 id,
578 628 689 681 quod
715 634 798 668 tam
824 628 894 668 diu
919 628 1069 669 vellent
1095 635 1135 669 ct
1159 643 1233 683 per
1256 628 1547 683 leges-liceret.
1607 644 1680 684 pro

322 690 477 745 ingenti
507 689 645 743 itaque
677 690 845 730 victoria
881 690 922 730 id
953 690 1031 730 fuit
1061 690 1172 745 plebi
1208 697 1553 744 quaesturamque
1591 705 1680 732 eam

322 768 402 793 non
422 752 587 792 honoris
608 751 738 806 ipsius
758 751 838 792 fine
858 752 1145 802 aestimabant,
1174 753 1247 793 sed
1266 752 1497 807 patefactus
1519 752 1571 793 ad
1584 767 1681 794 con-

322 814 499 855 sulatum
531 828 578 854 ae
609 814 839 868 triumphos
870 814 986 855 locus
1023 815 1141 855 novis
1179 814 1415 856 hominibus
1453 814 1679 856 videbatur.

279 891 292 918 ῖ
320 883 455 930 patres
481 882 622 917 contra
646 891 729 917 non
753 891 826 930 pro
852 876 1184 925 communicatis,
1218 877 1292 917 sed
1316 891 1389 931 pro
1421 876 1584 917 amissis
1609 876 1682 917 ho-

321 937 488 979 noribus
515 937 706 988 sremere3
744 953 913 993 negare,
953 939 987 979 si
1013 953 1061 978 ea
1085 938 1142 979 ita
1168 938 1267 988 sint,
1305 938 1454 979 liberos
1481 938 1680 979 tollendos

321 1015 424 1050 esse,
451 1000 521 1053 qui
545 1000 654 1054 pulsi
679 1000 879 1041 maiorum
904 1001 995 1042 loeo
1021 1008 1316 1054 cernentesque
1337 1001 1438 1042 alios
1458 1001 1498 1041 in
1517 1015 1682 1055 posses-

323 1063 434 1102 sione
461 1062 670 1117 dignitatis
698 1077 796 1104 suae
824 1063 913 1103 salii
938 1063 1208 1116 flaminesque
1233 1077 1439 1116 nusquam
1459 1063 1538 1103 alio
1557 1077 1682 1115 quam

323 1125 375 1165 ad
401 1124 711 1164 sacrificandum
738 1140 811 1178 pro
836 1125 989 1179 populo
1016 1125 1103 1166 sine
1128 1125 1310 1179 imperiis
1337 1139 1384 1165 ae
1409 1124 1682 1179 potestatibus

278 1201 296 1223 s
323 1185 614 1238 relinquantur.
647 1186 819 1226 inritatis
846 1186 1059 1240 utriusque
1086 1187 1213 1241 partis
1240 1187 1401 1236 animis,
1429 1201 1523 1226 eum
1543 1193 1582 1226 et
1602 1187 1684 1240 spi-

323 1247 422 1287 ritus
449 1247 565 1300 plebs
592 1247 838 1301 sumpsisset
864 1255 903 1288 et
928 1255 1010 1289 tres
1036 1249 1088 1289 ad
1113 1248 1353 1302 popularem
1384 1263 1552 1288 causam
1578 1248 1684 1288 celc-

326 1308 487 1349 bem-imi
513 1309 688 1349 nominis
719 1308 889 1350 haberet
920 1310 1065 1358 duces,
1104 1316 1240 1364 patres
1272 1309 1409 1350 omnia
1439 1309 1682 1362 quaestoriis

324 1371 510 1419 comitiis,
537 1370 608 1410 ubi
634 1378 850 1424 utrumque
877 1371 986 1425 plebi
1010 1371 1161 1420 liceret,
1190 1371 1338 1412 similia
1362 1371 1450 1411 fore
1471 1378 1681 1411 cernentes

324 1433 488 1473 tendere
526 1433 577 1473 ad
615 1433 830 1473 consulum
867 1433 1049 1482 comitia,
1088 1447 1192 1486 quae
1229 1433 1411 1473 nondum
1448 1433 1683 1487 promiscua

279 1511 296 1536 υ
324 1502 478 1543 essent3
515 1494 620 1535 Icilii
651 1502 792 1535 eontra
822 1494 1006 1536 tribunos
1038 1496 1212 1535 militum
1245 1495 1443 1536 creandos
1479 1495 1612 1536 dicere
1645 1502 1682 1535 et

324 1556 488 1597 tandem
515 1556 735 1609 aliquando
759 1557 1038 1611 inpertiendos
1063 1557 1174 1611 plebi
1198 1557 1387 1598 honores.

284 1634 295 1660 ι
409 1617 503 1657 LV.
550 1616 636 1658 Sed
654 1618 766 1659 nulla
785 1626 871 1660 erat
890 1619 1117 1660 consularis
1143 1619 1260 1668 actio,
1287 1634 1410 1673 quam
1435 1618 1682 1673 inpediendo

323 1680 364 1720 id
389 1679 499 1732 quod
525 1679 719 1733 petebant
744 1681 1030 1734 exprimerent,
1058 1696 1152 1721 cum
1170 1681 1273 1722 mira
1293 1681 1565 1735 oportunitate
1585 1679 1686 1721 Vol-

325 1756 417 1782 scos
444 1749 483 1781 et
502 1741 673 1795 Aequos
698 1743 940 1796 praedatum
966 1750 1080 1783 extra
1099 1743 1201 1783 fines
1222 1743 1356 1783 exisse
1375 1743 1417 1783 in
1436 1758 1581 1797 agrum
1600 1743 1686 1783 La-

280 1818 297 1845 ·2
325 1804 454 1844 tinum
474 1803 786 1857 Hernicumque
813 1804 1007 1845 adfertur.
1057 1804 1109 1845 ad
1134 1805 1245 1858 quod
1271 1804 1424 1846 bellum
1448 1804 1519 1845 ubi
1544 1819 1595 1845 ex
1622 1819 1685 1845 se-

324 1872 444 1906 natus
471 1866 659 1907 consulto
679 1866 870 1908 consules
891 1865 1087 1907 dilectum
1106 1866 1257 1907 habere
1278 1866 1496 1921 occipiunt,
1523 1866 1685 1907 obstare

324 1935 420 1968 tunc
452 1928 569 1969 enixe
601 1928 772 1977 tribuni,
812 1928 890 1969 sibi
919 1928 1113 1983 plebique
1145 1943 1237 1969 eam
1267 1928 1474 1969 fortunam
1506 1928 1685 1970 oblatam

281 2006 297 2029 :z
326 1998 611 2033 memorantes.
661 1997 742 2032 tres
775 1998 889 2032 erant
920 1999 959 2032 et
990 2006 1133 2032 omnes
1160 1991 1346 2032 acerrimi
1377 1991 1452 2031 viri
1477 1990 1687 2046 generosi-

325 2068 404 2106 que
428 2053 511 2094 iam
536 2060 581 2094 ut
605 2053 710 2094 inter
733 2053 930 2108 plebeios.
980 2054 1062 2095 duo
1089 2054 1243 2109 singuli
1269 2053 1453 2109 singulos
1487 2053 1564 2094 sibi
1590 2067 1687 2094 con-

326 2115 434 2156 sules
449 2116 729 2158 adservandos
743 2117 918 2159 adsidua
937 2132 1061 2172 opera
1081 2118 1314 2166 desumunt,
1341 2117 1413 2157 uni
1427 2116 1685 2157 contionibus

280 2192 297 2218 4
324 2178 419 2219 data
444 2193 553 2220 nunc
577 2178 798 2220 detinenda
822 2194 929 2220 nune
957 2179 1180 2221 concienda
1204 2178 1334 2234 plebs.
1391 2192 1467 2219 nee
1492 2178 1686 2218 dilectum

325 2240 514 2281 eonsules
541 2255 617 2282 neo
642 2241 824 2290 comitia,
852 2256 957 2295 quae
983 2241 1195 2296 petebant,
1222 2240 1374 2282 tribuni
1399 2239 1684 2294 expediebant.

325 2301 543 2343 inclinante
569 2303 716 2343 deinde
749 2317 792 2344 se
817 2302 983 2344 fortuna
1014 2303 1066 2344 ad
1098 2318 1266 2344 eausam
1297 2301 1430 2357 plebis
1461 2302 1593 2342 nuntii
1617 2316 1687 2342 ve-

325 2365 453 2412 niunt,
480 2379 617 2406 arcem
643 2364 949 2406 Carventanam
975 2365 1144 2420 dilapsis
1171 2365 1224 2405 ad
1253 2364 1449 2419 praedam
1473 2363 1685 2411 militibus,

325 2426 396 2478 qui
420 2426 462 2466 in
485 2427 692 2481 praesidio
718 2433 850 2475 erant,
888 2427 1061 2481 Aequos
1086 2426 1312 2468 interfectis
1337 2426 1481 2481 paucis
1507 2425 1688 2467 eustodi-

326 2486 402 2528 bus
428 2489 532 2529 areis
558 2489 780 2539 invasisse3
817 2489 918 2530 alios
944 2496 1199 2530 recurrentes
1224 2489 1265 2529 in
1297 2503 1450 2538 arcem,
1489 2488 1590 2529 alios
1615 2502 1687 2542 pa-

283 2563 300 2587 s,
326 2548 455 2591 lantes
481 2550 524 2591 in
548 2550 657 2605 agris
685 2565 840 2592 caesos.
879 2565 927 2592 ea
952 2551 1126 2592 adversa
1151 2551 1327 2591 civitatis
1346 2564 1412 2591 res
1433 2550 1540 2590 vires
1560 2549 1685 2590 tribu-

328 2610 455 2652 niciae
481 2612 630 2653 aetioni
655 2613 815 2653 adiecit.
864 2613 1114 2667 nequiquam
1147 2613 1256 2653 enim
1287 2611 1490 2666 temptati,
1529 2617 1574 2650 ut
1599 2616 1685 2649 tum

327 2672 501 2726 denique
527 2675 772 2716 desisterent
796 2675 1043 2730 inpediendo
1075 2675 1202 2725 bello,
1239 2682 1460 2730 postquam
1490 2688 1571 2713 non
1597 2686 1685 2713 ces-

329 2747 415 2772 sere
434 2749 508 2775 nec
529 2735 717 2789 publicae
738 2737 971 2791 tempestati
991 2752 1065 2780 nee
1087 2752 1185 2778 suae
1211 2737 1401 2782 invidiae,
1427 2734 1683 2788 pervincunt,
