1780 3204
466 272 620 307 LIBER
646 273 740 317 1111,
765 273 819 307 38.
839 274 892 308 39.
921 277 968 318 [a.
985 274 1119 319 0493]
1392 267 1475 308 229

116 376 197 417 iam
223 392 265 416 re
290 377 495 430 praesenti
521 378 655 418 animo
682 376 954 419 subvenisset.
997 379 1068 432 qui
1093 393 1186 419 cum
1205 394 1357 435 magna
1375 394 1475 420 vocc

117 439 408 488 exclamasset,
435 445 479 479 ut
504 440 679 492 equites,
707 440 776 493 qui
802 440 959 481 salvam
983 455 1069 481 rem
1094 440 1301 494 publicam
1326 441 1476 482 vellent

116 516 227 551 esse,
271 517 321 543 ex
358 502 474 555 equis
512 502 739 551 desilirent,
788 502 969 543 omnium
1006 508 1233 543 turmarum
1270 503 1474 556 equitibus
1502 518 1519 546 3

117 564 228 605 velut
253 564 305 605 ad
330 564 510 605 consulis
535 564 753 619 imperium
778 564 899 605 motis
927 564 1023 606 ‘nisi
1053 564 1172 605 haec'
1203 565 1334 618 inquit
1366 569 1476 619 ‘par-

116 637 226 668 mata
262 626 407 667 cohors
446 626 552 667 sistit
588 627 787 680 impetum
817 626 1016 676 hostium,
1054 633 1190 667 actum
1223 627 1273 667 de
1303 627 1474 682 imperio

116 701 190 730 est.
235 689 454 742 sequimini
478 703 552 743 pro
577 688 727 729 vexillo
753 688 965 743 cuspidem
991 703 1144 738 meam,
1171 689 1372 730 ostendite
1390 689 1475 730 Ro-

115 751 247 792 manis
262 751 528 805 Volscisque,
555 766 688 805 neque
709 750 914 804 equitibus
939 750 1058 792 vobis
1084 751 1189 792 ullos
1216 751 1373 805 equites
1398 766 1474 792 nec

114 813 321 868 peditibus
342 828 433 854 esse
451 814 610 868 pedites
629 813 776 867 pares!
812 827 906 853 cum
926 812 1102 854 clamore
1128 813 1380 867 conprobata
1404 813 1475 854 ad-
1502 829 1519 856 4

115 876 288 917 hortatio
325 883 454 925 esset,
491 875 604 916 vadit
640 875 719 916 alte
755 874 969 929 cuspidem
1003 889 1165 929 gerens.
1214 889 1473 928 quacumque

114 938 327 988 incedunt,
354 939 395 979 vi
419 938 528 979 viam
554 937 728 987 faciunt,
761 951 809 978 eo
836 951 879 977 se
904 936 1086 977 inferunt
1110 936 1280 978 obiectis
1305 937 1471 991 parmis,

113 1000 186 1041 ubi
212 1015 380 1041 suorum
403 1000 626 1055 plurimum
644 999 826 1040 laborem
846 999 998 1039 vident.
1035 998 1262 1039 restituitur
1281 999 1471 1039 omnibus
1499 1014 1517 1041 5

113 1062 213 1104 locis
238 1077 397 1118 pugna,
428 1063 471 1103 in
501 1077 606 1116 quae
638 1076 708 1102 eos
733 1061 895 1115 inpetus
921 1060 1030 1109 tulit,
1061 1075 1138 1101 nec
1170 1060 1341 1101 dubium
1372 1068 1470 1110 erat,

111 1125 228 1178 quin,
247 1125 289 1166 ‘si
316 1132 399 1165 tam
422 1125 544 1179 pauci
563 1123 684 1166 simul
703 1122 815 1164 obire
835 1123 972 1164 omnia
990 1128 1177 1176 possent,
1204 1128 1319 1176 terga
1338 1122 1472 1163 daturi

114 1186 254 1227 hostes
281 1186 445 1227 fuerint.

194 1247 487 1289 XXXVIHI.
535 1247 593 1288 Et
629 1262 723 1288 cum
758 1247 841 1288 iam
871 1252 985 1301 parte
1016 1246 1129 1287 nulla
1160 1246 1469 1295 sustinerentur,
1503 1261 1511 1287 1

108 1308 178 1349 dat
203 1309 368 1363 signum
381 1308 561 1350 Volscus
586 1309 819 1363 imperator,
845 1314 890 1349 ut
914 1308 1130 1362 parmatis,
1157 1323 1288 1350 novae
1314 1308 1470 1350 cohorti

107 1370 305 1420 hostium,
343 1370 458 1412 locus
490 1371 626 1420 detur,
665 1371 796 1412 donec
820 1371 977 1425 impetu
1002 1370 1117 1411 inlati
1141 1370 1192 1411 ab
1220 1371 1304 1411 suis
1331 1370 1470 1411 exclu-

106 1433 266 1474 dantur.
316 1434 427 1487 quod
456 1433 528 1474 ubi
559 1440 622 1474 est
651 1433 826 1483 factum,
858 1433 1069 1474 interclusi
1095 1433 1252 1486 equites
1278 1448 1353 1474 nec
1378 1447 1470 1488 per·
1495 1448 1513 1475 2

107 1510 295 1550 rumpere
321 1496 484 1545 eadem,
516 1510 599 1549 qua
623 1496 887 1545 transierant,
919 1510 1060 1550 posse,
1086 1495 1144 1536 ibi
1169 1495 1347 1536 maxime
1373 1510 1469 1536 con-

105 1556 219 1598 fertis
234 1557 436 1606 hostibus,
457 1572 622 1611 quaqua
636 1558 746 1598 viam
765 1558 960 1607 fecerant,
982 1564 1022 1598 et
1042 1557 1185 1598 consul
1199 1557 1467 1613 legionesque
1495 1570 1512 1597 :3

106 1618 332 1668 Romanae,
355 1634 462 1668 cuin,
483 1620 593 1672 quod
607 1626 800 1674 tegumen
814 1620 938 1660 modo
952 1619 1085 1660 omnis
1101 1619 1303 1659 exercitus
1319 1619 1465 1668 fuerat,

106 1695 310 1733 nusquam
329 1681 532 1730 viderent,
558 1696 610 1721 ne
635 1687 694 1722 tot
718 1681 965 1722 fortissimos
990 1681 1100 1721 viros
1126 1680 1369 1721 interclusos
1395 1695 1468 1734 op-

106 1741 299 1795 primeret
327 1742 477 1791 hostis,
511 1743 682 1783 tendunt
711 1743 754 1782 in
783 1757 1084 1796 quemcumque
1111 1757 1265 1783 casum.
1315 1741 1466 1782 diversi
1493 1756 1511 1783 4

105 1802 248 1843 Volsci
273 1802 368 1844 hinc
393 1803 605 1844 consulem
636 1819 684 1844 ac
713 1804 898 1858 legiones
931 1804 1149 1852 sustinere,
1182 1803 1309 1844 altera
1333 1803 1466 1845 fronte

105 1865 257 1905 instare
283 1864 512 1918 Tempanio
544 1871 665 1918 atque
698 1865 922 1918 cquitibus3
960 1865 1030 1918 qui
1061 1879 1154 1905 cum
1181 1879 1303 1919 saepe
1329 1865 1465 1906 conati

106 1925 346 1978 nequissent
369 1939 632 1981 perrumpere
657 1927 710 1967 ad
735 1941 851 1976 suos,
879 1926 1035 1967 tumulo
1061 1927 1240 1979 quodam
1266 1934 1465 1981 occupato

105 1988 148 2027 in
179 1987 320 2028 orbem
353 2002 396 2028 se
428 1987 681 2038 tutabantur,
718 2003 980 2042 nequaquam
1009 1988 1139 2028 inulti.
1188 2003 1263 2028 nec
1299 2003 1463 2043 pugnae
1491 2004 1509 2031 5

105 2049 198 2090 finis
230 2055 323 2090 ante
354 2055 516 2090 noctem
548 2049 637 2090 fuit.
687 2049 831 2091 consul
862 2064 1024 2103 quoque
1055 2064 1261 2102 nusquam
1291 2050 1463 2091 remisso

106 2111 344 2160 certa-mine,
377 2111 474 2151 dum
500 2111 722 2164 quicquam
748 2111 949 2166 superfuit
973 2111 1095 2160 lucis,
1127 2110 1290 2152 hostem
1320 2113 1461 2160 tenuit.

105 2188 188 2213 nox
222 2173 398 2214 incertos
435 2173 614 2222 diremit,
652 2180 872 2227 tantusque
908 2173 959 2214 ab
997 2174 1257 2228 inprudentia
1292 2181 1462 2216 eventus
1489 2190 1506 2219 6

104 2241 276 2287 utraque
309 2242 443 2275 castra
474 2235 603 2275 tenuit
632 2250 778 2290 pavor,
815 2242 860 2276 ut
889 2235 1040 2276 relictis
1072 2235 1222 2276 sauciis
1248 2242 1287 2276 et
1313 2251 1464 2291 magna

103 2303 218 2350 parte
260 2296 632 2350 inpedimentorum
674 2297 795 2338 ambo
837 2313 910 2352 pro
947 2298 1065 2338 victis
1102 2298 1304 2338 exereitus
1342 2313 1386 2339 se
1421 2298 1463 2338 in

104 2364 265 2398 montes
291 2358 500 2412 proximos
524 2359 763 2413 reciperent.
801 2359 982 2401 tumulus
1003 2366 1140 2400 tamen
1165 2360 1460 2401 circumsessus
1489 2375 1504 2403 7

104 2420 209 2461 ultra
234 2421 410 2461 mediam
435 2427 598 2462 noctem
618 2428 691 2463 est.
729 2437 809 2475 quo
829 2437 923 2463 cum
943 2422 1337 2463 circumsedentibus
1357 2437 1462 2463 nun-

103 2482 249 2522 tiatum
274 2490 400 2532 esset,
433 2490 566 2524 castra
591 2483 752 2524 deserta
777 2499 886 2533 esse,
918 2484 1048 2525 victos
1074 2484 1152 2525 rati
1178 2499 1274 2525 suos
1301 2490 1341 2525 et
1364 2485 1458 2539 ipsi,

103 2559 184 2597 qua
203 2559 407 2598 quemque
426 2545 468 2586 in
487 2545 664 2587 tenebris
684 2560 812 2600 pavor
831 2546 933 2595 tulit,
960 2545 1167 2601 fugerunt.
1206 2546 1458 2601 Tempanius
1485 2559 1504 2589 3

102 2617 214 2646 metu
239 2607 478 2647 insidiarum
506 2622 602 2648 suos
629 2607 681 2647 ad
705 2607 838 2648 lucem
869 2608 1009 2649 tenuit.
1059 2608 1280 2663 degressus
1312 2609 1460 2650 deinde

101 2668 190 2722 ipse
209 2683 303 2709 cum
320 2669 462 2723 paucis
484 2669 737 2723 speculatum
758 2684 851 2710 cum
870 2669 921 2710 ab
942 2669 1091 2711 sauciis
1112 2669 1298 2712 hostibus
1319 2670 1460 2711 scisci-

102 2731 225 2772 tando
252 2731 536 2786 comperisset,
570 2737 701 2773 castra
726 2731 972 2774 Volscorum
998 2732 1160 2773 deserta
1184 2747 1294 2782 csse,
1325 2732 1456 2774 laetus
