1835 3226
236 434 271 462 11

235 986 275 1015 14

236 1233 275 1262 15

239 1480 275 1509 1ss

239 1727 275 1755 17

261 2286 278 2313 13

299 248 382 289 422
574 253 727 287 LIBER
752 253 859 296 vm,
885 253 940 286 523.
959 252 1013 286 24.
1042 254 1089 295 [a.
1104 263 1138 286 u.
1153 262 1182 286 ο.
1195 252 1272 286 497.
1292 253 1375 296 428]

299 358 485 399 hostibus
518 356 754 397 societatem
785 355 926 395 auxilii
952 355 1100 404 mutui,
1133 370 1232 408 qua,
1264 362 1309 395 ut
1334 355 1507 408 quisque
1532 356 1646 399 loeus

298 425 560 474 premeretur,
592 417 697 457 inter
722 431 765 458 se
791 417 856 457 usi
880 417 1054 457 fuerant,
1103 417 1239 470 itaque
1272 432 1365 457 cum
1397 423 1435 457 et
1466 418 1649 458 comitio-

298 496 388 522 rum
414 480 500 520 dies
525 479 695 520 instaret
719 485 758 519 et
777 478 1002 519 Publilium
1027 479 1293 519 inminentem
1317 479 1497 519 hostium
1522 479 1647 519 muris

299 543 461 585 avocari
490 541 542 583 ab
574 557 646 596 spe
672 542 894 596 capiendae
918 541 961 581 in
986 541 1072 582 dies
1098 541 1211 582 urbis
1236 541 1347 582 haud
1372 556 1393 582 e
1417 556 1460 581 re
1485 541 1650 596 publica

299 612 426 654 esset,
465 611 601 644 aetum
632 618 725 643 cum
757 603 929 644 tribunis
961 610 1041 652 est,
1079 603 1131 643 ad
1160 600 1559 657 populuinscrrent,
1592 610 1648 651 ut,

299 682 392 708 cum
424 665 476 718 Q.
508 664 711 706 Publilius
743 665 864 705 Philo
902 664 1118 706 consulatu
1155 664 1327 714 abisset,
1370 680 1443 719 pro
1481 664 1650 705 consule

255 738 272 767 :3
298 744 382 770 rem
413 733 590 783 gereret,
628 728 765 780 quoad
796 726 1044 768 debellatum
1081 741 1173 767 cum
1207 725 1377 768 Graecis
1416 733 1535 767 esset.
1595 727 1648 766 L.

301 791 514 839 Cornelio,
552 790 648 843 quia
678 805 729 830 ne
761 804 856 830 eum
887 789 1053 843 quidem
1078 789 1118 829 in
1147 788 1362 830 Samnium
1387 789 1469 829 iam
1494 789 1651 843 ingres-

299 868 391 895 sum
426 852 609 892 revocari
645 851 696 892 ab
733 852 889 905 impetu
924 851 1019 892 belli
1054 851 1260 905 placebat,
1298 851 1455 891 litterae
1485 850 1649 898 missae,

300 921 343 955 ut
375 915 615 954 dictatorem
647 913 904 954 comitiorum
935 927 1060 953 causa
1091 913 1256 953 diceret.
1306 913 1408 953 dixit
1438 912 1498 952 M.
1527 911 1652 953 Clau-

300 977 413 1017 dium
448 975 713 1024 Marcellum
763 974 814 1016 ab
857 989 905 1015 eo
947 975 1144 1030 magister
1186 975 1368 1028 equitum
1405 975 1537 1014 dictus
1577 973 1650 1027 Sp.

298 1038 553 1079 Postumius.
613 1051 689 1078 nee
721 1043 857 1077 tamen
888 1036 938 1077 ab
966 1037 1161 1077 dictatore
1189 1036 1353 1076 comitia
1379 1042 1473 1076 sunt
1497 1035 1649 1083 habita,

301 1100 414 1153 quia,
441 1099 592 1139 vitione
618 1105 778 1139 creatus
805 1105 932 1147 esset,
964 1098 1005 1138 in
1031 1098 1358 1151 disquisitionem
1383 1097 1507 1137 venit.
1557 1111 1653 1137 con-

301 1161 396 1202 sulti
429 1175 606 1214 augures
638 1160 830 1200 vitiosum
855 1160 985 1199 videri
1010 1160 1248 1200 dictatorem
1274 1159 1651 1213 pronuntiaverunt.

301 1237 391 1264 eam
416 1236 503 1263 rem
529 1221 679 1261 tribuni
706 1228 939 1275 suspectam
964 1221 1242 1274 infamemque
1268 1221 1519 1261 criminando
1545 1220 1653 1260 seec-

300 1290 413 1325 runt:
450 1298 546 1324 nam
576 1297 709 1336 neque
736 1282 855 1323 facile
882 1283 1010 1322 fuisse
1036 1282 1078 1322 id
1103 1283 1246 1322 vitium
1271 1283 1404 1331 nosci,
1438 1296 1531 1322 cum
1557 1296 1653 1321 con-

302 1346 365 1387 sul
401 1346 535 1386 oriens
571 1351 690 1385 nocte
727 1343 887 1384 silentio
925 1344 1077 1383 diceret
1119 1344 1376 1391 dictatorem,
1425 1357 1556 1395 neque
1600 1342 1651 1382 ab

302 1408 469 1449 consule
506 1407 696 1460 cuiquam
732 1406 895 1460 publice
931 1405 1174 1460 privatimve
1211 1405 1260 1445 de
1298 1420 1345 1445 ea
1381 1420 1422 1445 re
1456 1405 1651 1458 scriptum

302 1476 428 1519 esset,
466 1483 541 1509 nee
579 1483 826 1521 quemquam
863 1468 1095 1508 mortalium
1127 1475 1284 1514 extare,
1323 1467 1390 1519 qui
1424 1482 1466 1506 se
1499 1466 1650 1506 vidisse

302 1538 372 1572 aut
403 1530 567 1571 audisse
593 1530 691 1583 quid
716 1530 840 1578 dicat,
874 1530 983 1582 quod
1008 1530 1237 1583 auspicium
1263 1529 1487 1577 dirimeret,
1518 1542 1651 1580 neque

303 1607 480 1647 augures
500 1592 682 1632 divinare
695 1591 853 1631 Romae
874 1592 1062 1631 sedentes
1090 1591 1291 1644 potuisse,
1318 1590 1416 1643 quid
1441 1590 1482 1630 in
1509 1589 1652 1629 castris

304 1653 462 1695 consuli
488 1653 573 1693 vitii
598 1652 845 1694 obvenisset.
896 1653 960 1692 cui
986 1667 1067 1692 non
1093 1666 1307 1706 apparere,
1334 1652 1443 1704 quod
1468 1651 1652 1705 plebeius

303 1716 475 1756 dictator
501 1715 570 1764 sit,
603 1715 646 1755 id
670 1715 814 1755 vitium
840 1714 1065 1769 auguribus
1092 1714 1251 1754 visum?
1286 1713 1386 1753 haec
1418 1713 1576 1765 aliaque
1602 1712 1653 1752 ab

303 1777 476 1818 tribunis
508 1777 758 1830 nequiquam
788 1776 955 1817 iactata:
993 1776 1156 1816 tandem
1188 1775 1240 1815 ad
1276 1775 1554 1829 interregnum
1588 1789 1653 1815 res

302 1839 424 1888 redit,
457 1839 674 1892 dilatisque
700 1839 778 1879 alia
804 1845 925 1892 atque
951 1838 1030 1879 alia
1055 1838 1105 1878 de
1131 1852 1255 1878 causa
1281 1837 1454 1877 comitiis
1487 1843 1655 1890 quartus

303 1901 486 1942 decimus
518 1901 684 1941 demum
715 1901 892 1941 interrex
921 1901 974 1941 L.
1007 1899 1212 1940 Aemilius
1245 1899 1432 1940 eonsules
1465 1905 1574 1939 creat
1606 1898 1655 1939 C.

304 1963 552 2012 Poetelium,
584 1964 637 2004 L.
663 1963 876 2018 Papirium
903 1962 1178 2018 Mugilanum.
1242 1960 1463 2003 Cursorem
1495 1961 1536 2001 in
1567 1960 1656 2001 aliis

307 2025 521 2067 annalibus
547 2025 723 2066 invenio.

388 2086 589 2127 XXIIII.
638 2087 800 2128 Eodem
826 2101 932 2127 anno
953 2085 1258 2127 Alexandream
1283 2085 1324 2125 in
1343 2084 1539 2139 Aegypto
1564 2098 1657 2137 pro-

304 2150 432 2189 ditum
471 2149 678 2190 conditam
714 2147 1083 2201 Alexandrumque
1119 2147 1236 2201 Epiri
1272 2162 1411 2202 regem
1449 2145 1500 2186 ab
1537 2146 1656 2186 exule

303 2212 477 2252 Lucano
508 2211 765 2252 interfectum
799 2217 927 2252 sortes
959 2210 1177 2251 Dodonaci
1208 2209 1319 2250 Iovis
1352 2214 1501 2249 eventu
1537 2208 1658 2248 adfir-

305 2288 452 2314 masse.
503 2273 632 2314 aeeito
665 2273 716 2314 ab
749 2272 981 2314 Tarentinis
1013 2272 1054 2312 in
1084 2272 1247 2312 Italiam
1277 2271 1372 2311 data
1403 2270 1526 2311 dictio
1558 2278 1655 2318 erat,

305 2342 465 2376 caveret
479 2335 753 2376 Acherusiam
774 2349 923 2388 aquam
943 2334 1276 2386 Pandosiamque
1298 2333 1458 2382 urbem3
1485 2332 1541 2373 ibi
1560 2332 1656 2372 satis

263 2409 281 2436 ει
308 2398 394 2439 eius
421 2398 638 2438 terminum
665 2398 763 2438 dari.
806 2412 936 2450 eoque
962 2397 1075 2437 ocius
1102 2396 1327 2436 transmisit
1346 2395 1387 2435 in
1406 2394 1586 2443 Italiam,
1612 2400 1658 2434 ut

306 2474 429 2511 quam
459 2460 637 2501 maxime
668 2459 811 2514 procul
841 2459 1003 2500 abesset
1034 2458 1133 2499 urbe
1159 2457 1368 2498 Pandosia
1398 2457 1440 2496 in
1464 2456 1594 2511 Epiro
1619 2465 1657 2496 et

305 2520 541 2562 Acheronte
566 2522 694 2570 amni,
727 2536 850 2575 quem
876 2536 926 2562 ex
950 2520 1180 2561 Molosside
1216 2519 1408 2560 fluentem
1439 2519 1480 2558 in
1512 2525 1658 2573 stagna

306 2582 464 2623 inferna.
493 2584 640 2638 accipit
666 2583 937 2638 Thesprotius
970 2583 1097 2624 sinus.
1146 2589 1191 2622 ut
1222 2588 1402 2622 ceterum
1433 2580 1561 2621 ferme
1592 2579 1657 2620 fu-

308 2643 456 2696 giendo
481 2645 521 2684 in
547 2646 682 2686 media
706 2646 791 2686 fata
815 2646 956 2694 ruitur,
984 2659 1077 2685 eum
1098 2658 1220 2697 saepe
1241 2643 1422 2683 Bruttias
1443 2643 1656 2682 Lucanas-

308 2719 385 2757 que
412 2706 590 2760 legiones
617 2708 809 2756 fudisset,
837 2707 1083 2748 Heracleam
1100 2706 1415 2747 Tarentinorum
1440 2703 1653 2750 coloniam,
