1780 3204
489 238 642 272 LIBER
666 238 721 283 II,
747 239 892 274 25-27.
921 242 969 282 [a.
985 238 1119 283 cias]
1426 233 1477 272 δῖ

213 342 386 383 Postero
411 342 476 382 die
507 342 560 382 ad
587 340 786 383 Suessam
811 342 1060 390 Pometiam,
1099 356 1180 395 quo
1211 342 1480 397 confugerant
1507 358 1525 386 ζ)

130 404 287 452 hostes,
313 402 544 457 legionibus
571 403 703 444 ductis
729 404 834 444 intra
858 418 1012 457 paucos
1038 403 1125 445 dies
1151 404 1346 458 oppidum
1372 405 1482 458 capi-

130 473 212 515 tul-3
238 471 403 519 captum
427 464 602 519 praedae
627 465 779 506 datum.
812 465 907 506 inde
931 465 1099 519 paulum
1124 472 1330 506 recreatus
1356 481 1481 520 egens

130 527 259 567 miles,
297 526 441 567 consul
466 538 560 567 cum
585 527 764 567 maxima
788 526 918 581 gloria
943 537 1017 567 sua
1042 527 1238 568 victorem
1259 527 1481 568 exercitum
1508 541 1526 569 o

130 588 306 628 Romam
336 587 505 628 reducit.
561 587 826 628 decedentem
851 588 1028 629 Romam
1052 588 1353 629 Ecetranorum
1380 588 1481 630 Vol-

131 664 293 689 scorum
317 649 454 703 legati,
481 648 603 689 rebus
630 649 714 689 suis
739 650 928 690 timentes
948 656 1041 703 post
1055 649 1287 690 Pometiam
1306 656 1481 703 captam,

130 711 292 751 adeunt.
330 710 394 751 his
420 725 471 751 ex
497 717 662 752 senatus
688 711 874 752 consulto
894 712 989 752 data
1013 726 1107 765 pax,
1134 726 1233 765 ager
1250 711 1481 765 ademptus.

213 772 387 813 XXVI.
444 772 675 813 Confestim
717 779 757 813 et
795 771 940 813 Sabini
976 770 1185 813 Romanos
1228 773 1481 814 territavere:
1510 787 1524 814 1

130 834 329 874 tumultus
356 834 463 874 enim
488 834 566 874 fuit
590 835 726 875 verius
752 849 876 887 quam
908 834 1073 875 bellum.
1123 841 1241 875 nocte
1266 835 1309 875 in
1338 834 1482 876 urbem

129 895 359 935 nuntiatum
402 902 486 944 est,
536 896 761 936 exercitum
805 894 1007 936 Sabinum
1049 895 1389 949 praedabundum
1430 897 1482 937 ad

130 956 334 996 Anienem
365 970 525 996 amnem
556 957 811 1010 pervenisse,
849 956 905 997 ibi
935 956 1091 1010 passim
1122 956 1242 1011 diripi
1272 964 1393 1010 atque
1424 957 1484 997 in-

129 1018 248 1058 cendi
283 1017 413 1058 villas.
472 1018 624 1058 missus
663 1018 868 1072 extemplo
905 1033 953 1059 eo
989 1033 1083 1058 cum
1119 1018 1309 1060 omnibus
1353 1019 1481 1072 copiis
1509 1033 1527 1060 2

129 1079 312 1132 equitum
336 1078 389 1119 A.
415 1078 673 1127 Postumius,
711 1079 781 1131 qui
811 1079 985 1119 dictator
1014 1078 1122 1119 bello
1147 1079 1302 1119 Latino
1334 1079 1481 1127 fuerat,

130 1147 293 1180 secutus
320 1140 462 1180 consul
490 1138 688 1180 Servilius
715 1154 808 1179 cum
833 1140 992 1180 delecta
1014 1140 1199 1194 peditum
1224 1155 1361 1180 manu.
1398 1139 1484 1193 ple-
1510 1152 1528 1181 3

127 1216 275 1253 rosque
305 1200 490 1254 palantes
521 1215 647 1253 eques
679 1201 964 1250 circumvenit3
1002 1216 1076 1242 nec
1108 1201 1340 1242 advenienti
1370 1201 1484 1255 pedi-

127 1269 212 1302 tum
243 1262 397 1315 agmini
427 1262 573 1302 restitit
606 1260 762 1303 Sabina
791 1261 918 1316 legio:
957 1261 1058 1303 fessi
1090 1276 1184 1303 cum
1220 1262 1362 1302 itinere
1396 1269 1484 1302 tum

125 1323 386 1377 populatione
418 1329 634 1372 nocturna,
673 1338 824 1377 magna
858 1338 954 1377 pars
990 1324 1032 1364 in
1068 1324 1175 1364 villis
1211 1324 1356 1378 repleti
1392 1323 1484 1364 cibo

126 1385 315 1437 vinoque,
342 1384 412 1424 vix
437 1384 562 1438 fugae
588 1385 699 1437 quod
724 1385 823 1425 satis
852 1392 961 1426 esset
985 1385 1133 1425 virium
1159 1385 1352 1426 habuere.

209 1444 339 1486 Nocte
375 1461 457 1486 una
493 1446 631 1486 audito
661 1446 928 1500 perfectoque
965 1446 1072 1487 bello
1105 1446 1279 1496 Sabino,
1317 1453 1482 1501 postero
1509 1461 1527 1488 4

126 1506 190 1547 die
215 1507 258 1547 in
282 1523 433 1562 magna
457 1508 537 1547 iam
564 1521 636 1561 spe
656 1508 837 1561 undique
856 1515 996 1562 partae
1016 1509 1130 1563 pacis
1150 1508 1276 1563 legati
1294 1508 1483 1548 Aurunci

127 1575 314 1608 senatum
339 1569 508 1617 adeunt,
544 1569 586 1609 ni
611 1569 832 1609 decedatur
856 1568 1011 1610 Volsco
1042 1585 1160 1624 agro,
1198 1569 1351 1610 bellum
1380 1569 1486 1609 indi-

125 1636 278 1670 centes.
328 1644 421 1670 cum
452 1629 598 1684 legatis
636 1630 758 1671 simul
794 1631 998 1671 exercitus
1030 1630 1323 1673 Auruncorum
1360 1631 1483 1670 domo
1509 1645 1528 1672 ἱ)

126 1690 334 1744 profectus
360 1698 456 1740 erat,
484 1691 599 1731 cuius
626 1692 737 1732 fama
761 1691 871 1732 haud
895 1692 1038 1746 procul
1062 1692 1144 1732 iam
1169 1692 1220 1732 ab
1242 1691 1384 1732 Aricia
1407 1691 1485 1731 visi

127 1758 239 1792 tanto
276 1751 453 1792 tumultu
489 1753 666 1793 concivit
697 1753 928 1801 Romanos,
967 1760 1011 1792 ut
1040 1767 1116 1793 nec
1147 1753 1307 1794 consuli
1343 1752 1484 1792 ordine

127 1819 263 1866 patres
300 1827 376 1852 nec
405 1820 595 1866 pacatum
631 1829 878 1867 responsum
915 1829 1028 1854 arma
1063 1813 1334 1854 inferentibus
1372 1828 1486 1853 arma

128 1874 208 1927 ipsi
233 1874 440 1927 capientes
466 1874 561 1914 darc
586 1882 767 1928 possent.
816 1874 1002 1915 Ariciam
1026 1875 1177 1916 infesto
1203 1874 1367 1930 agmine
1391 1874 1483 1924 itur,
1511 1889 1529 1918 6

129 1949 205 1976 nec
235 1934 377 1989 procul
407 1935 501 1976 inde
533 1950 626 1976 cuin
656 1935 866 1978 Auruncis
899 1937 1018 1991 signa
1053 1937 1214 1978 conlata
1248 1937 1484 1991 proelioque

129 2012 211 2038 uno
237 1997 485 2037 debellatum
511 2005 585 2038 est.
1507 2008 1510 2012 '

213 2057 411 2099 XXVII.
459 2059 583 2100 Fusis
608 2059 819 2100 Auruncis
845 2060 975 2100 victor
999 2066 1058 2101 tot
1082 2060 1186 2100 intra
1211 2074 1365 2114 paucos
1396 2059 1483 2101 dies
1514 2074 1526 2102 1

131 2119 248 2160 bellis
280 2120 492 2161 Romanus
524 2121 726 2174 promissa
757 2121 936 2162 consulis
968 2121 1173 2174 fidemque
1211 2128 1377 2162 senatus
1415 2136 1485 2161 ex-

131 2183 354 2237 spectabat,
381 2198 475 2223 cum
489 2183 666 2237 Appius,
694 2191 733 2224 ct
751 2184 874 2224 insita
894 2183 1085 2238 superbia
1110 2184 1245 2224 animo
1271 2190 1310 2224 et
1334 2190 1379 2223 ut
1404 2183 1486 2223 col-

129 2244 245 2298 legae
277 2260 424 2285 vanam
456 2245 609 2285 faceret
639 2246 780 2294 fidem,
818 2260 943 2298 quam
973 2245 1195 2299 asperrime
1225 2250 1385 2299 poterat
1420 2244 1483 2284 ius

130 2306 180 2346 de
217 2306 379 2346 creditis
416 2307 600 2360 pecuniis
637 2307 784 2347 dicere.
845 2307 1037 2361 deinceps
1075 2313 1114 2347 et
1150 2306 1220 2359 qui
1261 2312 1355 2346 ante
1390 2305 1485 2345 nexi

130 2367 291 2408 fuerant
316 2368 583 2409 creditoribus
610 2368 874 2409 tradebantur
898 2375 937 2409 et
962 2368 1230 2408 nectebantur
1255 2367 1335 2408 alii.
1374 2367 1485 2422 quod
1510 2379 1528 2408 2

129 2428 201 2468 ubi
231 2429 297 2468 cui
327 2428 444 2469 militi
479 2429 693 2478 inciderat,
732 2429 932 2484 collegam
964 2429 1208 2483 appellabat.
1258 2443 1482 2469 concursus

130 2490 183 2530 ad
210 2488 430 2530 Servilium
455 2490 595 2539 fiebat,
633 2491 741 2531 illius
767 2491 971 2545 promissa
995 2490 1218 2539 iactabant,
1255 2490 1314 2530 illi
1339 2503 1485 2544 expro-

130 2550 303 2591 brabant
334 2566 408 2592 sua
438 2552 610 2605 quisque
642 2552 738 2593 belli
773 2552 918 2602 merita
954 2552 1244 2605 cicatricesque
1280 2558 1482 2606 acceptas,

129 2612 409 2666 postulabant,
436 2619 480 2653 ut
505 2620 575 2653 aut
598 2614 766 2654 referret
793 2613 845 2654 ad
870 2619 1056 2654 senatum
1082 2620 1152 2653 aut
1175 2619 1220 2653 ut
1244 2612 1395 2653 auxilio
1421 2627 1484 2653 es-

131 2679 192 2714 sct
229 2674 372 2716 consul
409 2674 568 2716 civibus
607 2675 710 2724 suis,
754 2675 961 2729 inperator
997 2674 1207 2716 militibus.
1216 2697 1242 2733 s
1262 2673 1481 2716 movebant
1508 2688 1526 2717 3
