1835 3226
285 220 338 260 52
589 227 741 260 Lmen.
766 226 800 270 1,
826 225 879 259 49.
899 226 954 259 ›(.
981 227 1077 268 [mu.
1094 226 1332 270 ceso—244]

240 347 256 374 ,ἰ
284 345 363 384 que
401 328 636 370 auctoribus
673 327 858 382 patribus
895 335 1098 382 regnaret.
1155 342 1203 368 eo
1240 328 1480 377 accedebat,
1518 339 1561 370 ut
1598 333 1639 372 in

284 392 450 432 caritate
482 390 632 430 civium
664 389 764 429 nihil
796 390 884 443 spei
913 389 1128 443 reponenti
1159 396 1272 430 metu
1300 404 1476 444 regnum
1506 397 1641 432 tutan-

284 454 382 493 dum
407 458 528 493 esset.
577 466 701 504 quem
726 458 770 491 ut
794 451 982 505 pluribus
1007 452 1225 501 incuteret,
1252 452 1505 506 cognitiones
1532 453 1642 507 capi-

240 530 257 554 ;·›
284 515 425 555 talium
450 528 587 554 rerum
615 513 702 553 sine
729 513 909 554 consiliis
930 516 1004 567 per
1023 528 1067 554 se
1093 513 1205 555 solus
1232 513 1461 563 exercebat,
1487 529 1641 568 perque

284 591 374 617 eam
406 589 575 616 causam
606 575 810 624 occidere,
848 575 890 615 in
927 575 1097 615 exilium
1133 589 1275 630 agere,
1313 575 1431 616 bonis
1469 576 1642 616 multare

284 644 440 691 poterat
470 652 552 677 non
584 643 797 691 suspectos
829 637 953 678 modo
985 646 1055 677 aut
1085 637 1259 686 invisos,
1299 637 1372 678 sed
1403 637 1511 678 unde
1542 636 1643 677 nihil

283 699 395 739 aliud
418 714 542 752 quam
567 699 763 752 praedam
790 713 954 753 sperare
978 705 1133 753 posset.

241 777 258 801 ις
369 761 596 815 Praecipue
622 761 678 801 ita
702 768 864 815 patrum
896 775 1068 801 numero
1098 760 1299 801 inminuto
1331 761 1472 801 statuit
1507 760 1642 801 nullos

284 823 324 862 in
349 830 486 876 patres
511 822 661 877 legere,
688 837 769 875 quo
790 823 1062 876 contemptior
1079 822 1284 876 paucitate
1304 822 1396 876 ipsa
1415 822 1514 863 ordo
1533 830 1643 863 esset

242 899 255 926 ῖ
285 884 501 937 minusque
526 899 600 938 per
625 899 668 925 se
694 884 795 924 nihil
821 884 888 938 agi
914 884 1237 939 indignarentur.
1280 883 1345 924 hic
1371 884 1479 924 enim
1498 898 1644 938 regum

284 946 439 1000 primus
465 947 658 986 traditum
685 962 709 987 a
732 947 938 1000 prioribus
971 961 1127 987 morem
1153 946 1203 987 dc
1235 945 1424 987 omnibus
1457 953 1644 986 senatum

285 1008 524 1048 consulendi
556 1008 696 1057 solvit,
735 1008 972 1049 domesticis
1004 1008 1185 1049 consiliis
1216 1023 1303 1048 rem
1334 1007 1543 1062 publicam
1574 1007 1645 1047 ad—

285 1070 542 1119 ministravit,
570 1070 735 1119 bellum,
762 1085 919 1124 pacem,
946 1070 1127 1119 foedera,
1155 1070 1370 1111 societates
1397 1084 1469 1124 per
1489 1084 1532 1110 se
1556 1069 1645 1123 ipse

286 1146 380 1171 cum
415 1131 565 1184 quibus
601 1131 731 1172 voluit
761 1132 921 1174 iniussu
957 1132 1099 1186 populi
1130 1146 1177 1172 ac
1215 1138 1381 1172 senatus
1413 1131 1510 1172 fecit
1541 1131 1646 1171 dIre-

288 1193 454 1245 mitque.

241 1270 260 1295 s
370 1254 615 1295 Latinorum
647 1254 726 1295 sibi
756 1255 933 1295 maxime
964 1261 1130 1309 gentem
1163 1254 1423 1303 conciliabat,
1460 1260 1505 1294 ut
1529 1268 1645 1308 perc-

285 1315 414 1369 grinis
429 1331 590 1369 quoque
605 1316 751 1370 opibus
772 1317 895 1357 tutior
912 1317 1017 1356 inter
1036 1317 1146 1356 cives
1167 1322 1288 1364 esset,
1315 1330 1448 1369 neque
1468 1315 1646 1370 hospitia

287 1378 408 1418 modo
434 1392 526 1418 cum
552 1378 798 1432 primoribus
830 1393 982 1426 eorum,
1010 1379 1082 1419 sed
1101 1378 1331 1418 adfinitates
1363 1391 1525 1430 quoque
1555 1378 1646 1417 iun-

244 1456 260 1481 ει
286 1439 422 1494 gebat.
473 1438 651 1481 Octavio
676 1440 864 1480 Mamilio
890 1439 1127 1480 Tusculano
1153 1465 1205 1468 ——
1236 1440 1271 1480 is
1302 1439 1423 1493 longe
1455 1440 1644 1493 princeps

288 1501 429 1542 Latini
453 1501 628 1542 nominis
655 1508 757 1550 erat,
786 1502 819 1541 si
846 1502 980 1542 famae
1006 1502 1229 1551 eredimus,
1261 1501 1313 1541 ab
1339 1501 1461 1542 Vlixe
1488 1501 1645 1554 deaque

289 1563 411 1604 Circa
436 1564 631 1604 oriundus
658 1589 724 1613 —,
757 1564 793 1604 ei
818 1563 1005 1604 Mamilio
1036 1563 1162 1603 filiam
1193 1570 1367 1617 nuptum
1399 1563 1467 1603 dat
1492 1576 1645 1616 perque

288 1640 357 1667 eas
382 1626 546 1680 nuptias
572 1625 722 1666 multos
750 1625 827 1665 sibi
853 1632 1049 1679 cognatos
1076 1625 1313 1677 amicosque
1335 1625 1421 1665 eius
1444 1624 1644 1665 conciliat.

246 1702 256 1729 1
370 1688 424 1728 L.
472 1688 563 1728 Iam
595 1703 746 1742 magna
777 1686 977 1740 Tarquini
1014 1687 1235 1727 auctoritas
1266 1687 1371 1726 inter
1400 1687 1646 1726 Latinorum

287 1764 476 1803 proceres
502 1758 605 1798 erat,
644 1765 737 1790 eum
763 1750 805 1789 in
830 1749 938 1790 diem
964 1755 1117 1789 certam
1148 1755 1192 1788 ut
1217 1748 1270 1789 ad
1299 1748 1438 1788 lucum
1463 1747 1500 1788 F
1502 1747 1649 1788 erenti-

286 1826 363 1852 nae
400 1812 646 1852 conveniant
682 1811 843 1860 indicit3
881 1825 972 1852 esse
1003 1824 1109 1864 quae
1140 1824 1261 1865 agere
1298 1811 1348 1851 de
1383 1809 1506 1851 rebus
1538 1823 1649 1850 com-

245 1888 262 1915 ·-1
289 1873 482 1914 munibus
513 1874 623 1914 velit.
673 1873 923 1914 conveniunt
959 1872 1196 1926 frequentes
1232 1872 1366 1927 prima
1400 1872 1505 1912 luce.
1559 1871 1648 1926 ipse

289 1936 539 1989 Tarquinius
571 1937 679 1977 diem
711 1936 878 1989 quidem
910 1935 1106 1984 servavit,
1145 1935 1218 1976 sed
1248 1934 1372 1989 paulo
1404 1941 1497 1975 ante
1523 1949 1647 1987 quam

290 1998 351 2039 sol
381 1998 586 2039 occideret
616 1999 740 2039 venit.
791 1998 918 2039 multa
947 1997 1005 2038 ibi
1034 2004 1119 2038 toto
1150 1998 1215 2038 die
1246 1998 1288 2037 in
1318 1997 1492 2038 coneilio
1523 1996 1645 2037 variis

246 2075 262 2100 :5
289 2061 438 2101 iactata
469 2061 728 2102 sermonibus
760 2068 885 2102 erant.
948 2060 1114 2101 Turnus
1145 2060 1386 2101 Herdonius
1423 2059 1475 2101 ab
1506 2059 1650 2100 Aricia

288 2122 477 2163 ferociter
500 2124 542 2163 in
567 2123 780 2164 absentem
801 2123 1072 2176 Tarquinium
1096 2130 1182 2163 erat
1206 2123 1413 2163 invectus:
1439 2121 1549 2161 haud
1574 2121 1649 2161 mi-

287 2200 378 2225 rum
404 2199 513 2233 esse,
543 2183 732 2239 Superbo
758 2185 795 2225 ei
818 2185 993 2225 inditum
1017 2199 1248 2240 cognomen
1273 2209 1327 2213 --
1352 2184 1433 2224 iam
1459 2183 1567 2223 enim
1593 2183 1649 2223 ita

288 2246 393 2287 clam
430 2246 597 2299 quidem
639 2247 924 2295 mussitantes,
968 2246 1094 2301 volgo
1131 2254 1286 2294 tamen,
1331 2260 1425 2286 eum
1468 2243 1648 2298 appella-

288 2307 387 2349 bant
412 2324 484 2358 -3
516 2324 568 2349 an
593 2308 813 2362 quicquam
840 2307 1057 2362 superbius
1083 2322 1174 2348 esse
1206 2322 1330 2360 quam
1364 2305 1565 2346 ludificari
1590 2305 1648 2346 sie

245 2384 263 2411 -t
289 2384 409 2411 omne
434 2385 584 2411 nomen
608 2370 833 2411 Latinum?
862 2370 1115 2424 principibus
1146 2369 1268 2424 longe
1294 2385 1318 2409 a
1342 2369 1465 2409 domo
1490 2367 1646 2416 excitis,

289 2432 438 2486 ipsum,
465 2432 535 2485 qui
560 2432 778 2473 concilium
803 2432 1007 2481 indixerit,
1034 2447 1115 2472 non
1141 2432 1300 2472 adesse.
1349 2430 1537 2484 temptari
1556 2444 1648 2483 pro-

290 2494 396 2534 fecto
410 2494 660 2547 patientiam,
687 2502 743 2543 ut,
772 2494 806 2534 si
824 2494 969 2548 iugum
983 2493 1228 2548 acceperint,
1255 2492 1456 2533 obnoxios
1476 2497 1644 2546 premat.

290 2555 355 2594 cui
381 2556 488 2595 enim
513 2571 595 2596 non
620 2570 837 2610 apparere,
871 2555 1077 2596 adfectare
1103 2570 1198 2596 eum
1222 2554 1441 2609 imperium
1464 2553 1507 2593 in
1530 2551 1647 2592 Lati-

248 2631 265 2656 ς»
291 2618 390 2657 nos?
425 2618 536 2670 quod
568 2619 602 2659 si
633 2620 696 2659 sui
727 2619 830 2660 bene
861 2619 1107 2660 crediderint
1138 2619 1249 2659 cives
1281 2625 1350 2658 aut
1381 2617 1416 2657 si
1447 2615 1644 2656 creditum

292 2677 410 2726 illud,
447 2687 485 2719 et
521 2695 602 2721 non
638 2687 800 2735 raptum
837 2681 1053 2735 parricidio
1086 2680 1155 2728 sit,
1193 2679 1357 2721 credere
1388 2684 1426 2718 et
1457 2676 1644 2725 Latinos,
