1780 3204
435 175 589 210 LIBER
615 176 704 220 VII,
730 176 761 210 9..
781 176 812 210 3.
841 178 890 220 [a.
905 175 943 210 C.
958 174 1152 220 366—363]
1390 167 1472 209 353

120 288 199 330 tor,
233 280 398 329 dicitur,
433 294 525 320 eum
553 280 717 334 saepius
743 285 976 328 revocatur,
1011 293 1154 320 vocem
1180 278 1392 321 obtudisse
1419 286 1469 330 et,
1499 292 1517 322 9

120 342 242 383 venia
276 342 404 396 petita
438 356 611 395 puerum
649 342 699 382 ad
737 341 967 382 canendum
1004 347 1098 381 ante
1135 340 1343 383 tibicinem
1380 357 1473 383 cum

120 404 348 452 statuisset,
375 403 578 443 canticum
604 403 739 457 egisse
766 403 971 457 aliquanto
997 403 1130 457 magis
1157 403 1321 458 vigente
1346 411 1472 453 motu,

120 466 216 519 quia.
240 465 339 505 nihil
365 466 476 506 vocis
504 480 602 505 usus
628 465 875 519 inpediebat.
924 465 1019 505 inde
1045 466 1096 505 ad
1122 481 1290 506 manum
1321 467 1474 507 cantari
1502 479 1541 508 10

120 527 386 569 histrionibus
430 533 621 581 coeptum
664 527 928 580 diverbiaque
966 534 1126 567 tantum
1162 527 1346 582 ipsorum
1384 528 1475 569 voci

120 589 272 630 relicta.
320 595 541 643 postquam
571 589 662 644 lege
694 589 772 629 hae
803 589 1035 630 fabularum
1067 589 1118 630 ab
1143 589 1229 629 risu
1260 604 1309 630 ae
1340 589 1474 631 soluto
1503 604 1539 632 11

120 652 209 692 ioco
240 665 304 691 res
337 650 586 691 avocabatur
616 660 655 691 et
686 651 806 692 ludus
837 651 879 691 in
910 657 1036 691 artem
1063 651 1259 705 paulatim
1286 658 1473 701 verterat,

120 713 309 753 iuventus
335 711 600 753 histrionibus
627 712 870 752 fabellarum
896 719 990 753 actu
1014 713 1154 753 relicto
1180 713 1270 767 ipsa
1294 713 1400 754 inter
1432 728 1475 754 se

120 790 232 815 more
275 775 441 827 antiquo
484 774 654 814 ridicula
690 775 845 815 intexta
881 774 1068 815 versibus
1106 775 1288 816 iactitare
1326 776 1471 830 eoepit,

120 850 224 888 quae
251 836 397 876 exodia
421 843 565 889 postea
590 836 794 890 appellata
819 843 1089 889 consertaque
1114 836 1276 877 fabellis
1308 837 1474 891 potissi-

120 913 233 937 mum
258 897 462 938 Atellanis
496 903 601 938 sunt.
651 898 762 950 quod
792 913 923 953 genus
955 898 1144 938 ludorum
1177 898 1227 939 ab
1257 897 1380 939 Oscis
1407 914 1473 940 ac·
1506 913 1542 941 12

120 967 282 1013 ceptum
320 960 449 999 tenuit
484 959 675 1000 iuventus
706 975 782 1000 nec
812 960 863 1001 ab
894 960 1161 1001 histrionibus
1192 961 1320 1014 pollui
1350 976 1476 1016 passa

120 1028 193 1061 cst.
249 1036 297 1061 eo
334 1020 565 1061 institutum
601 1029 756 1070 manet,
799 1028 845 1061 ut
881 1028 1038 1062 actores
1075 1022 1363 1062 Atellanarum
1399 1037 1476 1062 nee

119 1082 227 1123 tribu
252 1089 494 1123 moveantur
519 1090 557 1123 et
584 1083 804 1136 stipendia,
839 1090 1047 1136 tamquam
1075 1091 1263 1136 expertes
1289 1084 1387 1124 artis
1413 1084 1476 1123 lu-

119 1144 272 1193 dicrae,
299 1144 463 1184 saciant.
502 1144 607 1184 inter
624 1145 794 1184 aliarum
820 1159 947 1198 parva
971 1144 1172 1198 principia
1196 1159 1332 1185 rerum
1357 1144 1475 1185 ludo-
1506 1159 1542 1188 13

118 1221 207 1245 rum
239 1221 401 1259 quoque
432 1207 564 1260 prima
595 1207 709 1261 origo
734 1207 925 1261 ponenda
950 1207 1039 1247 visa
1065 1214 1144 1255 est,
1178 1213 1221 1248 ut
1247 1214 1473 1262 appareret,

117 1281 240 1319 quam
271 1268 322 1308 ab
355 1283 454 1308 sano
486 1268 599 1309 initio
630 1283 695 1309 res
726 1269 769 1308 in
793 1268 899 1309 hane
923 1268 993 1308 vix
1020 1269 1223 1323 opulentis
1248 1270 1388 1324 regnis
1415 1276 1476 1310 to-

117 1329 326 1370 lerabilem
352 1330 553 1370 insaniam
579 1331 747 1372 venerit.

201 1391 281 1431 III.
326 1385 412 1432 Nee
437 1399 573 1432 tamen
598 1393 790 1434 ludorum
814 1394 992 1448 primum
1018 1393 1177 1434 initium
1204 1395 1473 1448 procurandis
1505 1409 1517 1437 1

116 1453 381 1507 religionibus
408 1454 547 1495 datum
575 1466 644 1495 aut
668 1456 866 1511 religione
892 1457 1050 1497 animos
1077 1463 1147 1497 aut
1172 1471 1343 1511 corpora
1368 1473 1476 1498 mor-

118 1514 180 1555 bis
212 1515 379 1565 levavit,
419 1517 518 1569 quin
549 1518 688 1567 etiam,
727 1533 821 1558 cum
853 1519 1010 1559 medios
1043 1518 1147 1559 forte
1184 1519 1305 1559 ludos
1344 1520 1475 1560 circus

119 1576 258 1618 Tiberi
285 1580 503 1632 superfuso
529 1579 730 1634 inrigatus
755 1580 1000 1635 inpedisset,
1034 1581 1076 1620 id
1101 1595 1197 1621 vero
1224 1581 1335 1621 velut
1361 1596 1477 1622 aver-

118 1640 173 1680 sis
193 1640 275 1680 iam
302 1640 378 1680 diis
405 1641 803 1695 aspernantibusque
828 1642 1060 1696 placamina
1084 1643 1167 1683 irae
1194 1649 1389 1683 terrorem
1416 1643 1476 1683 in-

117 1708 282 1756 gentem
313 1702 422 1742 fecit.
472 1703 608 1756 itaque
643 1703 690 1744 C.
726 1703 932 1753 Genucio,
965 1704 1018 1744 L.
1045 1703 1226 1745 Aemilio
1257 1704 1471 1746 Mamerco
1499 1719 1517 1747 3

117 1764 264 1803 iterum
291 1763 529 1804 consulibus
557 1779 650 1804 cum
675 1765 930 1819 piaculorum
957 1766 1090 1820 magis
1117 1766 1363 1819 conquisitio
1389 1767 1476 1807 ani-

119 1840 207 1866 mos
240 1840 363 1878 quam
396 1840 565 1880 corpora
591 1827 723 1868 morbi
748 1828 988 1877 adficerent,
1020 1828 1239 1881 repetitum
1266 1843 1317 1869 ex
1344 1829 1477 1869 senio-

119 1903 209 1928 rum
235 1888 431 1928 memoria
456 1889 614 1937 dicitur,
641 1889 917 1942 pestilentiam
943 1891 1151 1943 quondam
1177 1891 1293 1931 clavo
1319 1890 1370 1931 ab
1391 1891 1476 1931 dic-

120 1956 247 1990 tatore
279 1950 361 1989 fixo
388 1950 584 1990 sedatam.
634 1965 682 1991 ea
706 1951 902 2006 religione
927 1952 1128 1993 adductus
1156 1959 1322 1993 senatus
1348 1953 1475 1993 dicta·
1501 1967 1519 1995 4

119 2018 248 2052 torem
280 2012 384 2052 clavi
416 2012 568 2068 figendi
601 2028 726 2054 causa
757 2015 837 2054 dici
867 2015 999 2055 iussit.
1049 2015 1182 2056 dictus
1208 2016 1261 2056 L.
1289 2015 1472 2057 Manlius

120 2074 371 2128 Imperiosus
397 2075 449 2114 L.
479 2074 688 2116 Pinarium
715 2077 958 2131 magistrum
985 2077 1169 2130 equitum
1195 2078 1309 2118 dixit.

204 2137 297 2176 Lex
328 2143 491 2177 vetusta
522 2143 602 2186 est,
639 2138 784 2192 priscis
817 2138 944 2179 literis
971 2139 1190 2193 verbisque
1222 2140 1392 2195 scripta,
1430 2147 1475 2180 ut
1501 2156 1519 2183 5

121 2197 190 2249 qui
231 2205 393 2251 praetor
434 2200 637 2240 maximus
682 2200 734 2240 sit
774 2200 910 2242 idibus
956 2199 1270 2256 Septembribus
1314 2203 1476 2243 clavum

121 2264 285 2312 pangat.
334 2259 416 2300 fixa
441 2260 520 2301 fuit
544 2261 687 2302 dextro
712 2262 829 2303 lateri
854 2263 966 2304 aedis
987 2263 1099 2304 Iovis
1125 2263 1268 2318 optimi
1292 2265 1473 2314 maximi,

121 2333 172 2359 ex
197 2333 278 2372 qua
307 2328 421 2374 parte
446 2321 660 2364 Minervae
693 2324 891 2378 templum
922 2331 996 2366 est.
1046 2340 1140 2365 eum
1166 2325 1346 2376 clavum,
1379 2327 1476 2379 quia
1501 2342 1519 2371 6

121 2396 234 2422 rarae
259 2396 332 2436 per
357 2398 404 2424 ea
434 2390 619 2439 tempora
648 2385 788 2426 literae
820 2393 952 2436 erant,
989 2394 1128 2428 notam
1159 2388 1318 2428 numeri
1349 2403 1476 2429 anno-

121 2459 209 2484 rum
236 2444 364 2485 fuisse
389 2445 543 2495 ferunt,
571 2462 701 2500 eoque
720 2447 936 2489 Minervae
957 2449 1110 2504 templo
1129 2449 1306 2491 dicatam
1325 2450 1472 2505 legem,
1501 2467 1518 2495 7

121 2506 216 2558 quia
252 2521 446 2548 numerus
477 2508 692 2550 Minervae
724 2510 936 2550 inventum
968 2511 1031 2551 sit.
1080 2510 1280 2553 Volsiniis
1311 2527 1474 2566 quoquo

121 2567 259 2608 elavos
296 2568 452 2610 indices
488 2571 648 2611 numeri
684 2587 882 2612 annorum
914 2572 1019 2613 fixos
1050 2573 1093 2613 in
1124 2573 1276 2628 templo
1307 2574 1474 2616 Nortiae

122 2628 321 2671 Etruscae
352 2631 453 2672 deae
472 2635 706 2687 'conparere
738 2633 912 2689 diligens
944 2634 1085 2675 talium
1117 2642 1474 2678 monumentorum

189 2708 251 2734 Liri
273 2708 325 2733 rol.
343 2707 363 2734 1.
1205 2702 1248 2735 ‘23

1503 1532 1520 1560 [ὑ
