1835 3226
276 300 315 329 13

276 484 315 513 lt

276 545 316 574 15

277 732 315 761 16

278 979 314 1007 17

279 1164 318 1193 18

279 1289 317 1317 19

306 2530 324 2559 ‘2

341 175 424 216 404
686 180 842 214 LIBER
867 180 978 224 vm,
1005 180 1036 216 7.
1055 181 1087 213 8.
1115 182 1163 223 [a.
1178 191 1211 214 u.
1227 191 1256 214 c.
1269 181 1351 224 414]

341 286 438 327 facti
463 285 690 336 futurique,
721 282 811 323 laus
837 297 888 323 an
913 297 1048 337 poena
1071 282 1216 323 merita
1246 288 1366 323 essct.
1417 286 1480 323 ‘ut
1509 298 1574 325 me
1605 299 1692 326 om-

341 362 413 387 nes
423 347 446 395 ,'
472 346 603 399 inquit
629 349 774 399 ‘pater,
801 351 871 385 tuo
897 345 1098 399 sanguine
1124 350 1258 385 ortum
1283 359 1378 386 vere
1403 343 1574 395 ferrent,
1599 361 1692 400 pro-

340 414 509 448 vocatus
536 407 741 460 equestria
765 406 868 447 haec
894 406 1024 461 spolia
1050 413 1168 461 capta
1193 421 1244 447 ex
1268 406 1385 448 hoste
1412 421 1532 448 caeso
1551 410 1692 461 porto.'

341 470 451 523 quod
482 468 553 510 ubi
584 469 741 509 audivit
771 469 932 518 consul,
970 468 1175 523 extemplo
1205 469 1334 509 filium
1360 476 1571 510 aversatus
1598 484 1694 510 con-

342 532 494 572 tionem
525 531 698 572 classico
729 530 920 572 advocari
949 531 1081 571 iussit.
1142 545 1247 584 quae
1278 530 1348 572 ubi
1380 530 1572 584 frequens
1599 546 1695 572 con-

340 593 470 633 venit:
499 592 780 646 ‘quandoque’
804 592 937 645 inquit
963 596 1042 641 ‘tu‚
1071 592 1120 633 T.
1141 592 1292 642 Manli,
1313 586 1452 646 'neque
1477 593 1693 647 imperium

341 653 555 695 consulare
575 669 708 708 neque
728 654 984 695 maiestatem
1004 654 1178 709 patriam
1196 655 1348 695 veritus
1369 655 1566 696 adversus
1587 655 1696 695 edic-

342 724 429 757 tum
454 723 639 757 nostrum
666 722 780 757 extra
805 717 989 758 ordinem
1013 717 1055 757 in
1079 717 1239 758 hostem
1263 717 1458 772 pugnasti
1484 724 1540 766 et,
1568 731 1696 770 quan-

342 786 430 819 tum
460 779 503 819 111
528 785 566 819 10
591 778 687 828 fuit,
720 779 979 833 disciplinam
1005 779 1240 828 militarem,
1273 794 1354 832 qua
1380 779 1489 819 stetit
1514 779 1566 819 ad
1590 779 1696 818 lianc

341 841 450 881 diem
480 840 670 882 Romana
704 855 788 890 res,
828 841 986 882 solvisti
1021 855 1169 894 meque
1204 841 1245 881 111
1282 856 1373 881 011111
1409 840 1695 882 1100055111110111

342 903 568 952 adduxisti,
605 910 651 943 ut
681 910 751 943 aut
780 903 839 943 rei
869 903 1057 957 publicae
1089 903 1188 943 1111111
1219 909 1288 943 11111
1319 903 1399 943 11101
1430 917 1696 956 meorumque

343 964 669 1006 obliviscendum
707 965 776 1014 sit,
814 980 888 1006 nos
925 965 1062 1019 potius
1098 972 1238 1006 nostro
1275 965 1422 1006 delicto
1458 964 1695 1019 plectemur,

343 1041 467 1080 quam
502 1042 567 1068 res
604 1027 770 1082 publica
799 1033 912 1069 tanto
945 1042 1018 1068 suo
1049 1027 1199 1068 damno
1230 1033 1369 1068 nostra
1399 1034 1568 1081 peccata
1597 1026 1696 1066 luat.

343 1089 457 1129 triste
489 1089 742 1143 exemplum,
783 1090 856 1130 sed
885 1089 928 1129 in
958 1096 1169 1143 posterum
1202 1089 1364 1130 salubre
1394 1088 1596 1129 iuventuti
1622 1087 1698 1128 eri-

345 1165 449 1191 mus.
499 1165 564 1190 me
595 1151 762 1203 quidem
793 1166 887 1191 cum
913 1151 1096 1206 ingenita
1121 1151 1268 1192 caritas
1294 1151 1467 1192 liberum
1494 1158 1579 1190 111111
1606 1164 1698 1204 spc-

345 1212 478 1252 cimen
508 1212 617 1252 istud
642 1212 802 1253 virtutis
829 1213 1047 1266 deceptum
1074 1228 1179 1253 vana
1203 1213 1382 1267 imagine
1408 1212 1565 1252 decoris
1591 1212 1633 1251 in
1658 1218 1697 1250 10

344 1280 499 1314 movet:
537 1275 610 1315 sed
641 1288 734 1314 cum
765 1281 834 1315 aut
865 1281 993 1314 morte
1026 1281 1095 1315 tua
1127 1275 1348 1315 sancienda
1378 1275 1456 1315 sint
1483 1273 1697 1314 consulum

345 1335 516 1390 imperia
553 1343 622 1377 aut
657 1336 884 1389 inpunitate
915 1336 957 1376 in
987 1343 1229 1390 perpetuum
1261 1336 1516 1390 abroganda,
1554 1350 1627 1376 nec
1660 1341 1698 1374 10

345 1398 529 1450 quidem,
563 1398 596 1438 si
627 1398 727 1450 quid
756 1398 797 1437 in
822 1405 860 1438 10
886 1398 1014 1438 nostri
1040 1398 1251 1452 sanguinis
1278 1405 1358 1446 051,
1390 1413 1578 1438 recusare
1606 1412 1699 1437 ecn-

347 1474 477 1508 seam,
522 1459 619 1512 quin
656 1459 915 1513 disciplinam
952 1460 1168 1500 militarem
1205 1459 1325 1513 culpa
1360 1466 1428 1499 11111
1466 1459 1699 1513 prolapsam

346 1535 479 1574 poena
508 1521 712 1561 restituas.
772 1521 803 1569 i,
841 1521 968 1570 lictor,
1006 1522 1141 1576 deliga
1172 1522 1223 1562 ad
1254 1521 1418 1575 palum?
1479 1520 1699 1561 exanimati

347 1597 488 1622 omnes
516 1588 598 1622 tam
624 1582 751 1622 atroci
775 1582 965 1636 imperio,
998 1597 1071 1623 nec
1098 1583 1213 1623 aliter
1237 1598 1361 1636 quam
1386 1583 1427 1623 in
1454 1598 1497 1623 50
1523 1582 1698 1635 quisquc

348 1644 583 1684 destrictam
609 1650 821 1684 cernentes
843 1658 1046 1693 securem,
1073 1651 1184 1685 metu
1204 1645 1335 1699 magis
1356 1660 1479 1698 quam
1499 1644 1700 1685 modestia

347 1706 550 1760 quievere.
588 1706 726 1760 itaque
745 1706 856 1747 velut
877 1721 1036 1747 emerso
1062 1706 1113 1747 ab
1139 1707 1405 1747 admiratione
1432 1708 1579 1756 animo,
1607 1722 1698 1747 cum

348 1769 508 1809 silentio
534 1768 658 1809 defixi
684 1769 911 1818 stetissent,
944 1775 1127 1823 repente,
1154 1775 1374 1823 postquam
1399 1770 1555 1809 cervice
1581 1783 1702 1809 caesa

347 1831 465 1872 fusus
492 1837 553 1872 est
578 1845 708 1880 cruor,
736 1837 823 1871 tum
846 1830 975 1872 libero
1002 1837 1229 1884 conquestu
1255 1837 1417 1872 coortae
1442 1845 1566 1871 voces
1593 1837 1699 1879 sunt,

308 1928 320 1933 -
349 1900 392 1933 ut
417 1908 548 1946 neque
579 1893 769 1934 lamentis
802 1908 935 1947 neque
967 1893 1292 1934 execrationibus
1324 1899 1569 1947 parceretur,
1608 1907 1702 1946 spo-

347 1956 494 2009 liisque
536 1961 768 1996 contectum
810 1956 970 1996 iuvenis
1013 1970 1179 2010 corpus,
1223 1962 1421 2009 quantum
1457 1954 1700 1995 militaribus

349 2018 495 2058 studiis
539 2018 665 2059 funus
708 2017 837 2058 ullum
881 2017 1158 2058 concelebrari
1198 2023 1352 2072 potest,
1397 2023 1551 2057 structo
1587 2024 1702 2056 extra

348 2080 502 2121 vallum
538 2095 639 2135 rogo
682 2086 947 2128 cremaretur,
990 2079 1284 2133 Manlianaque
1325 2079 1496 2134 imperia
1537 2093 1617 2119 non
1659 2079 1701 2117 in

347 2143 580 2198 praesentia
610 2143 733 2183 modo
763 2142 984 2191 horrenda,
1024 2143 1096 2184 sed
1127 2142 1304 2196 exempli
1340 2142 1462 2182 etiam
1498 2141 1623 2182 tristis
1660 2140 1702 2180 in

348 2212 560 2260 posterum
586 2212 735 2246 essent.

435 2267 557 2308 VIII.
606 2267 723 2308 Fecit
759 2273 896 2308 tamen
933 2267 1125 2308 atrocitas
1161 2281 1317 2322 poenae
1354 2265 1701 2307 oboedientiorem

349 2330 443 2370 duci
474 2329 662 2379 militem,
701 2336 741 2370 01
769 2335 1055 2384 praeterquam
1086 2330 1197 2383 quod
1222 2329 1432 2370 custodiae
1457 2328 1702 2383 vigiliaeque

351 2399 391 2434 et
416 2393 516 2434 ordo
542 2393 763 2433 stationum
782 2393 1009 2433 intentioris
1029 2392 1181 2446 ubique
1201 2406 1321 2433 curae
1341 2397 1473 2439 erant,
1500 2391 1541 2430 in
1561 2390 1702 2430 ultimo

352 2456 475 2496 etiam
501 2456 740 2505 certamine,
767 2470 860 2496 cum
881 2456 1125 2496 descensum
1151 2455 1192 2494 in
1218 2454 1346 2494 aciem
1373 2460 1452 2503 051,
1481 2468 1529 2493 ca
1554 2452 1704 2493 severi-

352 2524 412 2558 tas
438 2517 602 2571 profuit.
641 2517 719 2558 fuit
743 2524 879 2558 autem
907 2517 1015 2558 civili
1040 2516 1218 2557 maxime
1244 2515 1350 2557 bello
1374 2530 1515 2570 pugna
1541 2513 1702 2555 similis:

352 2580 454 2620 adeo
479 2579 578 2619 nihil
604 2580 715 2635 apud
739 2580 914 2621 Latinos
941 2579 1153 2621 dissonum
1181 2578 1232 2620 ab
1258 2577 1446 2619 Romana
1470 2591 1513 2617 re
1543 2582 1704 2631 practer

353 2641 510 2682 animos
537 2648 634 2683 crat.
