1835 3226
290 1104 302 1131 1

287 1227 304 1255 2

333 240 386 280 64
732 242 885 276 LIBER
909 242 962 278 ΙΙ,
992 243 1019 274 1.
1049 244 1096 284 [a.
1111 253 1144 275 u.
1161 253 1189 276 c.
1203 242 1285 286 243]

332 345 555 382 incommodi
569 345 687 388 magis
703 354 812 388 quam
827 353 960 386 graves
977 347 1114 385 essent,
1130 342 1270 376 familia
1278 342 1479 376 Fabiorum
1494 343 1531 377 id
1545 344 1682 378 bellum

331 396 517 442 gerendi*
535 393 758 438 depoposcit
776 393 950 438 misitque
964 393 1002 426 iu
1016 393 1054 426 id
1072 396 1260 427 trecentos
1282 404 1345 427 sex
1365 396 1537 434 armatos,
1561 394 1623 438 qui
1637 395 1684 428 ad

331 448 539 481 Cremeram
559 448 709 488 praeter
728 455 839 477 unum
855 443 901 477 ab
916 443 1087 477 hostibus
1103 443 1203 478 eaesi
1224 447 1319 477 sunt.
1349 443 1490 488 Appius
1506 445 1685 479 Claudius

331 497 473 539 consul,
495 507 576 530 cum
596 495 775 528 adversus
789 495 952 530 Vulscos
974 493 1209 528 contumacia
1228 494 1412 528 exercitus
1432 495 1528 529 male
1542 506 1683 539 pugna-

330 552 406 582 tum
426 550 535 587 esset,
558 545 739 580 decimum
760 555 944 590 quemque
965 544 1121 578 militum
1147 544 1245 579 fuste
1266 545 1460 588 percussit.
1498 556 1558 579 res
1578 557 1686 590 prae-

331 602 434 632 terea
447 597 627 631 adversus
641 596 803 631 Vulscos
818 599 855 629 et
868 595 1053 629 Hernicos
1068 600 1106 630 et
1117 595 1306 637 Veientes,
1322 598 1359 630 ct
1374 595 1575 631 seditiones
1589 595 1684 630 inter

331 652 457 693 patres
475 647 700 692 plebemque
723 645 915 691 eontinet]

830 800 983 852 TITI
1019 800 1181 852 LIVI

651 905 738 942 AB
787 904 977 942 VRBE
1027 904 1366 942 CONDITA

879 1017 1046 1055 LIBER
1078 1017 1131 1054 II.

417 1088 450 1128 I.
494 1087 636 1128 Liberi
666 1088 748 1128 iam
780 1088 874 1128 hinc
905 1087 1046 1142 populi
1070 1088 1247 1129 Romani
1278 1103 1342 1129 res
1367 1102 1469 1142 pace
1495 1087 1686 1141 belloque

331 1157 490 1205 gestas,
523 1164 681 1190 annuos
712 1150 977 1204 magistratus
1009 1150 1261 1204 imperiaque
1286 1150 1425 1205 legum
1455 1150 1685 1204 potentiora

331 1227 454 1266 quam
485 1212 696 1252 hominum
728 1227 936 1266 peragam.
985 1226 1090 1265 quae
1121 1212 1288 1253 libertas
1320 1220 1364 1253 ut
1388 1213 1533 1253 laetior
1558 1220 1680 1259 essct,

330 1274 520 1328 proxumi
537 1274 646 1328 regis
668 1273 859 1328 superbia
878 1274 1042 1314 fecerat.
1081 1289 1175 1314 nam
1194 1275 1351 1328 priores
1372 1274 1426 1314 ita
1447 1282 1683 1328 regnarunt,

333 1344 376 1376 ut
400 1335 499 1376 haut
523 1335 711 1376 inmerito
736 1350 879 1375 omnes
905 1335 1097 1389 deinceps
1124 1336 1354 1376 conditores
1380 1336 1556 1389 partium
1577 1343 1684 1375 certe

332 1396 457 1446 urbis,
478 1412 580 1450 quas
606 1412 734 1437 novas
760 1397 837 1451 ipsi
864 1397 983 1438 sedes
1009 1397 1060 1438 ab
1081 1412 1124 1438 se
1150 1406 1292 1438 auctae
1318 1397 1589 1438 multitudinis
1615 1397 1686 1438 ad-

333 1459 534 1507 diderunt,
555 1466 830 1500 numerentur.
868 1474 1001 1512 neque
1023 1459 1255 1515 ambigitur,
1277 1460 1375 1514 quin
1389 1460 1542 1501 Brutus
1562 1460 1683 1508 idem,

333 1521 403 1574 qui
428 1528 584 1561 tantum
611 1521 765 1575 gloriae
793 1520 982 1576 Superbo
1008 1529 1153 1562 exacto
1178 1537 1274 1577 rege
1306 1522 1470 1571 meruit,
1502 1521 1683 1576 pessimo

333 1582 497 1636 publico
522 1583 564 1622 id
589 1583 772 1622 facturus
799 1582 940 1631 fuerit,
970 1583 1004 1623 si
1028 1582 1227 1623 libertatis
1247 1585 1474 1624 inmaturae
1494 1583 1684 1637 cupidine

333 1644 513 1699 priorum
536 1658 683 1699 regum
709 1644 829 1685 alicui
848 1659 1021 1699 regnum
1042 1645 1293 1686 extorsisset.
1332 1645 1432 1698 quid
1450 1645 1556 1686 enim
1576 1645 1687 1685 sutu-

334 1722 422 1746 rum
443 1706 533 1755 suit,
561 1707 595 1747 si
615 1706 683 1746 illa
707 1712 918 1760 pastorum
939 1721 1296 1760 convenarumque
1315 1706 1446 1760 plebs,
1472 1706 1688 1760 transfuga

334 1784 384 1808 cx
410 1768 494 1808 suis
520 1767 702 1821 populis,
737 1767 812 1808 sub
839 1767 965 1808 tutela
990 1768 1173 1808 inviolati
1199 1768 1340 1822 templi
1365 1774 1435 1808 aut
1458 1767 1686 1808 libertatem

334 1837 403 1870 aut
428 1836 536 1870 certe
575 1829 845 1883 inpunitatem
871 1830 1038 1884 adepta,
1072 1829 1206 1870 soluta
1235 1831 1350 1885 regio
1380 1836 1510 1878 metu,
1543 1828 1686 1883 agitari

334 1898 478 1945 coepta
504 1897 613 1932 esset
638 1891 864 1932 tribuniciis
890 1891 1079 1945 procellis
1106 1898 1145 1931 et
1170 1892 1211 1932 in
1231 1892 1364 1932 aliena
1384 1891 1484 1932 urbe
1505 1906 1596 1931 cum
1617 1905 1683 1944 pa-

334 1952 464 1993 tribus
491 1967 623 1993 serere
649 1953 889 2002 certamina,
920 1953 1161 2007 priusquam
1192 1954 1363 2008 pignera
1394 1953 1616 2007 coniugum
1642 1966 1689 1992 ae

333 2015 553 2056 liberorum
586 2015 817 2068 caritasque
853 2015 983 2069 ipsius
1016 2015 1109 2064 soli,
1148 2016 1214 2055 cui
1249 2016 1374 2070 longo
1406 2022 1587 2069 tempore
1619 2014 1689 2054 ad-

335 2078 548 2126 suescitur,
570 2077 728 2118 animos
755 2092 897 2118 eorum
923 2078 1225 2118 consociasset?
1250 2078 1473 2132 dissipatae
1498 2091 1562 2116 res
1589 2091 1690 2115 non-

334 2140 432 2180 dum
458 2139 622 2180 adultae
648 2140 853 2180 discordia
878 2139 1024 2188 forent,
1051 2154 1153 2192 quas
1179 2139 1283 2179 fovit
1308 2138 1525 2191 tranquilla
1549 2137 1689 2177 mode-

335 2202 437 2242 ratio
462 2201 623 2255 imperii
648 2216 778 2254 eoque
803 2201 1020 2241 nutriendo
1045 2201 1254 2254 perduxit,
1281 2207 1326 2240 ut
1350 2200 1500 2241 bonam
1526 2199 1688 2253 frugem

335 2262 533 2304 libertatis
559 2263 730 2303 maturis
755 2263 837 2303 iam
863 2262 1017 2303 viribus
1044 2262 1149 2303 serre
1174 2269 1326 2316 posset.

419 2324 645 2366 Libertatis
678 2331 814 2365 autem
846 2324 1045 2379 originem
1076 2324 1169 2364 inde
1202 2324 1355 2378 magis,
1387 2323 1484 2376 quia
1508 2337 1688 2362 annuum

335 2386 550 2440 imperium
583 2386 798 2427 consulare
829 2385 984 2426 factum
1016 2393 1096 2435 est,
1134 2400 1258 2438 quam
1288 2385 1398 2438 quod
1434 2384 1689 2424 deminutum

337 2448 554 2501 quiequam
576 2448 627 2488 sit
647 2463 696 2488 ex
722 2448 835 2502 regia
853 2455 1068 2502 potestate,
1089 2462 1292 2488 numeres.
1329 2447 1466 2487 omnia
1484 2446 1584 2494 iura,
1605 2460 1689 2485 om-

336 2510 403 2550 nia
427 2510 605 2565 insignia
630 2510 751 2564 primi
777 2509 965 2550 consules
992 2516 1176 2550 tenuere:
1208 2509 1250 2549 id
1276 2509 1397 2549 modo
1424 2517 1588 2548 cautum
1614 2513 1687 2554 cst,

336 2586 404 2620 ne,
438 2572 473 2612 si
498 2571 620 2612 ambo
646 2571 780 2612 fasces
812 2571 1028 2619 haberent,
1062 2571 1294 2625 duplicatus
1320 2578 1448 2610 terror
1470 2568 1687 2608 videretur.

337 2633 489 2674 Brutus
521 2635 631 2688 prior
661 2635 911 2674 concedente
942 2633 1102 2688 collega
1131 2633 1266 2674 fasces
1302 2632 1463 2679 habuit,
1501 2628 1571 2682 qui
1607 2643 1688 2667 non

338 2694 467 2734 acrior
497 2696 648 2736 vindex
678 2695 875 2736 libertatis
909 2695 1060 2744 suerat,
1092 2709 1216 2747 quam
1247 2694 1394 2734 deinde
1426 2696 1565 2732 custos
1597 2689 1686 2729 fuit.
