1835 3226
319 223 373 265 48
624 227 776 263 LIBER
800 227 835 271 Ι,
860 228 915 261 45.
929 227 984 261 46.
1011 229 1058 270 [a.
1074 238 1110 262 u.
1127 237 1156 261 e.
1172 226 1367 271 176—220]

318 335 390 376 uui
415 348 459 374 se
485 347 537 373 ex
563 331 730 373 Sabinis
762 330 848 371 fors
879 329 976 370 dare
1008 330 1097 370 visa
1128 336 1190 370 est
1214 329 1373 383 privato
1404 330 1574 373 consilio
1598 332 1674 373 im-

274 410 294 438 4
318 395 419 450 perii
449 392 728 447 recuperandi.
778 390 853 432 bos
884 391 926 431 in
959 389 1127 432 Sabinis
1159 397 1255 432 nata
1285 390 1448 431 cuidam
1477 393 1582 446 patri
1612 393 1674 434 fa-

317 456 451 497 miliae
482 454 629 494 dicitur
659 453 846 493 miranda
875 452 1160 508 magnitudine
1197 466 1246 492 ae
1281 452 1430 506 speeie.
1485 452 1568 494 fixa
1601 468 1674 507 per

316 517 466 558 multas
498 522 652 556 aetates
684 529 838 555 cornua
867 514 910 554 in
940 513 1146 555 vestibulo
1169 514 1312 568 templi
1337 513 1501 555 Dianae
1531 529 1675 555 monu-

274 595 292 622 ῑ)
318 584 501 619 mentum
527 576 565 617 ei
589 576 703 617 fuere
728 575 939 616 miraculo.
987 575 1147 624 habita,
1184 582 1229 615 ut
1260 582 1364 625 erat,
1402 589 1468 616 res
1498 575 1675 631 prodigii

316 640 407 680 loco
432 645 495 679 est
519 644 559 679 et
584 637 767 679 cecinere
793 644 921 686 vates,
948 637 1065 678 euius
1086 637 1261 678 civitatis
1282 651 1373 678 eam
1392 637 1492 678 civis
1512 637 1675 678 Dianae

316 699 619 749 immolassent,
638 698 697 740 ibi
720 698 808 740 fore
833 699 1064 753 imperium,
1096 698 1220 753 idque
1245 713 1411 740 carmen
1434 706 1675 753 pervenerat

275 778 292 806 «3
318 764 370 804 ad
395 763 618 806 antistitem
642 761 729 802 fani
746 761 924 810 Dianae,
953 760 1230 815 Sabinusque,
1256 768 1302 802 ut
1324 762 1457 816 prima
1475 767 1570 815 apta
1588 761 1674 802 dies

319 824 518 867 sacrificio
544 824 633 865 visa
658 830 738 872 est,
765 823 932 871 bovem,
960 823 1139 865 Romam
1163 830 1315 873 actam,
1348 823 1513 864 deducit
1539 823 1592 863 ad
1615 823 1676 864 fa-

318 902 417 928 num
441 886 606 927 Dianae
636 891 676 926 et
706 892 800 927 ante
830 901 944 926 aram
970 886 1123 927 statuit.
1171 885 1228 926 ibi
1253 886 1423 926 antistes
1448 885 1675 934 Romanus,

319 964 412 990 cum
449 963 544 990 eum
573 947 815 1003 magnitudo
852 948 1043 989 victimae
1079 947 1284 989 celebrata
1318 947 1429 988 fama
1465 947 1675 996 movisset,

321 1025 477 1052 memor
511 1010 718 1064 responsi,
759 1008 964 1051 Sabinum
999 1009 1056 1050 ita
1092 1009 1343 1063 adloquitur:
1382 1009 1598 1063 ‘quidnam
1634 1016 1678 1049 tu

320 1073 471 1127 hospes
490 1071 699 1127 pararas?’
724 1071 857 1125 inquit
883 1071 1056 1113 ‘inceste
1078 1071 1323 1112 sacrificium
1336 1071 1499 1112 Dianae
1518 1070 1678 1111 facere?

320 1135 418 1188 quin
442 1141 486 1174 tu
511 1140 604 1174 ante
628 1133 723 1174 vivo
748 1133 1009 1188 perfunderis
1035 1133 1228 1174 flumine?
1257 1133 1399 1174 infima
1430 1133 1536 1174 valle
1561 1147 1678 1187 prae-

278 1211 292 1238 ῖ
320 1196 408 1236 fluit
433 1195 621 1236 Tiberis.'
668 1196 865 1250 religione
891 1202 1023 1237 tactus
1049 1195 1215 1250 hospes,
1241 1195 1313 1249 qui
1337 1195 1491 1243 omnia,
1516 1201 1561 1234 ut
1585 1209 1680 1248 pro-

320 1259 432 1313 digio
467 1257 735 1312 responderet
771 1265 961 1308 eventus,
999 1265 1166 1313 cuperet
1200 1258 1277 1300 rite
1306 1257 1434 1307 facta,
1473 1256 1679 1310 extemplo

322 1321 533 1362 descendit
566 1320 618 1361 ad
650 1320 853 1370 Tiberim3
890 1321 1045 1361 interea
1070 1321 1283 1362 Romanus
1301 1319 1493 1361 immolat
1517 1317 1680 1359 Dianae

323 1383 484 1424 bovem.
534 1383 576 1422 id
601 1383 702 1423 mire
727 1389 891 1436 gratum
915 1382 1003 1436 regi
1028 1389 1151 1435 atque
1176 1381 1331 1422 civitati
1355 1381 1445 1421 fuit.

281 1461 292 1487 1
407 1443 679 1485 XXXXVI.
714 1442 884 1485 Servius
910 1458 1162 1496 quamquain
1180 1443 1263 1483 iam
1281 1457 1360 1482 usu
1379 1441 1476 1482 haut
1508 1440 1680 1481 dubium

323 1521 499 1561 regnum
524 1506 782 1560 possederat,
810 1512 966 1554 tamen,
992 1505 1089 1558 quia
1112 1504 1315 1544 interdum
1341 1503 1483 1544 iactari
1508 1517 1631 1543 voces
1658 1518 1682 1543 a

322 1569 470 1609 iuvene
490 1567 715 1621 Tarquinio
735 1567 940 1615 audiebat,
968 1581 1011 1608 sc
1030 1567 1191 1607 iniussu
1208 1565 1349 1620 populi
1373 1579 1557 1620 regnare,
1585 1579 1680 1605 con-

323 1630 458 1671 ciliata
482 1630 595 1684 prius
621 1629 830 1670 voluntate
854 1628 987 1683 plebis
1013 1643 1113 1683 agro
1145 1635 1264 1682 capto
1290 1642 1341 1668 ex
1370 1626 1559 1668 hostibus
1585 1626 1681 1666 viri-

323 1692 393 1732 tim
419 1692 552 1732 diviso
577 1706 703 1732 ausus
730 1698 792 1731 est
815 1690 921 1731 ferre
947 1690 999 1730 ad
1024 1689 1240 1744 populum,
1266 1689 1418 1729 vellent
1440 1688 1680 1729 iuberentne

324 1768 367 1794 se
403 1767 594 1808 regnare,
631 1759 827 1805 tantoque
865 1766 1088 1799 consensu,
1127 1758 1281 1803 quanto
1315 1750 1428 1790 haud
1462 1750 1680 1803 quisquam

280 1833 296 1858 2
324 1815 427 1856 alius
460 1822 571 1862 ante,
609 1829 681 1854 rex
717 1820 779 1854 est
818 1813 1062 1854 declaratus.
1112 1826 1246 1865 neque
1282 1825 1332 1852 ea
1359 1825 1425 1853 res
1456 1810 1682 1880 Tarquinio

325 1892 440 1932 spem
466 1876 700 1918 adfectandi
725 1876 842 1931 regni
873 1875 1040 1923 minuit,
1077 1875 1205 1916 immo
1231 1888 1279 1915 eo
1316 1873 1549 1928 inpensius,
1587 1872 1683 1924 quia

324 1940 373 1980 de
411 1954 510 1995 agro
547 1938 678 1993 plebis
716 1938 890 1979 adveisa
925 1945 1090 1992 patrum
1127 1937 1337 1977 xoluntate
1379 1941 1565 1975 senserat
1601 1933 1680 1987 agi,

324 2001 565 2042 eliminandi
593 1999 727 2042 Seivii
758 2000 868 2054 apud
898 2007 1035 2054 patres
1068 1997 1359 2050 crescendique
1388 1997 1432 2037 in
1462 1996 1574 2037 curia
1605 1994 1682 2035 sibi

324 2063 582 2104 occasionem
605 2062 746 2103 datam
770 2068 883 2102 ratus
910 2068 983 2109 est,
1012 2068 1049 2101 et
1070 2060 1158 2114 ipse
1179 2059 1338 2099 iuvenis
1358 2057 1537 2099 ardentis
1559 2056 1682 2097 animi

280 2142 297 2168 :5
324 2132 362 2166 et
389 2125 500 2166 domi
524 2139 651 2165 uxore
677 2124 816 2164 Tullia
839 2123 1068 2176 inquietum
1094 2122 1275 2162 animuin
1302 2120 1548 2161 stimulante.
1592 2117 1683 2157 tulit

323 2187 432 2229 enim
458 2193 497 2227 et
521 2186 711 2228 Romana
735 2186 849 2240 regia
873 2185 1039 2225 sceleris
1065 2183 1210 2238 tragici
1241 2181 1494 2235 exemplum,
1531 2187 1575 2220 ut
1600 2186 1683 2219 tae-

325 2250 392 2291 dio
423 2263 569 2305 regum
599 2248 796 2289 maturior
825 2248 982 2288 veniret
1012 2246 1178 2287 libertas
1208 2244 1479 2297 ultimumque
1510 2256 1683 2297 regnum

325 2319 447 2360 esset,
474 2311 585 2365 quod
610 2310 763 2351 scelere
788 2317 951 2364 partum
977 2308 1094 2349 foret.

281 2389 297 2415 λ4
410 2373 493 2414 Hic
518 2374 571 2413 L.
599 2372 848 2426 Tarquinius
876 2396 929 2400 —
954 2370 1088 2411 Piisei
1115 2368 1315 2422 Tarquini
1339 2368 1449 2423 regis
1480 2365 1588 2406 filius
1613 2379 1684 2405 nc-

323 2449 452 2489 posne
488 2434 627 2483 sumit,
671 2448 817 2488 parum
854 2433 999 2486 liquet,
1043 2430 1229 2486 pluiibus
1273 2437 1411 2470 tamen
1448 2426 1682 2469 auctoribus

325 2497 453 2537 filium
474 2496 671 2537 ediderim
685 2521 738 2525 ——
759 2495 927 2536 fr·at1e1n
945 2493 1145 2534 habuciat
1159 2492 1384 2532 Arruntem
1399 2487 1680 2542 Tarquinium

282 2573 299 2600 5>
327 2559 434 2599 mitis
466 2558 620 2613 ingenii
649 2558 853 2598 iuvenem.
903 2556 966 2596 his
999 2554 1180 2603 (luobus,
1220 2560 1265 2594 ut
1296 2560 1390 2593 ante
1421 2551 1576 2592 dictum
1607 2555 1680 2593 est,

326 2620 430 2660 duae
456 2620 634 2668 Tulliae,
672 2620 782 2674 legis
808 2618 933 2667 filiae,
972 2623 1214 2672 nupseiant,
1252 2623 1291 2656 et
1315 2615 1430 2669 ipsae
1454 2613 1575 2665 longe
1601 2609 1682 2649 dis-

326 2696 444 2735 pares
482 2681 676 2722 moiibus.
727 2680 832 2721 forte
869 2681 923 2721 ita
960 2679 1176 2727 inciderat,
1214 2691 1265 2718 ne
1301 2677 1383 2717 duo
1414 2673 1591 2714 violenta
1623 2670 1684 2710 in-
