1835 3226
319 443 350 471 ll

317 1173 357 1201 14

318 1286 356 1313 15

318 1398 356 1427 16

321 1568 354 1595 1?

338 1850 355 1877 Na

382 263 464 304 302
732 268 885 302 LIBER
910 267 955 311 V,
981 267 1034 302 5⁶2.
1054 267 1109 301 53.
1139 270 1186 312 [a.
1201 280 1234 302 u.
1250 279 1280 303 c.
1294 269 1376 314 364]

380 387 511 427 nuper
540 373 582 412 111
612 371 822 412 Aventino
853 386 976 423 quam
1012 371 1164 426 insigni
1203 371 1254 412 ob
1292 371 1495 413 excellens
1532 379 1737 414 matrona-

380 444 471 470 rum
508 428 688 468 studium
720 426 952 480 celebrique
985 427 1174 468 dedicata
1211 436 1274 469 est
1304 427 1388 468 die!
1442 427 1525 469 Aio
1556 428 1735 470 Locutio

381 484 578 538 templum
603 492 771 538 propter
795 483 1012 524 caelestem
1040 498 1181 524 vocem
1209 484 1443 525 exauditam
1468 485 1510 525 in
1527 484 1647 525 Nova
1670 486 1738 525 via

379 541 577 581 iussimus
608 540 713 589 ficri3
753 539 1009 593 Capitolinos
1039 540 1159 581 ludos
1192 540 1458 582 sollemnibus
1497 541 1586 581 aliis
1624 541 1738 581 addi-

381 597 517 638 dimus
549 597 851 650 collegiumque
882 597 935 637 ad
964 597 1006 637 id
1036 612 1190 637 novum
1222 604 1387 638 auctore
1424 604 1568 638 senatu
1599 597 1739 637 condi-

381 653 535 694 dimus:
572 653 673 706 quid
698 653 842 694 horum
869 668 972 707 opus
997 653 1076 693 fuit
1101 654 1273 708 suscipi,
1313 654 1347 694 si
1372 668 1454 694 una
1485 669 1578 694 cum
1606 652 1738 694 Gallis

381 709 524 750 urbem
548 709 779 750 Romanam
804 709 983 749 relicturi
1008 710 1181 759 fuimus,
1221 711 1254 751 si
1279 725 1361 750 non
1391 710 1599 751 voluntate
1625 725 1740 749 man-

381 766 509 806 simus
534 766 576 806 in
603 765 808 820 Capitolio
833 780 906 819 per
931 772 990 806 101
1013 781 1176 807 menses
1203 766 1447 815 obsidionis,
1475 767 1510 806 si
1535 766 1586 807 ab
1612 765 1740 806 hosti-

337 836 354 863 3
380 822 458 864 bus
483 829 596 863 metu
620 822 766 863 retenti
792 822 962 863 sumus?
986 822 1037 863 de
1063 823 1190 864 sacris
1209 822 1414 875 loquimur
1434 829 1473 863 et
1492 823 1542 863 de
1562 822 1738 876 templis.

381 878 480 932 quid
510 879 702 919 tandem?
755 879 806 919 de
843 878 1124 920 sacerdotibus
1161 894 1297 919 nonne
1334 879 1376 918 in
1413 886 1593 919 mentem
1628 878 1741 919 venit

380 940 579 989 quantum
603 934 755 990 piaculi
780 935 1082 976 committatur?
1122 935 1362 976 Vestalibus
1393 950 1540 990 nempe
1566 950 1649 976 una
1671 935 1741 975 illa

381 992 500 1032 sedes
526 998 606 1041 est,
645 1006 696 1032 ex
721 1006 802 1045 qua
827 991 927 1032 nihil
952 1006 1149 1045 umquam
1179 998 1464 1046 praeterquam
1494 991 1594 1033 urbs
1621 998 1741 1045 capta

379 1047 520 1088 movit.
581 1048 737 1089 flamini
761 1047 875 1088 Diali
905 1054 1067 1089 noctem
1099 1063 1223 1088 unam
1255 1063 1419 1088 manere
1451 1054 1565 1089 extra
1596 1047 1740 1088 urbem

379 1105 497 1144 nefas
524 1110 604 1145 cst:
636 1105 711 1145 hos
737 1104 934 1145 Veientes
965 1119 1040 1159 pro
1065 1104 1265 1145 Romanis
1296 1105 1445 1145 facturi
1476 1105 1574 1146 estis
1608 1118 1741 1145 sacer-

382 1160 524 1200 dotes?
565 1167 605 1201 et
633 1160 826 1201 Vestales
863 1167 957 1201 tuae
993 1167 1032 1201 te
1070 1162 1277 1210 deserent,
1315 1161 1470 1202 Vesta?
1517 1168 1556 1202 et
1591 1161 1741 1202 flamen

380 1231 551 1271 peregre
581 1216 803 1257 habitando
834 1217 876 1256 111
908 1217 1091 1272 singulas
1122 1224 1263 1259 noctes
1295 1224 1454 1258 tantum
1487 1218 1565 1258 sibi
1600 1217 1741 1270 reique

382 1272 571 1327 publicae
596 1273 747 1327 piaculi
773 1273 1008 1313 contrahet?
1038 1274 1137 1326 quid
1162 1274 1257 1322 alia,
1285 1289 1390 1326 quae
1416 1274 1628 1328 auspicato
1654 1274 1740 1328 agi-

381 1344 473 1370 mus
499 1330 632 1370 omnia
659 1329 744 1369 fere
769 1329 875 1369 intra
898 1330 1146 1383 pomerium,
1174 1330 1239 1370 eui
1265 1330 1460 1370 oblivioni
1485 1337 1556 1370 aut
1580 1330 1646 1370 cui
1670 1343 1741 1370 110-

382 1385 613 1440 glegentiae
644 1386 815 1426 damus?
857 1385 1022 1426 comitia
1052 1386 1224 1433 curiata,
1264 1400 1369 1438 quae
1399 1400 1486 1426 rem
1522 1386 1739 1426 militarem

383 1442 603 1491 continent,
630 1441 793 1483 comitia
819 1442 1055 1490 centuriata,
1082 1442 1232 1494 quibus
1254 1441 1444 1483 consules
1471 1442 1739 1495 tribunosque

382 1498 576 1539 militares
615 1498 779 1547 creatis,
817 1498 889 1539 ubi
924 1498 1153 1552 auspicato,
1191 1498 1269 1539 nisi
1305 1498 1376 1539 ubi
1412 1498 1615 1548 adsolent,
1653 1498 1738 1539 ficri

384 1554 583 1608 possunt?
612 1553 794 1595 Veiosne
820 1554 921 1595 haec
947 1554 1241 1595 transferemus
1267 1570 1317 1594 an
1339 1555 1595 1595 comitiorum
1616 1569 1740 1595 causa

381 1611 559 1664 populus
585 1616 697 1651 tanto
722 1611 982 1651 incommodo
1008 1611 1050 1650 in
1075 1610 1279 1652 desertam
1305 1610 1410 1652 hanc
1436 1611 1487 1652 ab
1520 1611 1582 1652 dis
1608 1611 1739 1652 homi-

385 1666 588 1719 nibusque
613 1666 757 1707 urbem
784 1666 1023 1707 conveniet?

466 1722 590 1764 LIII.
648 1721 732 1763 Sed
758 1737 822 1763 res
847 1723 938 1776 ipsa
970 1723 1080 1777 cogit
1105 1729 1265 1763 vastam
1296 1723 1496 1764 incendiis
1526 1724 1738 1777 ruinisque

381 1779 610 1832 relinquere
635 1779 780 1819 urbem
806 1786 845 1819 et
871 1779 922 1819 ad
947 1779 1107 1833 integra
1138 1779 1275 1819 omnia
1299 1778 1426 1820 Veios
1458 1780 1634 1834 migrare
1665 1794 1742 1821 nec

383 1836 448 1876 hic
473 1835 726 1876 aedificando
750 1835 916 1890 inopem
940 1834 1104 1889 plebem
1123 1849 1286 1876 vexare.
1318 1835 1425 1876 hanc
1444 1842 1582 1876 autem
1599 1837 1742 1877 iactari

382 1892 514 1947 magis
541 1907 710 1933 causam
735 1906 859 1945 quam
884 1906 1025 1932 veram
1051 1906 1154 1941 esse,
1181 1898 1225 1931 ut
1245 1906 1323 1946 ego
1341 1906 1425 1933 non
1443 1892 1590 1941 dicam,
1617 1906 1744 1947 appa-

381 1964 469 1990 rere
494 1948 632 1998 vobis,
661 1948 858 2001 Quirites,
884 1956 997 2002 puto,
1025 1948 1095 2001 qui
1120 1948 1378 1997 meministis,
1405 1955 1499 1989 ante
1526 1946 1741 1989 Gallorum

381 2006 604 2046 adventum
641 2005 766 2046 salvis
793 2005 909 2045 tectis
942 2004 1118 2059 publicis
1150 2004 1421 2059 privatisque,
1461 2011 1594 2046 stante
1630 2004 1743 2046 inco-

382 2061 484 2103 lumi
506 2061 607 2102 urbe
638 2061 744 2102 hanc
776 2061 948 2102 eandem
973 2076 1058 2101 rem
1085 2068 1218 2102 actam
1244 2076 1354 2110 esse,
1387 2071 1432 2101 ut
1456 2060 1584 2102 Veios
1610 2067 1742 2102 trans-

383 2118 668 2173 migraremus.
728 2124 768 2158 et
792 2118 946 2166 videte,
984 2124 1183 2170 quantum
1209 2117 1314 2158 inter
1337 2132 1472 2158 meam
1499 2117 1742 2158 sententiam

384 2183 645 2228 vestramque
670 2174 841 2223 intersit,
868 2174 1032 2215 tribuni.
1082 2189 1168 2223 vos,
1196 2174 1356 2215 etiamsi
1381 2180 1477 2214 tunc
1502 2173 1742 2214 faciundum

383 2247 464 2273 non
489 2231 629 2280 fuerit,
656 2246 765 2272 nunc
790 2231 931 2284 utique
956 2230 1191 2271 faciendum
1215 2230 1386 2285 putatis:
1419 2244 1496 2285 ego
1522 2236 1664 2271 contra
1687 2255 1742 2260 —

382 2303 457 2329 nec
482 2288 523 2328 id
550 2287 683 2328 mirati
709 2287 810 2335 sitis,
836 2287 1077 2341 priusquam
1103 2286 1223 2340 quale
1243 2287 1295 2328 sit
1315 2286 1524 2327 audieritis
1544 2311 1598 2316 —
1619 2286 1742 2327 etiam

385 2345 419 2385 si
443 2351 530 2385 tum
563 2344 823 2398 migrandum
854 2343 1002 2384 fuisset
1030 2343 1226 2384 incolumi
1256 2349 1342 2384 tota
1373 2342 1490 2392 urbe,
1527 2357 1637 2383 nunc
1666 2342 1742 2383 has

383 2401 522 2442 ruinas
548 2401 836 2453 relinquendas
861 2415 944 2440 non
969 2414 1192 2440 censerem.
1241 2400 1394 2454 quippe
1414 2406 1501 2439 tum
1526 2413 1652 2440 causa
1669 2413 1743 2440 no-

384 2457 447 2498 bis
483 2457 527 2497 in
561 2457 706 2498 urbem
742 2463 904 2511 captam
941 2456 1146 2511 migrandi
1181 2456 1352 2496 victoria
1393 2464 1521 2504 esset,
1563 2455 1743 2510 gloriosa

385 2513 503 2554 nobis
535 2528 584 2554 ac
613 2513 788 2568 posteris
818 2513 988 2562 nostris3
1024 2527 1134 2553 nunc
1163 2512 1265 2553 haec
1296 2512 1486 2567 migratio
1515 2511 1635 2552 nobis
1667 2511 1742 2551 mi-

386 2584 476 2610 sera
506 2584 554 2611 ac
584 2569 733 2624 turpis,
773 2567 905 2610 Gallis
931 2569 1111 2624 gloriosa
1141 2575 1214 2609 est.
1275 2584 1356 2609 non
1389 2569 1497 2609 enim
1526 2567 1740 2620 reliquisse

384 2626 578 2675 victores,
616 2626 689 2667 sed
720 2625 908 2667 amisisse
944 2625 1041 2666 vieti
1076 2625 1251 2679 patriam
1287 2624 1537 2673 videbimus3
1575 2623 1652 2663 hoc
1687 2622 1738 2662 ad

386 2681 524 2722 Aliam
546 2683 658 2736 suga,
684 2682 762 2723 1100
782 2689 902 2736 capta
920 2680 1032 2730 urbs,
1059 2681 1137 2722 hoc
1156 2681 1474 2722 circumsessum
1490 2677 1737 2732 Capitolium

385 2739 639 2779 necessitatis
671 2738 921 2792 inposuisse,
959 2744 1002 2778 ut
1040 2737 1321 2778 desereremus
1357 2741 1526 2790 penates
1562 2739 1736 2783 nostros,
