1835 3226
344 168 427 209 530
698 172 850 207 LIBER
875 174 929 217 X,
955 174 1009 208 33.
1027 173 1081 208 34.
1109 176 1156 218 [a.
1172 185 1208 208 u.
1224 185 1253 209 c.
1267 174 1349 218 460]

297 292 314 321 9
342 278 454 319 urbo.
508 277 621 331 prius
653 283 791 316 tamen
821 290 946 329 quam
976 276 1122 325 exiret,
1154 275 1351 318 militibus
1383 277 1516 319 edicto
1549 277 1695 321 Soram

340 340 462 380 iussis
489 338 724 386 convenire,
756 338 845 392 ipse
876 338 1021 379 aedem
1046 337 1274 388 Victoriae,
1307 353 1431 392 quam
1457 340 1600 381 aedilis
1627 355 1696 382 cu-

338 400 437 441 rulis
457 415 507 440 ex
526 399 751 440 multaticia
775 400 950 454 pecunia
974 400 1205 440 faciendam
1232 408 1456 451 curaverat,
1477 402 1692 444 dedicavit.

276 476 314 505 10
338 463 394 502 ita
424 462 477 502 ad
508 461 732 502 exercitum
767 461 976 515 profectus
1011 460 1115 503 Sora
1146 462 1189 502 in
1221 460 1437 503 Samnium
1474 464 1527 504 ad
1563 471 1696 505 castra

338 523 519 577 collegae
544 523 735 577 perrexit.
779 523 874 564 inde
898 530 1119 578 postquam
1146 522 1354 565 Samnites
1381 524 1507 565 diffisi
1532 525 1694 566 duobus

337 583 583 625 exercitibus
614 584 751 625 resisti
780 599 904 639 posse
934 592 1212 634 recesserunt,
1244 585 1396 627 diversi
1427 586 1616 628 consules
1642 587 1695 628 ad

336 644 559 687 vastandos
585 660 707 700 agros
733 645 939 700 urbesque
965 647 1264 702 oppugnandas
1291 647 1518 689 discedunt.

295 724 308 752 1
420 706 673 748 XXXHH.
715 706 958 749 Postumius
983 708 1220 750 Milioniam
1252 724 1491 764 oppugnare
1527 710 1693 752 adortus

336 769 377 809 vi
401 769 534 823 primo
560 775 682 822 atque
712 769 886 824 impetu,
914 770 1026 820 dein,
1058 778 1278 825 postquam
1305 786 1352 811 ea
1376 786 1521 826 parum
1550 786 1694 826 proce-

293 847 311 876 ρ
339 830 509 879 debant,
537 845 659 885 opere
685 846 732 872 ac
757 832 888 873 vineis
914 833 1081 873 demum
1105 833 1296 874 initmctis
1327 848 1444 874 muro
1470 834 1587 888 cepit.
1637 833 1693 875 ibi

334 900 453 947 capta
488 893 570 933 iam
605 892 706 934 urbe
738 893 788 934 ab
821 894 921 935 hora
954 902 1100 948 quarta
1135 909 1265 948 usque
1302 895 1354 935 ad
1385 902 1572 936 octavam
1607 895 1693 936 fere

333 953 477 995 horam
502 954 693 996 omnibus
725 955 909 1010 partibus
936 956 1048 998 urbis
1074 956 1145 996 diu
1174 957 1328 997 incerto
1353 964 1501 998 eventu
1531 973 1692 1012 pugna-

292 1030 310 1059 3
337 1023 424 1057 tum
450 1023 530 1066 est3
567 1023 775 1071 postremo
805 1018 959 1072 potitur
989 1019 1141 1073 oppido
1166 1018 1392 1060 Romanus
1444 1018 1692 1061 Samnitium

333 1078 445 1119 caesi
475 1079 551 1119 tria
581 1079 693 1120 milia
717 1080 900 1129 ducenti,
939 1081 1046 1135 capti
1079 1087 1270 1134 quattuor
1300 1081 1411 1122 milia
1443 1082 1691 1136 septingenti

288 1153 309 1181 4
333 1147 495 1194 praeter
528 1141 724 1194 praedam
755 1142 889 1182 aliam.
950 1142 1044 1183 inde
1074 1142 1279 1183 Feritrum
1311 1143 1457 1184 ductae
1493 1143 1689 1198 legiones,

330 1201 439 1242 unde
467 1202 662 1255 oppidani
689 1217 781 1242 cum
804 1203 994 1244 omnibus
1020 1204 1143 1245 rebus
1170 1205 1268 1253 suis,
1289 1219 1394 1258 quae
1420 1204 1516 1245 ferri
1541 1206 1690 1260 agique

330 1269 560 1317 potuerunt,
591 1271 709 1304 nocte
735 1279 808 1318 per
835 1280 1021 1305 aversam
1047 1273 1206 1319 portam
1233 1266 1393 1307 silentio
1413 1278 1687 1308 excesserunt.

285 1339 304 1368 5
330 1325 454 1379 igitur
479 1325 601 1365 simul
626 1326 791 1366 advenit
827 1326 989 1376 consul,
1015 1328 1148 1381 primo
1172 1328 1227 1368 ita
1253 1329 1490 1381 conpositus
1516 1329 1690 1369 instruc-

330 1393 478 1439 tusque
503 1387 719 1428 moenibus
751 1389 968 1437 successit,
1007 1396 1220 1442 tamquam
1250 1389 1359 1429 idem
1390 1389 1499 1442 quod
1530 1390 1582 1430 ad
1606 1390 1689 1431 Mi-

287 1461 305 1491 6
330 1447 498 1489 lioniam
512 1448 646 1490 fuerat
659 1450 890 1490 certaminis
909 1450 1025 1499 foret,
1057 1451 1217 1500 deinde,
1243 1458 1287 1491 ut
1307 1451 1511 1492 silentium
1525 1460 1687 1494 vastum

330 1509 370 1549 in
395 1509 495 1550 urbe
520 1524 596 1551 nec
621 1526 734 1551 arma
758 1526 833 1551 nec
858 1512 967 1552 viros
992 1512 1034 1552 in
1053 1512 1230 1553 turribus
1251 1527 1298 1552 ac
1317 1513 1443 1553 muris
1464 1514 1575 1563 vidit,
1602 1515 1688 1554 avi-

329 1571 427 1611 dum
452 1571 673 1612 invadendi
697 1572 858 1613 deserta
883 1573 1045 1613 moenia
1074 1573 1243 1614 militem
1274 1573 1444 1623 detinet,
1481 1589 1533 1615 ne
1563 1589 1685 1629 quam

286 1647 302 1675 7
329 1633 529 1673 occultam
555 1633 597 1673 iu
621 1633 810 1674 fraudem
834 1634 1024 1675 incautus
1049 1640 1196 1674 rueret.
1246 1635 1348 1675 duas
1375 1641 1530 1676 turmas
1556 1638 1685 1678 socio-

330 1710 420 1735 rum
451 1696 594 1735 Latini
625 1695 802 1736 nominis
834 1696 1172 1750 circumequitare
1203 1697 1365 1737 moenia
1395 1704 1516 1750 atque
1548 1698 1686 1752 explo-

329 1772 418 1798 rare
444 1758 581 1798 omnia
604 1757 729 1799 iubet.
767 1758 926 1811 equites
951 1765 1112 1813 portam
1131 1774 1254 1799 unam
1275 1758 1525 1812 alteramque
1545 1761 1686 1801 eadem

327 1819 494 1874 regione
529 1819 571 1859 in
606 1820 836 1874 propinquo
873 1827 1060 1875 patentes
1102 1821 1358 1875 conspiciunt
1393 1821 1688 1876 itineribusque

286 1894 305 1923 8
332 1881 395 1923 his
421 1881 596 1936 vestigia
621 1888 844 1923 nocturnae
875 1882 1055 1924 hostium
1093 1883 1231 1938 fugae.
1281 1883 1517 1937 adequitant
1541 1884 1688 1925 deinde

329 1945 481 1985 sensim
506 1945 634 1999 portis
661 1944 886 1998 urbemque
918 1960 969 1986 ex
1000 1952 1086 1987 tuto
1111 1946 1231 1987 rectis
1262 1945 1475 1987 itineribus
1500 1947 1685 2001 perviam

329 2006 585 2061 conspiciunt
611 2013 650 2047 et
675 2007 835 2047 consuli
858 2007 1053 2057 referunt,
1080 2022 1296 2049 excessum
1320 2007 1420 2048 urbe
1430 2024 1440 2057 3
1467 2008 1685 2049 solitudine

328 2068 439 2109 haud
475 2068 601 2110 dubia
635 2069 679 2110 id
713 2069 977 2124 perspicuum
1014 2084 1105 2110 csse
1147 2077 1187 2110 et
1222 2069 1455 2111 recentibus
1496 2070 1683 2126 vestigiis

326 2130 450 2185 fugae
476 2145 524 2171 ac
549 2137 684 2186 strage
708 2145 845 2172 rerum
869 2132 911 2172 in
936 2131 1205 2186 trepidatione
1229 2138 1428 2172 nocturna
1450 2131 1684 2173 relictarum

283 2206 299 2235 9
326 2192 493 2246 passim.
547 2193 611 2234 his
643 2193 792 2234 auditis
824 2194 968 2234 consul
999 2194 1052 2235 ad
1076 2208 1168 2235 eam
1203 2199 1360 2248 partem
1392 2193 1523 2243 urbis,
1561 2208 1684 2247 quam

327 2255 510 2295 adierant
545 2255 723 2309 equites,
767 2256 1035 2297 circumducit
1080 2271 1241 2311 agmen.
1301 2255 1532 2297 constitutis
1574 2255 1685 2296 haud

326 2317 469 2371 procul
493 2324 611 2372 porta
636 2317 765 2373 signis
791 2318 970 2371 quinque
997 2318 1154 2372 equites
1180 2317 1294 2359 iubet
1311 2318 1460 2358 intrare
1480 2317 1623 2359 urbem
1643 2325 1681 2358 et

326 2379 534 2420 modicum
559 2380 737 2434 spatium
760 2395 1003 2436 progressos
1035 2381 1106 2422 tris
1137 2396 1302 2422 manere
1333 2380 1477 2421 eodem
1501 2381 1610 2430 loco,
1648 2381 1682 2421 si

263 2453 302 2482 10
327 2448 414 2482 tuta
448 2442 681 2492 videantur,
720 2443 824 2484 duos
863 2443 1075 2498 explorata
1110 2444 1162 2484 ad
1199 2458 1242 2485 se
1279 2443 1443 2484 referre.
1503 2443 1574 2496 qui
1609 2442 1681 2484 ubi

327 2503 533 2544 redierunt
556 2504 894 2558 rettuleruntque,
921 2520 970 2546 eo
997 2519 1041 2546 se
1065 2520 1321 2561 progressos,
1347 2505 1456 2546 unde
1475 2505 1516 2546 in
1536 2519 1679 2546 omnes

327 2571 462 2617 partes
488 2565 809 2622 circumspectus
836 2575 957 2617 essct,
983 2567 1105 2623 longe
1130 2568 1291 2622 lateque
1312 2568 1518 2609 silentium
1543 2582 1591 2609 ac
1616 2582 1681 2608 so-

266 2638 300 2666 11
329 2625 542 2668 litudinem
567 2630 738 2680 vidisse,
776 2630 982 2685 extemplo
1007 2631 1151 2672 consul
1182 2631 1370 2672 cohortes
1402 2630 1612 2685 expeditas
1637 2629 1679 2670 in
