1835 3226
368 143 444 185 132
678 148 829 183 LIBER
855 148 928 191 111,
957 148 1398 191 ‡.s.[a.u.e.25›1.-2t÷2‚1

364 256 502 309 ignota
533 252 665 306 capita
695 251 774 291 late
806 257 957 305 vagata
990 257 1052 292 est
1082 251 1143 291 vis
1170 249 1301 291 morbi
1327 250 1526 304 inopsque
1553 266 1718 294 senatus

363 315 502 356 auxilii
528 313 697 353 humani
722 312 773 353 ad
799 312 899 353 deos
924 311 1123 366 populum
1148 326 1196 352 ae
1221 319 1314 353 vota
1343 312 1478 352 vertit:
1505 313 1607 354 iussi
1627 329 1719 354 eum

363 376 608 431 coniugibus
633 389 681 416 ac
705 374 845 415 liberis
872 374 1146 428 supplicatum
1172 374 1228 414 ire
1248 388 1474 428 pacemque
1497 388 1720 429 exposcere

318 460 335 477 s
363 440 496 480 deum.
542 438 594 478 ad
612 437 672 486 id,
699 437 811 490 quod
836 451 911 477 sua
935 450 1140 489 quemque
1165 435 1274 476 mala
1299 435 1520 490 cogebant,
1548 438 1721 478 auctori-

363 508 443 541 tate
468 499 634 554 publica
660 498 837 547 evocati,
871 499 1009 539 omnia
1033 497 1206 539 delubra
1229 498 1396 552 inplent.
1448 505 1598 539 stratae
1628 513 1722 552 pas-

363 563 439 603 sim
477 568 645 609 matres,
690 560 871 601 crinibus
915 560 1067 614 templa
1101 567 1328 609 verrentes,
1374 560 1535 600 veniam
1572 561 1720 601 irarum

363 624 600 665 caelestium
626 624 833 676 finemque
859 622 965 676 pesti
991 628 1231 676 exposcunt.

324 702 331 727 1
446 685 570 726 VIII.
627 685 728 725 Inde
759 684 974 739 paulatim,
1014 698 1088 724 seu
1117 698 1219 738 pace
1250 684 1373 725 deum
1405 685 1620 738 impetrata
1651 698 1722 724 seu

363 747 551 802 graviore
583 754 765 801 tempore
798 746 894 787 anni
925 747 1006 787 iam
1038 746 1305 795 circumacto,
1339 746 1534 787 defuncta
1571 746 1723 786 morbis

364 824 534 864 corpora
561 809 787 850 salubriora
813 823 905 849 esse
930 808 1127 863 incipere,
1154 808 1369 861 versisque
1395 808 1541 849 animis
1567 809 1646 848 iam
1674 808 1723 848 ad

321 886 336 913 :¹
363 871 570 926 publicam
597 885 755 921 euram,
783 885 877 911 cum
903 870 1057 923 aliquot
1083 871 1317 925 interregna
1342 871 1544 919 exissent,
1571 869 1618 910 P.
1641 869 1725 910 Va-

364 934 488 974 lerius
513 933 730 974 Publicola
760 933 879 973 tertio
911 933 975 973 die
1007 947 1130 985 quam
1156 932 1434 987 interregnum
1462 931 1606 972 inierat
1632 946 1726 972 con-

366 995 475 1036 sules
513 1002 623 1035 creat
660 996 711 1035 L.
750 995 994 1035 Lucretium
1031 994 1318 1048 Tricipitinum
1357 1000 1395 1034 et
1427 993 1476 1033 T.
1508 993 1725 1033 Veturium

322 1074 338 1098 :5
368 1056 609 1105 Geminum,
638 1057 723 1097 sive
750 1057 816 1097 ille
838 1055 1036 1097 Vetusius
1063 1056 1152 1096 fuit.
1191 1063 1284 1097 ante
1310 1057 1419 1097 diem
1445 1056 1608 1096 tertium
1634 1055 1726 1096 idus

369 1117 547 1160 Sextiles
585 1118 843 1159 consulatum
881 1118 1020 1158 ineunt
1052 1118 1132 1158 iam
1165 1118 1263 1158 satis
1296 1118 1431 1159 valida
1463 1117 1645 1165 civitate,
1683 1125 1725 1156 ut

367 1195 447 1221 non
481 1180 613 1221 solum
646 1195 782 1221 arcere
814 1179 986 1228 bellum,
1020 1180 1093 1220 sed
1118 1179 1222 1220 ultro
1250 1180 1371 1220 etiam
1397 1179 1546 1219 inferre
1571 1190 1723 1233 posset.

325 1258 343 1285 -t
370 1243 494 1297 igitur
523 1242 806 1283 nuntiantibus
838 1241 1032 1283 Hernicis
1069 1242 1109 1282 in
1148 1242 1249 1282 fines
1289 1256 1384 1282 suos
1423 1241 1726 1282 transcendisse

368 1305 526 1354 hostes,
553 1305 713 1359 inpigre
738 1305 988 1359 promissum
1014 1304 1222 1344 auxilium.

451 1367 550 1407 Duo
577 1367 813 1407 consulares
839 1366 1040 1406 exercitus
1069 1366 1219 1420 scripti.
1276 1365 1470 1405 Veturius
1503 1366 1654 1406 missus
1686 1366 1726 1404 in

294 1478 297 1481 Ι
326 1444 343 1470 5»
372 1428 545 1469 Volscos
572 1428 624 1469 ad
650 1428 802 1469 bellum
829 1428 932 1468 ultro
958 1428 1229 1469 inferendum.
1281 1427 1568 1481 Tricipitinus,
1595 1441 1725 1481 popu—

369 1491 589 1532 lationibus
627 1491 813 1531 arcendis
852 1491 1056 1531 sociorum
1092 1504 1191 1544 agro
1229 1490 1461 1544 oppositus,
1505 1505 1587 1529 non
1623 1489 1726 1529 ultra

370 1568 493 1605 quam
520 1552 561 1592 in
582 1552 787 1593 Hernicos
808 1551 1003 1605 procedit.
1041 1550 1238 1592 Veturius
1259 1552 1390 1605 primo
1409 1551 1562 1605 proelio
1588 1551 1726 1592 hostes

326 1631 342 1654 <z
369 1614 505 1654 fundit
524 1614 736 1668 fugatque.
775 1613 1037 1661 Lucretium,
1065 1613 1163 1652 dum
1183 1613 1224 1652 in
1245 1612 1438 1653 Hernicis
1459 1612 1586 1660 sedet,
1612 1626 1728 1666 prae-

369 1676 521 1716 donum
548 1689 697 1730 agmen
723 1674 869 1715 fefellit
896 1689 1020 1728 supra
1045 1681 1205 1714 montes
1225 1673 1519 1714 Praenestinos
1545 1673 1726 1720 ductum,

368 1737 462 1777 inde
488 1737 716 1778 demissum
741 1737 782 1777 in
809 1751 989 1791 campos.
1033 1742 1247 1777 vastavere
1274 1750 1395 1791 agros
1414 1734 1728 1776 Praenestinum

371 1798 682 1852 Gabinutnque,
710 1813 761 1840 ex
788 1797 952 1840 Gabino
978 1799 1020 1839 in
1046 1798 1307 1840 Tusculanos
1333 1797 1483 1838 flexere
1509 1796 1647 1838 colles.

454 1861 562 1903 Urbi
587 1876 751 1915 quoque
770 1861 928 1903 Romae
954 1861 1100 1916 ingens
1126 1860 1335 1915 praebitus
1362 1867 1502 1908 terror,
1528 1859 1662 1914 magis
1688 1859 1727 1899 in

369 1939 411 1965 re
438 1924 574 1965 subita
593 1939 717 1977 quam
736 1924 847 1978 quod
866 1924 918 1964 ad
937 1923 1156 1964 arcendam
1176 1923 1259 1963 vim
1277 1937 1423 1977 parum
1437 1922 1585 1962 virium
1605 1928 1725 1962 essct.

372 1986 554 2038 Quintus
573 1985 729 2026 Fabius
754 1993 941 2040 praeerat
966 1985 1070 2026 urbi.
1114 1985 1149 2026 is
1175 1991 1331 2025 armata
1355 1985 1566 2024 iuventute
1592 1983 1729 2036 dispo-

326 2067 343 2089 s
372 2048 543 2101 sitisque
574 2048 790 2102 praesidiis
822 2054 909 2088 tuta
939 2047 1076 2088 omnia
1107 2061 1155 2088 ac
1186 2045 1404 2099 tranquilla
1435 2045 1543 2086 feeit.
1592 2045 1729 2097 itaque

370 2110 511 2151 hostes
551 2110 706 2164 praeda
726 2124 776 2150 ex
795 2109 994 2164 proximis
1013 2109 1114 2150 loeis
1135 2116 1252 2163 rapta
1291 2107 1618 2162 adpropinquare
1640 2105 1730 2147 urbi

370 2187 453 2213 non
472 2172 580 2221 ausi,
608 2187 701 2212 cum
722 2172 968 2213 circumacto
990 2172 1154 2227 agmine
1173 2171 1369 2220 redirent,
1396 2176 1548 2223 quanto
1566 2168 1729 2224 longius

371 2234 422 2275 ab
447 2233 548 2274 urbe
573 2234 753 2274 hostium
779 2233 1066 2282 abscederent,
1093 2248 1141 2274 eo
1163 2232 1356 2274 solutiore
1376 2247 1491 2281 cura,
1517 2231 1558 2271 in
1573 2231 1731 2271 Lucre-

371 2297 474 2336 tium
491 2295 677 2336 incidunt
697 2295 927 2345 consulem,
953 2295 1035 2336 iam
1056 2302 1149 2336 ante
1169 2295 1390 2349 exploratis
1410 2293 1624 2334 itineribus
1645 2292 1730 2333 suis

328 2374 343 2398 t·
371 2359 614 2399 instructum
651 2364 690 2398 et
726 2359 777 2399 ad
815 2364 1020 2398 certamen
1057 2357 1269 2397 intentum.
1318 2356 1443 2411 igitur
1478 2354 1729 2410 praeparatis

372 2419 518 2460 animis
549 2420 762 2474 repentino
793 2434 945 2474 pavore
976 2419 1187 2473 perculsos
1214 2418 1362 2467 adorti,
1396 2417 1605 2470 aliquanto
1629 2429 1730 2470 pau-

373 2483 502 2523 ciores
534 2482 838 2523 multitudinem
865 2483 1076 2537 ingentem
1103 2481 1281 2521 fundunt
1304 2480 1533 2535 fugantque
1565 2486 1604 2519 et
1635 2491 1729 2517 con-

373 2544 513 2597 pulsos
544 2545 586 2584 in
618 2559 740 2586 cavas
772 2544 918 2593 valles,
951 2559 1044 2584 cum
1076 2544 1209 2584 exitus
1240 2543 1351 2584 haud
1376 2543 1417 2583 in
1442 2541 1553 2582 facili
1578 2545 1727 2585 essent,

314 2619 349 2644 ιιι
376 2606 710 2648 (·ὶι·οῑιι]ῃ’ριιίιιηῒ.
767 2606 822 2648 ibi
854 2606 1054 2648 Volscum
1093 2620 1240 2646 nomen
1277 2619 1402 2659 prope
1439 2602 1616 2643 deletum
1654 2606 1726 2639 est.
