1835 3226
308 2002 325 2030 ue

357 227 408 267 12
711 232 862 266 LIBER
883 232 918 275 1,
943 233 973 265 s.
999 233 1030 265 9.
1059 235 1107 274 [a.
1122 244 1154 266 u.
1171 244 1199 266 c.
1215 216 1340 276 1—37]

353 336 510 383 derant,
538 348 630 374 eum
657 340 840 373 secutum
866 329 1079 373 numerum
1104 340 1266 386 putant,
1294 347 1357 373 me
1383 333 1482 373 haut
1517 336 1693 387 paenitet

353 410 492 435 corum
518 394 741 434 sententiae
765 407 869 442 esse,
889 393 1038 446 quibus
1063 400 1102 433 et
1127 393 1376 447 apparitores
1403 400 1442 434 et
1465 393 1544 434 hoc
1567 409 1695 448 genus

354 456 404 495 ab
429 455 617 495 Etruscis
642 453 843 502 finitimis,
871 454 978 494 unde
1004 454 1104 495 sella
1129 453 1298 503 curulis,
1331 454 1439 495 unde
1464 461 1559 508 toga
1583 469 1698 508 prae-

354 522 464 556 texta
489 522 653 569 sumpta
677 522 751 564 est,
773 522 812 556 et
831 529 1046 555 numerum
1072 529 1234 568 quoquc
1259 516 1395 569 ipsum
1420 515 1587 556 ductum
1612 515 1698 569 pla-

353 583 433 625 cet,
465 584 505 617 et
529 577 585 616 ita
609 576 804 617 habuisse
828 576 1049 625 Etruscos,
1081 577 1191 629 quod
1216 591 1266 617 ex
1291 577 1506 617 duodecim
1537 577 1696 631 populis

353 638 624 678 communiter
654 644 788 678 creato
824 651 921 692 rege
953 637 1137 692 singulos
1175 637 1325 692 singuli
1360 637 1500 692 populi
1537 637 1698 680 lictores

353 698 550 739 dederint.

437 759 660 801 Crescebat
694 760 856 801 interim
891 760 989 801 urbs
1026 759 1317 801 munitionibus
1354 760 1433 802 alia
1468 769 1590 814 atque
1621 762 1700 802 alia

351 819 580 875 adpetendo
609 820 717 870 loca,
749 835 842 861 cum
867 822 908 861 in
935 836 1050 876 spem
1079 822 1213 876 magis
1243 821 1403 863 sunu-ae
1427 823 1698 863 multitudinis

353 896 475 935 quam
501 882 553 923 ad
576 882 636 931 id,
668 883 780 936 quod
804 890 891 923 tum
916 882 1129 924 hominum
1153 890 1257 932 erat,
1288 884 1504 925 munirent.
1553 884 1699 925 deinde

351 957 402 983 ne
431 958 538 984 vana
566 943 679 984 urbis
710 943 949 998 magnitudo
980 951 1108 992 esset,
1146 944 1398 985 adliciendae
1428 944 1698 986 multitudinis

352 1018 477 1045 causa
500 1011 636 1045 vetere
662 1005 831 1046 consilio
857 1005 1117 1046 condentium
1143 1004 1278 1054 urbes,
1305 1006 1375 1058 qui
1399 1005 1616 1047 obscuram
1641 1015 1700 1046 at-

350 1079 430 1118 que
454 1065 652 1106 humilem
671 1066 895 1107 conciendo
921 1066 972 1107 ad
998 1080 1042 1107 se
1067 1066 1370 1107 multitudinem
1395 1073 1534 1108 natam
1552 1081 1574 1108 e
1595 1074 1699 1108 terra

352 1126 431 1167 sibi
459 1127 616 1180 prolem
648 1126 992 1174 ementiebantur,
1023 1127 1179 1176 locum,
1210 1127 1281 1180 qui
1305 1142 1414 1168 nunc
1439 1136 1605 1182 saeptus
1630 1128 1700 1168 dc-

352 1188 640 1229 scendentibus
670 1189 775 1229 inter
805 1189 909 1229 duos
940 1187 1054 1230 lucos
1087 1195 1167 1238 est,
1200 1189 1361 1242 asylum
1385 1189 1525 1243 aperit.
1575 1204 1623 1230 eo
1648 1204 1698 1230 ex

351 1248 531 1290 finitimis
556 1249 720 1303 populis
746 1249 866 1290 turba
890 1250 1023 1290 omnis
1050 1250 1137 1291 sine
1156 1250 1402 1299 discrimine,
1422 1250 1526 1291 liber
1544 1265 1595 1291 an
1616 1265 1699 1291 ser-

351 1324 426 1350 vus
453 1318 581 1359 esset,
614 1311 735 1351 avida
764 1325 964 1351 novarum
994 1326 1130 1352 rerum
1159 1311 1339 1365 perfugit
1370 1311 1491 1364 idque
1522 1312 1698 1365 primum

351 1371 403 1411 ad
428 1378 615 1425 coeptam
639 1372 965 1426 magnitudinem
989 1371 1144 1413 roboris
1170 1372 1259 1412 fuit.

437 1431 546 1475 Cum
575 1433 658 1473 iam
692 1433 840 1474 virium
876 1433 987 1474 haud
1021 1433 1262 1487 paeniteret,
1301 1434 1514 1474 consilium
1552 1434 1699 1474 deinde

351 1493 505 1535 viribus
530 1502 663 1548 parat:
695 1502 858 1536 eentum
883 1502 993 1536 creat
1018 1501 1240 1544 senatores,
1268 1496 1353 1536 sive
1378 1496 1474 1549 quia
1497 1496 1532 1536 is
1557 1510 1698 1536 nume-

350 1570 419 1597 rus
446 1556 544 1597 satis
570 1564 655 1597 erat
680 1557 766 1598 sive
791 1557 888 1610 quia
912 1557 988 1598 soli
1018 1564 1180 1598 centum
1212 1564 1343 1606 erant,
1375 1557 1446 1610 qui
1471 1558 1597 1598 creari
1626 1571 1698 1611 pa-

351 1625 432 1660 tres
456 1626 625 1673 possent
650 1643 704 1647 —
728 1627 864 1673 patres
890 1626 998 1661 certe
1023 1619 1075 1661 ab
1100 1619 1256 1660 honore
1280 1619 1522 1674 patriciique
1551 1633 1698 1674 proge-

351 1680 438 1720 nies
464 1694 606 1720 eorum
630 1681 833 1734 appellati.

434 1740 581 1781 VIHI.
628 1741 719 1782 Iam
742 1756 808 1783 res
833 1741 1022 1782 Romana
1046 1741 1148 1782 adeo
1174 1748 1259 1782 erat
1283 1741 1437 1789 valida,
1462 1748 1507 1781 ut
1532 1740 1697 1782 cuilibet

351 1801 615 1843 finitimarum
640 1803 866 1844 ciw'tatium
890 1802 998 1844 bello
1022 1817 1097 1857 par
1121 1809 1242 1851 esset,
1265 1803 1338 1843 sed
1362 1803 1532 1857 penuria
1555 1802 1699 1842 mulie-

351 1874 442 1904 rum
476 1864 652 1905 hominis
689 1871 864 1904 aetatem
900 1864 1095 1905 duratura
1129 1864 1370 1918 magnitudo
1407 1871 1509 1912 erat,
1546 1863 1696 1917 quippe

351 1925 500 1978 quibus
536 1940 613 1966 nec
649 1925 760 1966 domi
790 1940 884 1980 spes
914 1925 1041 1980 prolis
1072 1940 1147 1966 nec
1178 1940 1272 1966 cum
1302 1925 1485 1966 finitimis
1521 1924 1697 1965 conubia

352 1991 502 2028 essent.
550 1994 637 2027 tum
663 2002 713 2027 ex
739 1987 909 2028 consilio
938 1994 1102 2041 patrum
1125 1986 1328 2027 Romulus
1358 1986 1516 2041 legatos
1547 1986 1698 2027 circum

351 2048 507 2089 vicinas
537 2056 682 2103 gentes
713 2049 841 2098 misit,
879 2049 951 2102 qui
987 2048 1223 2089 societatem
1259 2048 1562 2100 conubiumque
1591 2061 1698 2088 novo

350 2110 502 2163 populo
521 2117 724 2164 peterent:
750 2111 872 2151 urbes
892 2125 1067 2163 quoque,
1095 2118 1138 2150 ut
1158 2117 1303 2159 cetera,
1331 2125 1383 2150 ex
1406 2109 1546 2150 infimo
1570 2110 1696 2155 nasci,

353 2171 464 2220 dein,
502 2185 604 2224 quas
642 2186 717 2212 sua
751 2173 879 2212 virtus
911 2186 959 2212 ac
989 2172 1046 2212 dii
1080 2171 1238 2220 iuvent,
1275 2185 1448 2225 magnas
1485 2185 1583 2224 opes
1621 2170 1697 2211 sibi

353 2247 630 2287 magnumque
654 2247 805 2274 nomen
830 2232 977 2273 facere.
1015 2232 1114 2273 satis
1135 2232 1237 2272 scire
1261 2232 1409 2286 origini
1428 2231 1639 2272 Romanae
1659 2239 1698 2271 et

352 2293 451 2334 deos
477 2293 661 2335 adfuisse
686 2301 726 2335 et
749 2309 831 2335 non
855 2294 1088 2335 defuturam
1114 2293 1323 2333 virtutem:
1348 2293 1518 2347 proinde
1536 2307 1587 2333 ne
1606 2307 1698 2347 gra-

352 2362 543 2396 varentur
577 2355 763 2396 homines
801 2370 894 2396 cum
930 2354 1165 2396 hominibus
1203 2354 1445 2409 sanguinem
1483 2369 1531 2395 ac
1566 2368 1696 2409 genus

352 2417 534 2458 miscere.

435 2478 650 2532 Nusquam
674 2478 850 2534 benigne
875 2479 1026 2534 legatio
1052 2479 1191 2520 audita
1215 2486 1290 2527 est,
1311 2479 1414 2520 adeo
1441 2477 1563 2518 simul
1587 2491 1697 2531 sper-

352 2539 515 2590 nebant,
542 2541 663 2581 simul
688 2547 843 2581 tantam
866 2541 909 2581 in
934 2541 1068 2581 medio
1094 2546 1345 2581 crescentem
1369 2539 1519 2580 molem
1546 2538 1624 2579 sibi
1648 2552 1695 2578 ac

352 2602 525 2655 posteris
552 2602 635 2643 suis
662 2602 908 2643 metuebant.
952 2617 976 2643 a
998 2602 1204 2656 plerisque
1229 2601 1500 2656 rogitantibus
1525 2599 1695 2643 dimissi,

353 2663 509 2715 ecquod
539 2663 702 2704 feminis
734 2678 896 2718 quoque
927 2664 1087 2718 asylum
1119 2663 1390 2717 aperuissent:
1427 2662 1469 2701 id
1494 2660 1602 2701 enini
1628 2660 1698 2700 de-
