1780 3204
504 202 656 236 LIBER
679 202 732 245 x,
757 200 878 235 40.41.
907 203 955 243 [a.
971 199 1009 234 C.
1023 200 1104 243 293]
1394 189 1476 232 539

126 307 315 348 humanis
345 305 467 347 rebus
499 305 631 359 magis
661 310 898 358 praesentes
933 302 1168 344 interfuisse
1204 302 1321 353 deos,
1360 302 1478 357 signa

127 383 271 411 canere
296 375 336 408 et
361 368 580 408 clamorem
605 366 691 407 tolli
716 367 847 407 iussit.

209 428 439 470 XXXXI.
482 428 692 469 Proelium
717 428 981 469 commissum
1001 434 1129 476 atrox,
1157 433 1335 468 ceterum
1354 426 1475 481 longe
1504 440 1518 468 1

127 491 357 546 disparibus
383 490 548 531 animis:
585 490 794 531 Romanos
826 491 902 539 ira,
941 505 1055 544 spes,
1093 490 1213 530 ardor
1244 489 1477 530 certaminis

127 554 269 594 avidos
304 552 485 593 hostium
522 553 733 607 sanguinis
768 552 811 592 in
840 552 1040 606 proelium
1068 552 1192 606 rapit,
1232 550 1479 592 Samnitium

126 629 319 669 magnam
349 620 509 668 partem
538 614 763 654 necessitas
802 628 849 654 ac
884 613 1027 668 religio
1063 613 1212 653 invitos
1248 612 1381 667 magis
1417 626 1480 652 re-

128 676 269 716 sistere
295 690 418 728 quam
442 674 591 715 inferre
616 690 800 730 pugnam
825 675 946 729 cogit.
983 689 1059 715 nec
1084 674 1374 715 sustinuissent
1397 673 1478 727 pri-

127 752 241 777 mum
266 737 486 777 clamorem
517 744 638 789 atque
670 737 869 791 impetum
893 736 1192 786 Romanorum,
1229 750 1303 790 per
1327 734 1481 788 aliquot

127 800 209 839 iam
233 813 361 840 annos
386 798 495 839 vinci
520 798 691 847 adsueti,
718 799 760 839 ni
783 799 987 853 potentior
1010 798 1114 839 alius
1140 804 1272 838 metus
1297 796 1479 837 insidens

127 860 363 915 pectoribus
389 876 413 901 a
442 860 543 915 fuga
573 860 774 901 retineret.
825 860 974 915 quippe
1004 860 1047 900 in
1078 859 1206 900 oculis
1238 863 1324 899 erat
1347 857 1478 899 omnis
1505 871 1524 900 3

128 922 195 963 ille
221 922 369 963 occulti
393 929 559 976 paratus
587 922 703 971 sacri,
731 928 768 963 et
794 922 939 963 armati
958 921 1190 962 sacerdotes
1219 926 1258 961 et
1275 919 1481 974 promisca

128 984 341 1025 hominum
370 984 658 1039 pecudumque
691 991 848 1039 strages
881 991 920 1024 et
951 997 1163 1037 respersae
1188 982 1313 1022 fando
1337 980 1481 1022 nefan-

129 1047 263 1099 doque
290 1046 489 1101 sanguine
514 1060 607 1086 arae
639 1052 677 1086 et
708 1046 795 1086 dira
826 1045 1029 1086 execratio
1054 1059 1102 1085 ac
1132 1044 1278 1084 furiale
1303 1057 1479 1090 carmen,

129 1108 392 1148 detestandae
418 1107 596 1148 familiae
622 1108 818 1161 stirpique
845 1106 1120 1161 conpositum:
1146 1105 1196 1145 iis
1223 1104 1397 1144 vinculis
1416 1103 1482 1143 fu-

128 1184 206 1224 gae
232 1169 414 1210 obstricti
439 1169 613 1217 stabant,
641 1169 773 1208 civem
797 1168 929 1222 magis
955 1181 1078 1220 quam
1098 1166 1259 1206 hostem
1278 1166 1480 1205 timentes.

128 1232 280 1272 instare
299 1231 511 1271 Romanus
532 1245 556 1270 a
576 1244 702 1270 cornu
720 1236 904 1282 utroque,
931 1244 955 1269 a
974 1228 1108 1268 media
1128 1228 1226 1275 acie,
1254 1233 1292 1267 et
1313 1226 1481 1266 caedere
1508 1239 1526 1267 4

129 1293 298 1333 deorum
323 1291 615 1343 hominumque
641 1290 832 1331 attonitos
858 1296 981 1330 metu.
1017 1294 1270 1343 repugnatur
1289 1287 1480 1342 segniter,

128 1361 172 1394 ut
202 1353 253 1394 ab
284 1353 351 1401 iis,
389 1367 491 1405 quos
522 1352 643 1392 timor
672 1358 897 1392 moraretur
927 1367 949 1392 a
985 1350 1098 1406 fuga.
1153 1350 1234 1390 iam
1264 1364 1391 1403 prope
1429 1350 1480 1389 ad
1507 1364 1525 1391 Γ)

130 1416 249 1470 signa
274 1414 419 1455 caedes
444 1420 704 1468 pervenerat,
742 1428 836 1454 cum
867 1428 918 1454 ex
949 1420 1182 1453 transverso
1207 1411 1341 1465 pulvis
1373 1411 1484 1451 velut

128 1476 305 1531 ingentis
343 1475 518 1530 agminis
560 1475 725 1515 incessu
766 1482 901 1516 motus
944 1474 1149 1529 apparuit:
1196 1472 1268 1527 Sp.
1306 1472 1482 1513 Nautius

130 1563 182 1567 ——
210 1536 434 1578 Octavium
457 1536 667 1577 Maecium
692 1537 859 1590 quidam
885 1552 979 1577 eum
1003 1536 1167 1576 tradunt
1192 1560 1264 1584 —,
1291 1534 1375 1574 dux
1400 1534 1483 1574 ala-

130 1598 243 1639 ribus
269 1597 523 1647 cohortibus,
556 1605 654 1638 erat.
702 1598 915 1652 pulverem
939 1598 1135 1638 maiorem
1161 1611 1285 1650 quam
1309 1610 1382 1650 pro
1408 1611 1483 1636 nu-
1509 1609 1526 1639 6

130 1674 243 1700 mero
263 1659 513 1700 excitabant:
539 1659 764 1700 insidentes
784 1660 904 1700 mulis
926 1659 1089 1700 calones
1110 1659 1328 1699 frondosos
1347 1672 1482 1698 ramos

129 1737 203 1777 per
227 1728 375 1762 terram
400 1720 625 1762 trahebant.
663 1737 775 1762 arma
801 1721 999 1776 signaque
1023 1735 1096 1775 per
1120 1720 1325 1761 turbidam
1349 1719 1483 1760 lucem

131 1784 173 1824 in
198 1783 328 1838 primo
354 1782 623 1837 apparebant3
661 1792 753 1837 post
783 1783 900 1823 altior
931 1783 1174 1836 densiorque
1204 1781 1338 1836 pulvis
1371 1781 1484 1834 equi-

132 1853 219 1885 tum
257 1845 435 1899 speciem
472 1845 706 1899 cogentium
748 1859 896 1899 agmen
937 1844 1072 1885 dabat.
1137 1843 1365 1896 fefellitque
1400 1857 1483 1883 non
1511 1858 1526 1885 7

135 1906 341 1949 Samnites
367 1907 502 1956 modo,
530 1907 603 1947 sed
627 1907 748 1947 etiam
774 1907 995 1955 Romanos,
1022 1912 1061 1946 et
1087 1905 1229 1946 consul
1255 1905 1485 1945 adfirmavit

133 1983 321 2018 errorem,
349 1968 560 2009 clamitans
586 1969 690 2009 inter
714 1969 844 2023 prima
871 1969 1004 2024 signa,
1031 1968 1087 2008 ita
1113 1975 1156 2008 ut
1179 1982 1261 2008 vox
1286 1967 1407 2007 etiam
1432 1967 1480 2008 ad

132 2031 262 2072 hostis
299 2030 518 2079 accideret,
557 2037 722 2085 captum
760 2030 1013 2079 Cominium,
1050 2030 1247 2070 victorem
1284 2029 1484 2083 collegam

133 2093 298 2141 adesse3
341 2092 618 2133 adniterentur
655 2092 834 2141 vincere,
878 2092 1117 2146 priusquam
1153 2091 1283 2146 gloria
1318 2091 1483 2132 alterius

135 2155 335 2195 exercitus
361 2154 488 2195 fieret.
530 2154 633 2195 haec
657 2154 840 2194 insidens
867 2168 984 2207 equo.
1027 2153 1122 2193 inde
1148 2152 1320 2193 tribunis
1347 2159 1486 2193 centu-
1511 2166 1530 2194 S

134 2215 398 2269 rionibusque
423 2217 613 2270 imperat,
640 2223 686 2256 ut
711 2217 819 2256 viam
846 2215 1050 2269 equitibus
1076 2214 1337 2269 patefaciant.
1396 2214 1485 2268 ipse

137 2276 342 2318 Trebonio
370 2277 645 2331 Caedicioque
677 2278 952 2332 praedixerat,
990 2284 1053 2326 ut,
1092 2276 1163 2317 ubi
1200 2290 1243 2317 se
1274 2275 1487 2330 cuspidem

137 2345 312 2379 erectam
338 2340 588 2392 quatientem
612 2340 830 2389 vidissent,
862 2345 1013 2393 quanta
1038 2339 1217 2379 maxima
1241 2338 1282 2378 vi
1305 2344 1486 2392 possent,

138 2400 384 2441 concitarent
410 2401 566 2454 equites
592 2402 634 2441 in
657 2402 830 2442 hostem.
868 2402 920 2442 ad
938 2408 1083 2441 nutum
1102 2400 1238 2441 omnia
1255 2407 1301 2440 ut
1325 2414 1376 2440 ex
1395 2406 1488 2440 ante
1515 2412 1531 2440 9

138 2470 378 2517 praeparato
409 2463 523 2504 fiunt.
571 2464 807 2518 panduntur
835 2464 940 2504 inter
970 2464 1131 2504 ordines
1158 2463 1266 2511 viae,
1302 2461 1489 2516 provolat

140 2538 264 2577 eques
291 2532 412 2577 atque
438 2525 598 2566 infestis
624 2525 862 2579 cuspidibus
882 2526 923 2565 in
942 2525 1123 2565 medium
1143 2539 1292 2579 agmen
1310 2524 1489 2565 hostiurn

140 2586 219 2625 ruit
253 2586 559 2640 perrumpitque
596 2587 777 2636 ordines,
825 2601 1083 2640 quacumque
1124 2587 1322 2640 impetum
1364 2585 1487 2626 dedit.

141 2648 292 2689 instant
316 2648 564 2690 Volumnius
596 2656 634 2690 et
668 2647 808 2703 Scipio
839 2655 877 2689 et
907 2648 1118 2703 perculsos
1151 2654 1346 2689 sternunt.
1401 2654 1488 2687 tum
1516 2661 1555 2688 ιο

1504 685 1523 713 10
