1835 3226
276 499 292 521 {J

321 245 402 286 306
687 249 838 283 LIBER
863 248 932 292 Vl,
962 249 990 282 1.
1010 249 1041 282 ⁶2.
1070 251 1165 292 [a.u.
1182 248 1306 292 c.3(3;'›]

321 355 373 395 in'
392 356 677 406 insequentem
707 367 861 402 annum
894 350 1078 392 tribunos
1110 351 1281 400 habere,
1320 366 1493 405 quorum
1524 353 1565 393 in
1590 368 1676 394 ma-

319 417 493 471 gistratu
519 420 637 468 capta
662 413 761 454 urbs
787 420 915 462 esset,
942 428 1023 453 non
1043 413 1215 468 placuit:
1241 428 1306 454 res
1327 414 1378 454 ad
1397 413 1675 469 interregnum

284 493 292 500 ¹
319 478 448 518 rediit.
493 491 587 517 eum
613 476 756 516 civitas
782 475 824 515 in
849 489 972 529 opere
997 489 1046 515 ae
1069 475 1209 516 labore
1235 475 1408 516 adsiduo
1433 476 1675 517 reficiendae

321 538 431 580 urbis
465 544 689 587 teneretur,
727 537 891 578 interim
918 536 970 589 Q.
998 536 1149 587 Fabio,
1188 537 1307 577 simul
1338 538 1517 592 primum
1548 539 1677 593 magi-

320 608 448 642 stratu
474 600 590 650 abiit,
623 600 674 641 ab
703 599 780 641 Cn.
807 599 968 640 Marcio
994 599 1157 640 tribuno
1182 597 1450 654 plebisdicta
1482 600 1568 641 dies
1601 607 1675 650 est,

319 663 431 716 quod
468 662 666 717 (legatus)
703 662 746 702 in
779 659 942 710 Gallos,
987 661 1039 701 ad
1075 676 1178 714 quos
1216 662 1369 702 missus
1407 669 1492 702 crat
1529 669 1674 711 orator,

278 741 292 767 7
321 732 461 766 contra
486 725 549 765 ius
568 724 754 779 gentium
773 729 1013 778 pugnasset.
1052 723 1117 764 cui
1142 723 1292 764 iudicio
1319 738 1411 764 eum
1438 739 1548 764 mors
1574 725 1677 765 adeo

276 1174 292 1201 {l

259 1301 296 1326 lt)

258 1609 292 1636 11

260 1917 294 1945 12

319 794 539 842 oportuna,
565 793 611 827 ut
635 786 908 827 voluntariam
933 801 1086 841 magna
1110 801 1205 840 pars
1232 787 1433 835 erederet,
1462 786 1674 827 subtraxit.

319 852 599 905 interregnum
623 849 788 890 initum:
826 848 874 890 P.
904 848 1122 890 Cornelius
1150 847 1291 902 Scipio
1317 849 1495 889 interrex
1520 856 1557 890 et
1583 857 1675 904 post

320 928 414 954 eum
433 912 493 952 M.
514 911 666 952 Furius
689 910 904 952 Camillus.
941 911 1089 952 iterum
1108 911 1143 952 is
1170 911 1355 951 tribunos
1382 911 1556 951 militum
1582 926 1677 952 con-

320 975 444 1016 sulari
481 980 684 1029 potestate
722 980 849 1014 creat:
887 974 940 1014 L.
972 972 1188 1014 Valerium
1220 972 1480 1013 Publicolam
1516 973 1675 1022 iterum,

319 1038 372 1078 L.
387 1036 652 1092 Verginium,
679 1035 727 1076 P.
751 1034 1008 1084 Cornelium,
1038 1035 1089 1075 A.
1110 1034 1335 1084 BIanlium,
1362 1035 1415 1075 L.
1435 1034 1674 1083 Aemilium,

319 1101 372 1139 L.
399 1098 676 1139 Postumium.

403 1160 463 1201 Hi
489 1176 540 1201 ex
565 1161 798 1215 interregno
824 1175 918 1201 cum
943 1160 1150 1214 extemplo
1176 1160 1465 1215 magistratum
1490 1159 1675 1208 inissent,

320 1222 431 1263 nulla
451 1223 501 1262 de
521 1237 563 1262 re
583 1222 695 1276 prius
716 1237 840 1275 quam
860 1222 910 1262 de
929 1222 1196 1277 religionibus
1218 1229 1405 1263 senatum
1421 1221 1675 1263 consuluere.

321 1285 362 1325 in
393 1284 535 1338 primis
567 1284 734 1324 foedera
765 1298 813 1324 ac
837 1283 951 1337 leges
978 1308 1031 1312 —
1059 1290 1171 1323 erant
1199 1290 1337 1324 autem
1363 1298 1434 1324 eae
1460 1283 1676 1324 duodecim

321 1346 483 1387 tabulae
510 1354 549 1387 et
575 1346 777 1399 quaedam
803 1346 939 1400 regiae
965 1345 1079 1401 leges
1106 1371 1159 1374 ——
1186 1346 1369 1398 conquiri
1396 1360 1500 1399 quae
1526 1360 1677 1400 eonpa-

319 1415 454 1449 rerent
484 1408 704 1449 iusserunt.
755 1408 833 1448 alia
865 1422 915 1448 ex
940 1407 998 1447 eis
1025 1408 1133 1447 edita
1159 1408 1280 1448 ctiam
1307 1408 1347 1447 in
1374 1407 1539 1462 volgus3
1572 1422 1676 1461 quae

321 1477 459 1511 autem
484 1470 536 1510 ad
563 1484 677 1510 sacra
696 1469 972 1524 pertinebant,
1000 1485 1020 1509 a
1043 1469 1303 1523 pontificibus
1324 1470 1520 1518 maxime,
1547 1477 1589 1509 ut
1614 1485 1677 1510 re-

320 1533 472 1587 ligione
492 1532 709 1573 obstrictos
730 1531 926 1572 haberent
946 1532 1218 1571 multitudinis
1241 1532 1412 1580 animos,
1441 1546 1673 1586 suppressa.

321 1601 408 1634 tum
439 1595 489 1634 de
520 1593 666 1634 diebus
697 1594 900 1648 religiosis
933 1594 1078 1647 agitari
1110 1601 1320 1648 coeptum,
1359 1594 1550 1647 diemque
1583 1601 1675 1634 ante

321 1657 430 1697 diem
455 1671 508 1696 xv
549 1656 630 1696 kal.
655 1654 833 1697 Sextiles
860 1656 1012 1709 duplici
1039 1656 1152 1696 clade
1178 1657 1401 1710 insignem,
1428 1671 1509 1709 quo
1535 1656 1599 1696 dic
1626 1657 1677 1696 ad

323 1718 561 1759 Cremeram
587 1717 708 1758 Fabii
739 1717 867 1766 caesi,
899 1731 981 1770 quo
1013 1717 1159 1757 deinde
1192 1718 1243 1757 ad
1268 1717 1407 1757 Aliam
1435 1732 1528 1757 cum
1554 1718 1676 1757 exitio

321 1779 433 1821 urbis
460 1780 581 1821 foede
606 1785 855 1834 pugnatum,
883 1794 905 1819 a
932 1779 1155 1832 posteriore
1176 1779 1290 1819 clade
1305 1779 1519 1819 Aliensem
1539 1780 1677 1834 appel-

320 1842 455 1882 larunt
474 1842 761 1896 insignemque
780 1841 839 1881 rei
858 1841 1008 1882 nullius
1023 1841 1187 1895 publice
1202 1841 1474 1895 privatimque
1495 1842 1676 1896 agendae

323 1904 518 1945 fecerunt.
569 1903 755 1957 quidam,
787 1903 898 1956 quod
929 1903 1126 1957 postridie
1158 1903 1250 1943 idus
1278 1902 1498 1955 Quinctilis
1526 1918 1607 1944 non
1631 1903 1679 1943 li-

323 1974 449 2007 tasset
465 1965 675 2020 Sulpicius
696 1966 883 2006 tribunus
904 1965 1079 2006 militum
1100 1980 1232 2019 neque
1252 1966 1418 2006 inventa
1436 1980 1537 2020 pace
1557 1966 1677 2007 deum

322 2035 415 2083 post
440 2029 549 2069 diem
575 2029 737 2069 tertium
765 2027 949 2069 obiectus
975 2027 1083 2068 hosti
1104 2028 1307 2068 exercitus
1321 2028 1535 2069 Romanus
1556 2036 1677 2077 esset,

322 2091 445 2132 etiam
463 2091 659 2145 postridie
679 2091 771 2131 idus
791 2090 915 2131 rebus
936 2090 1084 2131 divinis
1107 2090 1366 2144 supersederi
1385 2090 1557 2139 iussum,
1584 2090 1679 2130 inde

322 2160 366 2194 ut
395 2153 594 2207 postridie>
622 2153 703 2193 kal.
742 2167 906 2205 quoque
944 2167 991 2193 ae
1027 2168 1156 2193 nonas
1195 2152 1337 2193 eadem
1375 2152 1519 2206 religio
1556 2159 1677 2200 esset,

323 2215 515 2256 traditum
540 2222 696 2269 putant.

407 2277 464 2317 ΙΙ.
518 2276 605 2317 Nec
637 2277 706 2317 diu
737 2276 851 2317 licuit
881 2277 1030 2329 quietis
1063 2277 1233 2318 consilia
1264 2277 1482 2332 erigendae
1514 2291 1566 2317 ex
1595 2285 1678 2317 tam

279 2353 295 2378 2
322 2339 438 2393 gravi
459 2353 557 2379 casu
576 2338 633 2378 rei
652 2338 842 2392 publicae
863 2353 1003 2379 secum
1024 2338 1191 2394 agitare.
1230 2338 1324 2379 hine
1337 2338 1493 2387 Volsci,
1519 2344 1678 2379 veteres

322 2401 480 2450 hostes,
508 2401 560 2441 ad
580 2400 903 2455 extinguendum
921 2415 1071 2440 nomen
1085 2400 1320 2441 Romanum
1341 2415 1453 2441 arma
1472 2406 1676 2454 ceperant,

323 2463 416 2503 hinc
429 2462 619 2503 Etruriae
638 2463 870 2517 principum
891 2478 941 2503 cx
962 2462 1152 2504 omnibus
1173 2463 1337 2517 populis
1358 2463 1677 2503 coniurationem

322 2525 372 2564 de
402 2523 512 2565 bello
543 2525 595 2565 ad
625 2525 768 2565 sanum
792 2524 1042 2566 Voltumnae
1068 2524 1220 2565 factam
1246 2531 1493 2566 mercatores
1519 2524 1679 2565 adfere-

279 2601 295 2623 ;·.
324 2586 438 2635 bant3
464 2601 595 2627 novus
616 2601 779 2640 quoquc
800 2593 927 2627 terror
946 2594 1175 2628 accesserat
1190 2587 1418 2627 defectione
1432 2586 1676 2627 Latinorum

322 2646 699 2701 Hernicorumque,
726 2648 797 2701 qui
820 2655 915 2702 post
938 2663 1121 2704 pugnam
1144 2649 1196 2689 ad
1214 2648 1349 2689 lacum
1365 2648 1572 2703 Regillum
1592 2645 1677 2685 fac-

322 2718 402 2747 tam
436 2724 507 2762 per
538 2725 666 2750 annos
698 2725 826 2764 prope
858 2717 1021 2750 centum
1054 2725 1278 2763 numquam
1311 2709 1505 2763 ambigua
1529 2707 1608 2747 fide
1634 2706 1674 2745 in
