1780 3204
470 185 623 220 LIBER
647 184 718 229 VI,
744 185 798 218 39.
817 183 871 219 40.
900 185 947 227 [a.
963 181 1111 232 eaesi*
1378 171 1460 214 345

108 292 292 349 perfecta
321 297 492 344 utraque
523 304 588 330 res
620 295 746 338 esset,
785 288 826 328 ni
856 287 1006 329 tribuni
1038 302 1082 328 se
1111 287 1154 328 in
1179 285 1315 328 omnia
1341 285 1461 326 simul

110 355 321 397 consulere
352 353 515 408 plebem
545 351 757 392 dixissent.
817 350 865 391 P.
897 350 1080 391 Manlius
1112 349 1258 390 deinde
1289 348 1462 389 dictator
1487 363 1505 391 3

108 433 195 458 rem
219 417 262 457 in
286 430 454 457 causam
484 413 616 469 plebis
647 412 857 454 inclinavit
883 411 931 454 C.
957 412 1140 461 Licinio,
1173 411 1243 465 qui
1274 410 1460 451 tribunus

109 479 283 520 militum
308 478 459 527 fuerat,
487 477 683 532 magistro
708 475 892 529 equitum
912 476 962 516 de
980 475 1100 530 plebe
1120 476 1241 516 dicto.
1279 476 1320 515 id
1339 489 1461 530 aegre
1486 487 1506 516 4

108 549 244 596 patres
258 555 405 595 passos
425 539 600 593 accipi03
627 538 867 579 dictatorem
881 538 1111 592 propinqua
1131 536 1374 592 cognatione
1386 537 1462 577 Li-

109 603 189 643 cini
210 617 252 644 se
273 602 383 657 apud
395 607 532 656 patres
553 614 751 640 excusare
772 599 950 649 solitum,
977 599 1098 640 simul
1118 605 1350 654 negantem,
1376 613 1463 639 ma-

108 665 226 720 gistri
241 665 423 718 equitum
438 663 570 704 maius
585 677 708 716 quam
721 661 873 703 tribuni
886 661 1109 702 consularis
1126 661 1342 716 imperium
1357 675 1460 701 esse.

193 726 382 767 Licinius
411 724 679 778 Sextiusque,
717 738 810 764 cum
841 723 1096 765 tribunorum
1126 723 1237 778 plebi
1268 723 1463 764 creando-
1489 737 1507 765 :3

108 804 198 829 rum
235 789 388 829 indicta
424 787 589 828 comitia
624 792 780 835 essent,
818 786 875 827 ita
906 800 950 826 se
980 801 1140 840 gerere,
1178 791 1221 826 ut
1258 785 1460 840 negando,

108 852 190 892 iam
216 850 294 892 sibi
323 850 428 891 velle
459 849 685 890 continuari
716 848 929 898 honorem,
968 848 1162 889 acerrime
1193 849 1464 888 accenderent

108 914 162 954 ad
195 913 256 962 id,
295 913 404 966 quod
440 911 737 952 dissimulando
774 910 968 965 petebant
1003 910 1184 965 plebem:
1226 925 1381 951 nonum
1419 924 1462 951 se
1489 923 1506 951 6

108 991 261 1016 annum
296 975 377 1015 iam
415 973 526 1014 velut
555 973 596 1014 in
628 973 757 1013 aciem
788 973 987 1013 adversus
1020 978 1251 1027 optumates
1283 972 1462 1013 maximo

104 1037 297 1090 privatim
328 1035 527 1090 periculo,
559 1035 672 1076 nullo
696 1034 860 1089 publice
891 1034 1166 1075 emolumento
1198 1040 1318 1074 stare.
1367 1048 1464 1075 con-

105 1098 294 1140 senuisse
335 1098 417 1138 iam
460 1111 601 1138 secum
639 1103 678 1137 et
713 1096 947 1151 rogationes
983 1096 1265 1150 promulgatas
1303 1101 1342 1136 et
1378 1095 1462 1135 vim

106 1174 271 1201 omnem
302 1159 541 1200 tribuniciae
572 1159 798 1213 potestatis.
847 1158 980 1212 primo
1011 1157 1303 1198 intercessione
1341 1157 1463 1198 colle·
1490 1171 1505 1198 ῖ

101 1236 250 1277 garum
276 1221 316 1261 in
340 1221 454 1275 leges
486 1235 581 1261 suas
613 1226 843 1275 pugnatum
874 1234 984 1269 esse,
1023 1219 1171 1260 deinde
1202 1219 1462 1274 ablegatione

103 1283 326 1324 iuventutis
364 1283 416 1323 ad
451 1281 708 1324 Veliternum
745 1281 917 1331 bellum,
956 1288 1165 1336 postremo
1201 1281 1462 1322 dictatorium

103 1345 261 1386 fulmen
285 1344 327 1384 in
353 1359 395 1385 se
421 1344 677 1384 intentatum.
714 1343 796 1384 iam
816 1359 892 1384 nec
912 1344 1091 1399 collegas
1111 1359 1187 1385 nee
1205 1343 1360 1386 bellum
1385 1358 1462 1385 nee
1487 1357 1506 1387 S

105 1407 344 1448 dictatorem
368 1406 550 1456 obstare,
576 1407 728 1461 quippe
748 1407 819 1460 qui
839 1407 961 1447 etiam
982 1422 1101 1447 omen
1120 1407 1282 1462 plebeio
1303 1406 1463 1448 consuli

105 1469 303 1525 magistro
329 1469 513 1523 equitum
539 1483 590 1509 ex
613 1469 734 1524 plebe
759 1469 933 1510 dicendo
953 1469 1121 1510 dederit.
1161 1485 1203 1510 se
1223 1470 1357 1524 ipsam
1376 1469 1463 1524 ple-

104 1531 199 1573 bem
232 1539 272 1573 et
296 1532 513 1573 commoda
539 1532 687 1572 morari
714 1547 807 1581 sua3
838 1531 1009 1573 liberam
1034 1531 1179 1573 urbem
1204 1547 1251 1573 ac
1277 1533 1412 1573 sorum
1438 1547 1462 1573 a
1488 1546 1505 1575 9

105 1593 393 1643 creditoribus,
429 1593 579 1634 liberos
611 1609 733 1649 agros
765 1593 817 1635 ab
848 1594 1010 1635 iniustis
1042 1594 1352 1649 possessoribus
1391 1609 1462 1635 ex-

105 1656 276 1711 templo,
304 1657 338 1696 si
358 1656 472 1705 velit,
498 1655 649 1696 habere
674 1671 811 1710 posse.
855 1670 960 1709 quae
986 1671 1156 1697 munera
1180 1657 1346 1709 quando
1372 1662 1462 1696 tan-
1489 1670 1529 1700 10

106 1718 201 1758 dem
226 1718 324 1758 satis
350 1724 466 1772 grato
492 1718 628 1758 animo
660 1718 964 1767 aestimaturos,
1004 1718 1037 1758 si
1067 1719 1173 1759 inter
1202 1718 1461 1772 accipiendas

107 1780 157 1820 de
178 1779 262 1819 suis
283 1780 509 1820 commodis
528 1780 761 1834 rogationes
783 1795 898 1834 spem
919 1780 1084 1821 honoris
1103 1780 1301 1821 latoribus
1321 1795 1462 1821 earum

107 1840 312 1882 incidant?
337 1856 419 1881 non
438 1855 529 1882 esse
549 1841 774 1882 modestiae
793 1841 936 1896 populi
955 1842 1152 1891 Romani,
1178 1842 1219 1882 id
1238 1842 1460 1896 postulare,

110 1910 152 1943 ut
176 1902 266 1957 ipse
290 1901 457 1943 faenore
482 1903 641 1943 levetur
670 1909 710 1943 et
739 1903 783 1943 in
813 1918 959 1958 agrum
990 1904 1137 1945 iniuria
1166 1919 1408 1958 possessum
1439 1920 1463 1945 a

108 1964 344 2019 potentibus
375 1965 608 2015 inducatur,
645 1980 719 2019 per
748 1980 852 2019 quos
884 1980 932 2006 ea
963 1972 1207 2008 consecutus
1234 1967 1302 2016 sit,
1341 1981 1461 2008 senes

108 2026 348 2068 tribunicios
380 2042 462 2068 non
494 2027 580 2068 sine
612 2027 765 2069 honore
797 2034 973 2077 tantum,
1013 2029 1085 2069 sed
1116 2029 1238 2069 etiam
1270 2029 1356 2070 sine
1389 2044 1461 2084 spe

107 2089 274 2130 honoris
310 2089 524 2142 relinquat.
572 2090 744 2144 proinde
779 2090 858 2144 ipsi
889 2091 1065 2145 primum
1098 2097 1322 2132 statuerent
1352 2092 1462 2146 apud
1490 2108 1525 2135 11

109 2151 286 2200 animos,
321 2152 419 2204 quid
444 2151 612 2200 vellent,
645 2152 792 2193 deinde
818 2153 992 2193 comitiis
1024 2152 1249 2194 tribuniciis
1281 2153 1463 2194 declara-

109 2220 200 2253 rent
234 2213 498 2254 voluntatem.
559 2214 594 2254 si
629 2214 843 2255 coniuncte
879 2215 975 2255 ferri
1011 2214 1062 2256 ab
1100 2230 1143 2256 se
1179 2215 1461 2270 promulgatas

108 2275 340 2329 rogationes
367 2275 535 2324 vellent,
568 2290 676 2325 esse,
708 2276 819 2329 quod
849 2277 1016 2317 eosdem
1040 2277 1252 2318 reficerent
1276 2277 1461 2319 tribunos

107 2336 259 2391 plebis,
295 2337 523 2391 perlaturos
550 2338 657 2378 enim
688 2353 792 2392 quae
823 2339 1192 2394 promulgaverint3
1230 2340 1311 2389 sin,
1349 2340 1460 2394 quod
1488 2354 1527 2384 12

109 2399 255 2451 cuique
280 2399 471 2453 privatim
495 2415 597 2454 opus
624 2400 692 2449 sit,
719 2401 760 2441 id
779 2401 900 2442 modo
920 2402 1050 2456 accipi
1069 2402 1213 2451 velint,
1241 2417 1346 2456 opus
1368 2417 1460 2443 esse

107 2460 208 2500 nihil
238 2460 442 2501 invidiosa
472 2462 774 2503 continuatione
805 2462 989 2504 honoris:
1026 2478 1102 2504 nec
1134 2478 1177 2505 se
1209 2464 1460 2505 tribunatum

108 2537 183 2563 nec
207 2522 298 2564 illos
325 2538 390 2573 ea,
417 2538 521 2577 quae
546 2524 806 2580 promulgata
831 2525 929 2575 sint,
956 2525 1181 2567 habituros.

191 2584 396 2626 XXXX.
445 2586 662 2627 Adversus
694 2593 779 2628 tam
809 2586 1056 2629 obstinatam
1081 2588 1306 2630 orationem
1332 2588 1460 2630 tribu·
1485 2605 1499 2634 1

105 2662 250 2688 norum
287 2663 379 2689 cum
416 2663 514 2703 prae
550 2649 792 2705 indignitate
828 2665 963 2691 rerum
996 2657 1138 2707 stupor
1169 2651 1458 2707 silentiumque
