1780 3204
469 237 624 272 LIBER
649 237 742 281 1111,
768 236 821 270 33.
841 236 895 270 34.
923 234 1125 280 [10426]
1369 224 1452 266 225

97 345 201 401 igni,
238 358 321 385 non
357 342 447 383 telis
485 341 753 396 pugnandum
791 346 871 390 est,
910 346 1070 395 ereptas
1104 338 1208 380 ultro
1244 337 1454 379 inferetis?

98 407 226 463 agite,
251 404 429 447 nominis
455 402 635 444 Romani
659 417 707 443 ac
732 402 892 443 virtutis
917 409 1080 457 patrum
1104 406 1346 454 vestraeque
1371 414 1500 443 nie-0

99 483 232 510 mores
264 467 409 508 vertite
439 465 676 506 incendium
706 464 826 506 1100
816 479 857 504 m
895 463 1077 504 hostium
1114 462 1258 504 urbem
1295 467 1335 502 et
1372 460 1456 502 suis

100 530 274 572 flammis
295 528 426 569 delete
445 527 589 568 Fidem
591 542 639 576 ts,
665 541 768 580 quas
788 525 934 567 vestris
960 524 1170 567 beneficiis
1189 524 1352 579 placare
1376 537 1459 563 non

99 592 303 649 potuistis.
339 591 569 646 legatorum
587 589 666 630 hoc
689 604 762 629 vos
782 594 1012 629 vestrorum
1032 587 1351 640 colonorumque
1366 600 1395 626 s·
1388 600 1460 626 111-

100 654 192 710 guis
212 653 442 706 vastatique
460 652 563 692 fincs
583 651 776 691 mouent?
813 650 894 691 ad
883 650 1101 705 imperium
1120 648 1328 690 dictatoris
1349 656 1460 688 mota

100 692 249 758 cuneta
273 715 394 756 acies.
443 713 556 754 faces
581 713 729 768 paitim
755 712 930 753 emissae
955 711 1226 767 excipitmtur,
1251 709 1400 766 partim
1419 708 1461 749 vi

103 779 203 849 erip
191 778 347 827 'untm3
372 782 545 829 utraque
570 775 678 816 acies
704 781 885 815 armatur
908 774 1006 829 igni.
1054 773 1252 829 magister
1277 771 1460 826 equitum

103 847 143 882 et
161 841 249 895 ipse
268 854 350 880 nov
353 846 393 880 at
412 853 595 908 pugnam
609 843 852 891 equestrem.
890 836 1029 877 frenos
1051 844 1096 876 ut
1115 834 1330 876 detrahant
1344 833 1459 887 equis

104 904 295 958 imperat3
333 901 484 955 etipse
514 900 704 954 princeps
736 897 962 940 calcaribus
995 897 1170 939 subditis
1202 902 1370 938 evectus
1402 894 1462 936 cf-

106 966 221 1005 freno
247 978 353 1017 equo
377 963 420 1004 in
444 962 637 1003 medios
627 976 744 1017 ignes
770 961 958 1011 infertur,
997 966 1036 1001 et
1060 960 1128 1001 alii
1153 958 1343 1000 concitati
1369 957 1463 1010 equi

104 1026 232 1068 libero
258 1040 379 1067 cursu
404 1025 541 1066 serunt
566 1025 744 1078 equitem
769 1024 809 1064 in
835 1024 1007 1064 hostem.
1044 1022 1181 1077 pulsis
1207 1021 1338 1062 elatus
1359 1019 1464 1060 mix-

106 1096 254 1142 tusque
279 1088 394 1128 fumo
419 1087 553 1127 lucem
579 1101 630 1127 ex
655 1085 784 1126 oculis
809 1086 989 1126 xirorum
1009 1096 1290 1137 equorumque
1315 1081 1461 1122 aufclt.

106 1165 154 1191 ea
178 1164 284 1203 quae
309 1149 478 1190 militem
504 1154 701 1188 teriwuerat
726 1146 884 1201 species
909 1145 1010 1186 nihil
1035 1144 1177 1185 terruit
1202 1157 1344 1196 equos.
1382 1141 1464 1182 iui-

106 1227 182 1253 nae
206 1212 332 1267 igitur
356 1210 531 1251 similem
558 1216 738 1264 stragem
764 1222 902 1261 eques,
929 1221 1189 1260 quacumque
1213 1210 1463 1260 pervaserat,

106 1274 228 1314 dedit.
267 1273 421 1313 clamor
439 1271 586 1311 deinde
605 1270 753 1311 accidit
771 1284 922 1318 novus3
949 1269 1019 1322 qui
1038 1283 1133 1310 cum
1152 1275 1368 1321 utramque
1388 1266 1464 1306 mi-

105 1334 366 1377 rabundam
356 1349 398 1373 ln
423 1347 467 1374 se
492 1333 621 1373 aciem
647 1331 848 1381 xcitisset,
874 1331 1047 1372 dictator
1066 1330 1281 1379 exclamat,
1310 1327 1466 1381 Quinc-

105 1397 205 1438 tium
229 1396 411 1451 legatum
442 1400 482 1435 ct
508 1409 604 1435 suos
630 1393 682 1435 ab
709 1400 823 1448 tergo
849 1393 1011 1434 hostem
1042 1393 1207 1434 adortos
1217 1408 1227 1442 3
1259 1391 1348 1446 ipsc
1373 1389 1465 1431 red-

105 1459 306 1514 integrato
332 1457 508 1498 clamore
533 1456 656 1497 infert
681 1455 815 1497 acrius
836 1455 966 1511 signa.
1004 1469 1099 1496 cum
1124 1455 1230 1496 duae
1255 1453 1363 1494 acies
1384 1452 1466 1493 duo

105 1521 267 1561 diversa
296 1518 450 1574 proelia
481 1518 782 1559 circumventos
813 1517 1016 1559 Etruscos
1048 1523 1087 1558 et
1125 1533 1149 1559 a
1178 1517 1313 1558 fronte
1345 1521 1385 1556 et
1415 1514 1467 1556 ab

108 1588 222 1638 tergo
235 1588 429 1637 urgerent
442 1595 576 1634 neque
595 1580 637 1621 in
656 1586 790 1621 eastra
808 1587 915 1621 retro
936 1594 1068 1634 neque
1083 1580 1123 1620 in
1138 1577 1465 1620 montes—indo

107 1659 150 1687 sc
180 1659 313 1685 novus
343 1643 475 1684 hostis
506 1642 711 1684 obiecerat
735 1667 789 1672 —
814 1642 890 1683 iter
920 1642 1045 1697 fugae
1077 1647 1187 1683 esset
1217 1647 1257 1681 et
1287 1639 1467 1693 equitem

107 1705 261 1761 passim
286 1704 425 1746 liberis
451 1704 577 1745 frenis
603 1704 859 1745 distulissent
883 1704 996 1758 equi,
1022 1703 1262 1745 Veientium
1287 1700 1469 1741 maxima

109 1782 204 1822 pars
230 1766 413 1807 Tiberim
438 1766 558 1806 effusi
583 1772 744 1819 petunt,
776 1765 1038 1806 Fidenatium
1069 1765 1140 1818 qui
1171 1768 1392 1818 supersunt
1417 1761 1470 1802 ad

110 1828 255 1868 urbem
285 1827 464 1867 Fidenas
496 1827 680 1867 tendunt.
728 1826 851 1867 infert
880 1827 1054 1880 pavidos
1086 1826 1187 1880 fuga
1217 1825 1259 1865 in
1289 1823 1469 1864 mediam

112 1889 299 1938 (aedcm3
338 1888 666 1929 obtruncantur
656 1903 698 1928 1n
722 1888 840 1942 ripis;
878 1888 1014 1928 alios
1005 1903 1045 1927 ln
1072 1902 1222 1940 aquam
1247 1885 1468 1940 conpulsos

112 1950 296 2006 gurgites
321 1950 476 1999 ferunt,
514 1950 635 1990 ctiam
661 1949 812 2003 peritos
844 1949 968 1990 nandi
997 1949 1198 1990 lassitudo
1229 1955 1269 1989 et
1299 1947 1470 1988 vulnera

113 2020 153 2054 ct
166 2027 246 2067 pax
249 2027 293 2053 or
306 2012 458 2067 degrax
462 2018 544 2061 ant,
570 2012 689 2066 pulei
704 2026 755 2052 ex
768 2011 906 2052 multis
922 2018 981 2052 tra
985 2018 1096 2052 nant.
1129 2011 1303 2052 alterum
1317 2023 1469 2064 agmen

114 2076 241 2116 fertur
264 2088 338 2129 per
362 2080 494 2114 castra
518 2075 559 2113 in
584 2073 740 2114 urbem.
779 2073 922 2114 eadem
948 2081 988 2114 et
1011 2073 1224 2114 Romanos
1251 2077 1468 2125 sequentes

112 2137 289 2191 impetus
320 2135 444 2190 rapit,
482 2134 722 2188 Quinctium
753 2135 931 2176 maxime
963 2143 1001 2175 et
1033 2150 1127 2175 cum
1164 2149 1212 2176 eo
1248 2134 1468 2188 degressos
1518 2147 1524 2158 ⁵

114 2199 236 2239 modo
267 2198 317 2238 de
348 2196 574 2247 montibus,
612 2197 942 2238 recentissimum
978 2198 1030 2238 ad
1065 2196 1249 2238 laborem
1285 2195 1470 2244 militem,

114 2260 210 2313 quia
232 2259 377 2299 ultimo
402 2259 556 2313 proelio
581 2259 813 2300 advenerat.

199 2320 450 2361 XXXIIII.
499 2320 559 2360 Hi
590 2326 809 2374 postquam
841 2321 955 2362 mixti
986 2320 1174 2362 hostibus
1211 2325 1371 2374 portam
1408 2319 1470 2359 in-

117 2390 285 2432 travere,
311 2382 353 2422 in
379 2397 517 2423 muros
544 2382 723 2423 evadunt
748 2383 915 2436 suisque
941 2383 1050 2437 capti
1075 2382 1215 2437 oppidi
1235 2382 1399 2437 signum
1419 2395 1471 2422 ex

116 2460 232 2485 muro
264 2444 422 2485 tollunt.
481 2444 592 2497 quod
624 2443 693 2485 ubi
724 2444 897 2485 dictator
921 2445 1136 2499 conspexit
1165 2469 1219 2474 ——-
1250 2444 1332 2485 iam
1363 2443 1472 2484 enim

117 2513 156 2548 ct
180 2507 269 2561 ipsc
294 2507 335 2547 in
360 2507 521 2548 deserta
545 2506 725 2547 hostium
757 2515 891 2548 castra
919 2515 1204 2561 penetraverat
1228 2533 1282 2537 —-
1308 2506 1474 2560 cupien-

117 2576 198 2609 tem
224 2569 394 2609 militem
419 2569 646 2610 discurrere
671 2569 723 2609 ad
753 2569 948 2623 praedam
974 2584 1046 2624 spe
1072 2569 1220 2610 iniecta
1244 2569 1408 2610 maioris
1433 2569 1474 2609 in

116 2630 216 2671 urbe
242 2631 417 2685 praedae
442 2631 494 2671 ad
520 2636 677 2685 portam
703 2631 814 2672 ducit
837 2638 1109 2686 receptusque
1133 2631 1240 2673 intra
1269 2645 1407 2672 muros
1432 2630 1474 2670 in

116 2706 265 2742 arcem,
292 2707 373 2746 quo
397 2707 514 2734 ruere
539 2692 786 2748 fugientium
812 2692 973 2734 turbam
998 2692 1176 2744 videbat,
1201 2693 1348 2749 pergit.
1397 2705 1473 2734 nec

186 2769 249 2796 Liui
271 2770 322 2795 rot.
340 2770 358 2796 ι.
1203 2758 1247 2793 15

1488 785 1504 813 *l

1495 1465 1534 1494 10

1498 1775 1535 1803 ll

1497 2457 1516 2486 [ὓ

1500 2703 1519 2734 3
