1835 3226
353 309 435 349 310
651 314 806 348 LIBER
831 314 902 358 VI,
928 314 1027 348 4-(3.
1057 317 1103 357 [a.
1119 326 1152 348 u.
1170 315 1408 359 cece—368]

291 435 326 463 12
437 417 599 458 Eodem
632 432 757 466 anno,
794 432 846 458 ne
876 417 1046 472 privatis
1084 423 1241 458 tantum
1277 417 1469 473 operibus
1507 428 1704 462 cresceret

352 480 470 529 urbs,
504 479 756 534 Capitolium
782 494 946 533 quoque
973 494 1073 521 saxo
1099 481 1298 533 quadrato
1325 480 1605 522 substructum
1630 490 1703 532 est,

353 557 456 597 opus
483 541 549 582 vel
572 542 614 581 in
639 541 716 582 hae
740 542 1045 597 magnificentia
1069 541 1182 582 urbis
1209 543 1558 597 conspiciendum.

311 620 321 648 1
437 603 490 644 V.
528 603 618 644 Iam
638 609 678 644 et
702 603 855 644 tribuni
878 603 1011 658 plebis
1038 603 1202 644 civitate
1229 604 1482 645 aedificando
1508 613 1704 660 occupata

353 666 563 707 contiones
602 680 699 706 suas
735 665 997 720 frequentare
1033 665 1195 721 legibus
1232 667 1403 721 agrariis
1440 667 1704 708 conabantur.

353 727 634 769 ostentabatur
662 727 706 768 in
737 743 853 782 spem
878 727 1125 782 Pomptinus
1158 743 1256 783 ager
1286 735 1373 769 tum
1404 730 1582 783 primum
1612 742 1707 784 post

352 790 510 830 accisas
542 805 566 830 a
592 788 769 830 Camillo
794 789 1044 831 Volscorum
1075 804 1140 830 res
1171 791 1448 844 possessionis
1480 790 1591 831 haud
1621 806 1708 832 am-

308 866 325 893 3
352 852 515 906 biguae.
565 851 900 902 criminabantur,
931 852 1061 892 multo
1087 866 1180 892 eum
1205 852 1458 893 infestiorem
1484 868 1630 908 agrum
1655 852 1706 894 ab

350 914 563 954 nobilitate
589 928 680 955 esse
706 928 830 967 quam
861 929 885 955 a
909 913 1075 955 Volscis
1106 913 1247 954 fuerit:
1286 913 1337 955 ab
1368 914 1447 955 illis
1480 915 1588 956 enim
1619 922 1707 956 tan-

351 984 455 1025 tum,
489 976 626 1029 quoad
649 975 756 1017 vires
784 983 823 1016 et
848 991 962 1017 arma
985 976 1235 1025 habuerunt,
1268 976 1522 1018 incursiones
1549 991 1597 1018 eo
1621 977 1707 1018 fae-

306 1053 324 1080 4
353 1045 427 1087 tas,
455 1038 613 1079 nobiles
633 1038 820 1079 homines
840 1039 882 1079 in
901 1039 1208 1093 possessionem
1228 1039 1315 1093 agri
1335 1039 1488 1093 publici
1506 1041 1705 1095 grassari:

350 1115 426 1141 nec
450 1100 546 1149 nisi,
573 1107 792 1154 antequam
819 1101 956 1142 onmia
980 1101 1251 1156 praecipiant,
1285 1101 1442 1142 divisus
1469 1103 1538 1151 sit,
1570 1101 1705 1143 locum

309 1177 327 1204 5
353 1162 410 1202 ibi
439 1161 551 1216 plebi
581 1162 681 1203 fore.
731 1162 842 1203 haud
877 1178 1030 1218 magno
1067 1178 1188 1217 opere
1223 1163 1387 1218 plebem
1424 1171 1638 1205 moverant
1667 1170 1707 1205 et

350 1223 650 1277 infrequentem
680 1224 722 1264 in
753 1224 843 1265 foro
872 1235 1039 1280 propter
1063 1225 1306 1266 aedificandi
1332 1240 1472 1266 curam
1497 1232 1537 1267 et
1561 1226 1704 1267 eodem

351 1289 594 1330 exhaustam
623 1289 806 1343 inpensis
833 1303 962 1342 eoque
989 1289 1076 1344 agri
1102 1290 1388 1338 inmemorem,
1422 1290 1472 1330 ad
1499 1304 1620 1343 quem
1644 1289 1706 1329 in-

353 1351 591 1392 struendum
617 1351 724 1392 vires
750 1366 832 1391 non
857 1358 1006 1392 essent.

308 1422 325 1450 13
436 1412 487 1453 In
523 1413 686 1453 civitate
722 1413 845 1467 plena
880 1413 1144 1468 religionum,
1183 1419 1279 1454 tunc
1311 1413 1433 1454 etiam
1465 1412 1516 1453 ab
1551 1413 1704 1453 recenti

351 1475 466 1515 clade
498 1475 792 1529 superstitiosis
818 1475 1089 1530 principibus,
1122 1481 1165 1515 ut
1190 1480 1484 1515 renovarentur
1508 1474 1702 1528 auspicia,

350 1551 415 1577 res
441 1537 493 1577 ad
517 1537 796 1591 interregnum
815 1537 946 1577 rediit.
983 1537 1209 1591 interreges
1230 1537 1422 1590 deinceps
1442 1536 1502 1576 M.
1518 1536 1702 1576 Manlius

353 1597 630 1652 Capitolinus,
659 1596 749 1639 Ser.
778 1596 986 1652 Sulpicius
1015 1597 1278 1647 Camerinus,
1304 1599 1357 1638 L.
1380 1597 1570 1639 Valerius
1590 1597 1704 1638 Poti-

309 1670 323 1696 ῖ
351 1665 429 1699 tus.
478 1658 544 1699 hie
575 1659 742 1699 demum
773 1659 1029 1700 tribunorum
1061 1660 1234 1699 militum
1267 1659 1472 1700 consulari
1502 1666 1703 1713 potestate

350 1720 514 1760 comitia
532 1719 694 1761 habuit:
720 1721 773 1761 L.
794 1720 1020 1775 Papirium,
1043 1720 1112 1776 [C.
1130 1720 1407 1776 Cornelium]‚
1431 1720 1479 1762 C.
1497 1721 1702 1776 Sergium,

348 1781 402 1822 L.
424 1781 651 1822 Aemilium
670 1782 837 1832 iterum,
862 1783 916 1823 L.
931 1782 1187 1832 Menenium,
1213 1783 1266 1823 L.
1281 1782 1492 1823 Valerium
1512 1782 1703 1824 Publico-

349 1844 431 1884 lam
457 1844 621 1884 tertium
642 1851 770 1894 creat,
797 1845 825 1884 ii
850 1860 900 1885 ex
925 1845 1159 1899 interregno
1183 1844 1470 1899 magistratum
1497 1859 1702 1898 occepere.

305 1918 323 1945 s
431 1905 498 1947 Eo
522 1920 630 1946 anno
655 1906 768 1947 aedis
788 1906 936 1947 Martis
959 1905 1120 1948 Gallico
1140 1906 1247 1947 bello
1268 1913 1363 1947 vota
1382 1907 1570 1947 dedicata
1595 1912 1657 1946 est
1680 1921 1704 1946 a

349 1967 443 2008 Tito
459 1966 654 2020 Quinctio
669 1968 886 2009 duumviro
907 1969 1032 2009 sacris
1053 1968 1265 2009 faciendis.
1292 1967 1422 2009 tribus
1443 1974 1635 2021 quattuor
1654 1982 1703 2008 ex

347 2031 466 2071 novis
481 2030 639 2071 civibus
655 2031 835 2071 additae:
859 2030 1086 2080 Stellatina,
1098 2030 1378 2079 Tromentina,
1396 2029 1607 2079 Sabatina,
1623 2028 1704 2070 Ar-

348 2093 514 2142 niensis,
530 2107 684 2146 eaeque
698 2093 844 2148 viginti
857 2093 1037 2147 quinque
1050 2092 1230 2134 tribuum
1244 2107 1460 2132 numerum
1474 2091 1702 2146 explevere.

307 2166 318 2193 1
432 2154 508 2195 VI.
557 2154 625 2195 De
657 2169 756 2210 agro
782 2154 1004 2210 Pomptino
1036 2155 1088 2196 ab
1112 2155 1166 2196 L.
1196 2153 1351 2196 Sicinio
1382 2154 1544 2195 tribuno
1570 2153 1702 2208 plebis

348 2223 484 2256 aetum
516 2216 569 2257 ad
598 2213 915 2270 frequentiorem
946 2218 1028 2258 iam
1057 2216 1256 2272 populum
1288 2215 1626 2268 mobilioremque
1651 2215 1703 2255 ad

349 2278 614 2332 cupiditatem
646 2279 735 2334 agri
764 2293 887 2333 qnam
919 2279 1064 2320 fuerat.
1120 2285 1159 2319 et
1183 2279 1234 2319 de
1259 2278 1412 2319 Latino
1436 2277 1702 2330 Hernicoque

348 2339 455 2381 bello
480 2341 634 2382 mentio
659 2341 769 2382 facta
786 2341 829 2381 in
850 2348 995 2383 senatu
1012 2342 1178 2383 maioris
1198 2341 1294 2382 belli
1314 2356 1429 2390 cura,
1455 2341 1567 2395 quod
1578 2340 1704 2381 Etru-

347 2402 407 2443 ria
431 2403 474 2443 in
498 2403 623 2443 armis
649 2413 753 2452 erat,
780 2403 905 2444 dilata
931 2410 1004 2445 est.

305 2476 322 2504 :3
432 2464 516 2506 Res
536 2466 589 2506 ad
604 2464 824 2506 Camillum
845 2465 1053 2507 tribunum
1074 2466 1250 2506 militum
1271 2465 1475 2506 consulari
1499 2470 1701 2519 potestate

347 2527 478 2567 rediit.
517 2527 699 2587 collegae
719 2529 846 2569 additi
866 2529 1065 2582 quinque:
1094 2527 1183 2569 Ser.
1206 2527 1423 2568 Cornelius
1436 2527 1702 2583 Maluginen-

349 2588 424 2637 sis,
452 2587 505 2641 Q.
528 2587 728 2631 Servilius
748 2590 928 2631 Fidenas
955 2596 1135 2639 sextum,
1162 2590 1215 2631 L.
1238 2589 1459 2643 Quinctius
1481 2588 1701 2631 Cincinna-

304 2663 322 2690 -1
349 2656 432 2700 tus,
469 2652 522 2692 L.
555 2651 755 2694 Horatius
786 2653 1009 2702 Pulvillus,
1040 2653 1089 2694 P.
1117 2653 1321 2695 Valerius.
1375 2652 1574 2707 principio
1605 2651 1699 2691 anni

348 2726 516 2753 aversae
547 2727 668 2755 curae
700 2714 913 2756 hominum
947 2722 1041 2755 sunt
1072 2730 1096 2756 a
1126 2715 1233 2756 bello
1258 2714 1455 2763 Etrusco,
1493 2712 1603 2765 quod
1633 2711 1698 2751 fu-

346 2771 543 2825 gientium
581 2790 631 2816 ex
669 2791 768 2830 agro
804 2776 1026 2831 Pomptino
1063 2791 1212 2831 agmen
1247 2782 1414 2830 repente
1449 2774 1618 2814 inlatum
1656 2773 1697 2813 in

308 742 325 770 Ιῦ

304 2291 322 2318 Ιό
