1835 3226
282 1342 318 1369 10

281 1591 314 1618 11

283 1775 318 1804 12

308 2337 318 2364 l

346 223 429 266 320
686 228 836 262 LIBER
865 228 934 270 vl,
962 227 1013 260 15.
1036 227 1086 261 16.
1115 229 1162 270 [a.
1178 239 1210 261 u.
1228 238 1257 261 e.
1271 227 1353 271 369]

345 342 383 376 et
413 335 514 375 istos
539 332 782 373 incubantes
807 330 984 384 publicis
1010 330 1242 372 thensauris
1275 346 1326 372 ex
1355 333 1509 386 praeda
1541 332 1703 374 clande-

345 397 451 437 stina
483 394 661 435 evolvas.
717 393 828 447 quod
859 393 938 434 nisi
969 392 1090 442 facis,
1130 393 1216 434 sive
1253 401 1298 434 ut
1329 400 1369 434 et
1398 394 1486 448 ipse
1517 394 1559 434 in
1589 401 1703 449 parte

343 458 519 512 praedae
551 457 607 497 sis
640 456 726 497 sive
757 456 853 509 quia
883 470 1036 496 vanum
1072 455 1269 496 indicium
1306 462 1385 505 est,
1424 456 1466 496 in
1496 456 1631 497 vincla
1666 463 1704 496 te

342 519 436 559 duci
460 518 611 560 iubebo
636 533 713 559 nec
737 518 890 559 diutius
922 517 1071 572 patiar,
1109 533 1133 558 a
1163 524 1202 559 te
1233 518 1537 560 multitudinem
1568 518 1705 559 fallaci

343 596 415 636 spe
447 580 667 622 concitari?
727 580 779 621 ad
810 594 857 620 ea
882 579 1066 620 Manlius
1098 594 1175 621 nee
1206 595 1249 621 se
1281 580 1479 621 fefellisse
1511 580 1585 629 ait,
1623 595 1706 620 non

342 645 540 685 adversus
565 643 762 692 Volscos,
801 642 948 683 totiens
980 642 1110 683 hostis
1143 643 1331 696 quotiens
1363 642 1549 697 patribus
1582 656 1706 696 expe-

342 707 444 755 diat,
481 720 557 746 nee
582 706 780 746 adversus
806 705 982 745 Latinos
1008 704 1314 758 Hernicosque,
1352 719 1455 758 quos
1487 704 1605 745 falsis
1631 703 1707 744 eri-

342 768 521 810 minibus
547 768 588 808 in
614 783 728 809 arma
753 773 890 823 agant,
919 767 992 808 sed
1017 767 1216 808 adversus
1238 782 1281 808 se
1302 781 1349 808 ac
1369 766 1534 822 plebem
1552 766 1707 807 Roma-

342 846 437 871 nam
474 831 716 871 dictatorem
754 836 934 871 creatum
973 844 1084 871 esse:
1121 829 1203 870 iam
1240 830 1394 870 omisso
1430 828 1557 878 bello,
1595 829 1707 882 quod

343 893 579 934 simulatum
605 893 674 942 sit,
713 893 755 933 in
782 907 824 933 se
850 892 1049 946 impetum
1074 892 1178 941 fieri,
1210 893 1292 933 iam
1319 892 1558 933 dictatorem
1584 891 1708 946 profi-

342 956 416 996 teri
441 955 713 1010 patrocinium
739 955 1041 996 faeneratorum
1073 955 1271 995 adversus
1302 954 1484 1009 plebem,
1522 954 1603 995 iam
1630 952 1708 994 sibi

343 1032 393 1058 ex
418 1018 559 1059 favore
585 1017 858 1058 multitudinis
880 1017 1033 1058 crimen
1054 1024 1094 1058 et
1111 1017 1334 1072 perniciem
1361 1017 1514 1070 quaeri.
1560 1016 1709 1057 ‘offen-

343 1080 417 1120 dit’
442 1080 574 1133 inquit
600 1085 676 1129 ‘te,
704 1079 758 1121 A.
789 1079 973 1129 Corneli,
1002 1095 1176 1134 vosque,
1203 1088 1340 1134 patres
1367 1079 1604 1134 conscripti,
1633 1079 1709 1120 cir-

343 1142 533 1183 cumfusa
558 1142 677 1184 turba
704 1143 819 1183 lateri
844 1157 955 1184 meo:
982 1143 1080 1196 quin
1107 1158 1197 1183 eam
1217 1142 1408 1183 diducitis
1429 1158 1454 1183 a
1471 1156 1537 1182 me
1558 1141 1709 1196 singuli

343 1205 490 1245 vestris
516 1204 745 1254 beneficiis,
783 1205 1092 1254 intercedendo,
1125 1205 1343 1245 eximendo
1369 1205 1419 1245 de
1444 1219 1571 1245 nervo
1597 1204 1708 1245 cives

342 1273 516 1315 vestros,
542 1266 797 1320 prohibendo
816 1266 1017 1307 iudicatos
1038 1266 1308 1319 addictosque
1329 1266 1435 1315 duci,
1464 1281 1515 1306 ex
1529 1281 1577 1306 eo
1597 1265 1708 1318 quod

345 1328 476 1368 affluit
501 1328 648 1382 opibus
675 1328 821 1369 vestris
849 1328 1089 1368 sustinendo
1114 1328 1382 1368 necessitates
1408 1327 1605 1368 aliorum?
1635 1327 1709 1367 sed

344 1390 444 1443 quid
475 1405 553 1445 ego
585 1405 678 1439 vos,
717 1390 767 1431 de
792 1396 930 1430 vestro
961 1390 1214 1444 inpendatis‚
1252 1389 1416 1430 hortor?
1459 1396 1610 1430 sortem
1636 1389 1709 1429 ali-

344 1467 468 1505 quam
493 1453 608 1501 ferte,
636 1453 686 1493 de
712 1452 844 1507 capite
870 1452 1060 1493 deducite
1086 1453 1196 1505 quod
1216 1452 1352 1493 usuris
1372 1458 1707 1506 pernumeratum

345 1521 424 1554 est:
462 1515 543 1555 iam
574 1514 700 1555 nihilo
730 1529 823 1555 mea
853 1514 973 1555 turba
1003 1529 1126 1567 quam
1163 1514 1286 1556 ullius
1324 1514 1583 1568 conspectior
1619 1514 1705 1554 crit.

345 1581 386 1616 at
412 1576 519 1616 enim
545 1576 644 1629 quid
667 1577 725 1617 ita
750 1576 861 1617 solus
889 1591 966 1631 ego
993 1576 1144 1616 civium
1170 1591 1311 1617 curam
1337 1576 1441 1631 ago?
1471 1575 1596 1617 nihilo
1623 1591 1708 1616 ma-

345 1638 408 1692 gis
448 1638 560 1691 quod
596 1638 870 1692 respondeam
907 1637 1040 1678 habco
1078 1652 1202 1690 quam
1230 1638 1265 1678 si
1295 1652 1489 1691 quaeras,
1527 1638 1627 1691 quid
1652 1638 1708 1678 ita

347 1699 458 1740 solus
486 1699 739 1754 Capitolium
764 1714 982 1753 arcemque
1009 1699 1273 1740 servaverim.
1323 1706 1362 1740 et
1392 1706 1480 1740 tum
1506 1699 1707 1741 universis

346 1776 468 1815 quam
494 1762 609 1816 potui
634 1776 755 1816 opem
781 1762 855 1802 tuli
881 1768 920 1802 et
944 1776 1053 1801 nunc
1080 1761 1253 1816 singulis
1279 1760 1423 1802 feram.
1478 1777 1573 1802 nam
1599 1762 1710 1815 quod

346 1824 398 1864 ad
423 1823 638 1865 thesauros
666 1822 851 1865 Gallicos
877 1823 1038 1872 attinet,
1076 1837 1163 1864 rem
1196 1829 1340 1877 suapte
1370 1829 1517 1864 natura
1546 1823 1710 1864 facilem

346 1886 557 1927 difficilem
575 1886 840 1941 interrogatio
860 1885 970 1926 facit.
1009 1900 1081 1926 cur
1099 1885 1208 1926 enim
1228 1885 1422 1939 quaeritis
1443 1886 1555 1938 quod
1574 1885 1712 1926 scitis?

347 1963 418 1989 cur
443 1948 554 2001 quod
578 1948 620 1988 in
647 1948 740 1989 sinu
764 1954 901 1989 vestro
927 1954 989 1988 est
1009 1947 1146 1988 excuti
1165 1947 1315 1988 iubetis
1337 1947 1473 2001 potius
1494 1962 1617 2001 quam
1636 1962 1711 2002 po-

303 2024 320 2051 :i
347 2010 471 2059 uatis,
502 2010 581 2051 nisi
608 2009 745 2063 aliqua
769 2010 883 2050 fraus
911 2009 1078 2051 subest?
1124 2023 1206 2063 quo
1231 2010 1365 2064 magis
1397 2010 1515 2064 argui
1539 2009 1712 2064 praesti-

346 2073 436 2128 gias
462 2072 612 2114 iubetis
638 2079 810 2121 vestras,
837 2087 885 2113 eo
910 2072 1003 2126 plus
1029 2086 1190 2121 vereor,
1218 2087 1268 2112 ne
1294 2071 1544 2112 abstuleritis
1571 2072 1711 2113 obser-

347 2134 539 2176 vantibus
565 2134 689 2175 etiam
715 2134 868 2175 oeulos.
918 2134 1057 2187 itaque
1088 2149 1171 2174 non
1203 2148 1280 2189 ego
1311 2133 1430 2174 vobis
1456 2140 1501 2173 ut
1531 2133 1710 2174 indicem

347 2198 520 2252 praedas
546 2203 723 2247 vestras,
762 2196 835 2237 scd
860 2211 933 2237 vos
959 2196 1001 2237 id
1027 2196 1201 2252 cogendi
1227 2196 1343 2245 estis,
1382 2202 1426 2236 ut
1455 2195 1497 2236 in
1528 2195 1710 2236 medium

346 2259 588 2314 proferatis)

432 2321 558 2363 XVI.
615 2320 725 2363 Cum
755 2321 915 2362 mittere
948 2320 1146 2376 ambages
1178 2321 1352 2362 dictator
1381 2320 1540 2361 iuberet
1571 2325 1610 2361 et
1640 2327 1710 2361 aut

346 2399 544 2439 peragere
580 2398 725 2424 verum
760 2383 959 2424 indicium
997 2390 1162 2439 cogeret
1199 2389 1268 2424 aut
1303 2383 1422 2423 fateri
1453 2382 1612 2423 facinus
1648 2383 1711 2423 in-

349 2446 528 2487 simulati
553 2446 658 2487 falso
685 2446 853 2487 erimine
885 2453 1051 2487 senatus
1085 2446 1328 2498 oblataeque
1359 2445 1455 2485 vani
1484 2445 1582 2485 furti
1606 2445 1711 2485 invi-

349 2509 452 2558 diae,
477 2518 697 2565 negantem
724 2508 890 2550 arbitrio
914 2508 1173 2550 inimicorum
1199 2523 1242 2549 se
1262 2508 1493 2548 locuturum
1514 2508 1556 2548 in
1575 2507 1710 2548 vinela

307 2584 324 2612 2
351 2571 444 2611 duci
474 2571 606 2612 iussit.
662 2578 847 2625 arreptus
879 2586 903 2612 a
933 2571 1087 2611 viatore
1115 2569 1335 2625 ‘Iuppiter'
1372 2569 1504 2623 inquit
1537 2569 1708 2623 ‘optime

350 2633 527 2674 maxime
558 2633 745 2686 Iunoque
781 2633 924 2688 regina
960 2647 1008 2674 ae
1037 2632 1230 2673 Minerva
1260 2631 1464 2684 ceterique
1501 2631 1557 2671 dii
1587 2630 1708 2670 deae-

351 2708 447 2748 que,
485 2695 555 2748 qui
586 2694 837 2750 Capitolium
874 2709 1091 2749 arcemque
1127 2694 1322 2743 incolitis,
1361 2693 1487 2734 sicine
1523 2697 1705 2732 vestrum
