1780 3204
370 242 522 277 LiBER
548 242 641 287 1111,
667 242 720 275 29.
741 242 794 276 30.
823 240 1132 285 [21.C.431-428]
1346 232 1424 272 221

70 347 306 390 discesserit
330 346 553 401 praesidio,
593 346 789 386 victorem
821 345 953 386 securi
984 359 1226 399 percussum
1252 344 1426 385 tradunt.

69 425 144 451 nec
168 409 267 450 libet
292 409 457 449 credere
482 433 535 438 ——
562 414 601 448 et
625 408 719 448 licet
743 408 786 447 in
806 407 928 447 variis
950 405 1210 461 opinionibus
1234 432 1286 435 —
1308 412 1346 447 et
1366 422 1429 447 ar-
1455 421 1472 450 6

68 478 264 527 gumento
291 478 364 520 est,
391 470 501 523 quod
526 470 697 524 imperia
715 468 941 518 Manliana,
968 484 1049 509 non
1070 468 1339 509 Postumiana
1359 483 1430 522 ap-

68 534 218 588 pellata
243 533 335 582 sint,
362 547 485 586 quem
505 532 575 585 qui
593 532 703 586 prior
722 538 863 572 auctor
883 538 967 571 tam
988 531 1100 571 saevi
1121 530 1298 584 exempli
1324 530 1430 571 foret

69 602 341 650 occupaturus
356 595 559 649 insignem
575 593 737 634 titulum
756 593 1006 634 crudelitatis
1028 592 1162 633 fuerit.
1201 592 1429 646 Imperioso

68 674 231 712 quoque
257 658 415 699 Manlio
442 671 672 712 cognomen
697 656 890 705 inditum,
922 655 1163 697 Postumius
1190 655 1301 696 nulla
1327 655 1430 696 tristi

71 728 165 761 nota
191 727 252 761 est
278 720 511 775 insignitus.

156 781 233 823 Cn.
248 782 379 822 Iulius
405 781 549 822 consul
575 781 718 821 aedem
738 780 945 835 Apollinis
972 780 1142 821 absente
1162 779 1321 834 collega
1343 779 1429 820 sine
1458 793 1472 820 τ

70 851 177 885 sorte
209 844 425 896 dedicavit.
481 858 602 899 aegre
633 843 674 883 id
704 858 854 898 passus
881 842 1102 895 Quinctius
1135 857 1228 883 cum
1259 842 1430 882 dimisso

69 907 249 947 exercitu
274 906 315 947 in
339 905 483 947 urbem
507 906 698 955 redisset,
732 905 981 959 nequiquam
1007 906 1047 945 in
1076 911 1222 946 senatu
1247 910 1311 945 est
1335 918 1431 945 con-

69 976 253 1022 questus.

153 1032 313 1087 Insigni
345 1032 505 1087 magnis
536 1031 658 1073 rebus
692 1046 797 1072 anno
830 1031 994 1071 additur
1018 1031 1118 1071 nihil
1149 1036 1235 1071 tum
1267 1030 1319 1071 ad
1344 1045 1429 1070 rem
1456 1042 1473 1071 8

72 1093 301 1134 Romanam
332 1094 534 1148 pertinere
571 1093 725 1142 visum,
763 1093 874 1146 quod
907 1092 1291 1146 Carthaginienses,
1330 1091 1431 1131 tanti

69 1155 207 1196 hostes
240 1155 383 1204 futuri,
422 1162 508 1195 tum
541 1155 718 1209 primum
749 1169 821 1208 per
852 1154 1073 1195 seditiones
1108 1152 1343 1194 Siculorum
1379 1153 1431 1193 ad

68 1217 192 1271 partis
219 1217 383 1257 alterius
410 1217 607 1256 auxilium
632 1216 674 1255 in
701 1214 885 1256 Siciliam
912 1215 1138 1255 exereitum
1164 1215 1371 1255 traiecere.

151 1277 308 1318 XXX.
358 1276 577 1332 Agitatum
608 1277 649 1316 in
680 1276 781 1317 urbe
814 1276 865 1317 ab
898 1276 1071 1317 tribunis
1102 1275 1254 1330 plebis,
1292 1282 1338 1316 ut
1362 1275 1430 1316 tri-
1461 1291 1470 1316 ι

68 1339 166 1380 buni
190 1339 365 1379 militum
391 1339 595 1380 consulari
625 1345 829 1393 potestate
860 1345 1111 1388 crearentur,
1150 1353 1226 1379 nec
1257 1337 1431 1379 obtineri

66 1401 208 1455 potuit.
247 1400 436 1442 consules
456 1400 559 1441 fiunt
578 1401 630 1441 L.
654 1400 844 1455 Papirius
868 1400 1060 1450 Crassus,
1087 1401 1141 1442 L.
1163 1400 1307 1441 Iulius.
1345 1399 1431 1441 Ae-

66 1477 239 1516 quorum
264 1463 390 1518 legati
414 1463 562 1504 foedus
589 1462 641 1504 ab
668 1471 813 1504 senatu
840 1478 932 1503 eum
958 1463 1159 1518 petissent
1185 1469 1225 1504 et
1248 1478 1322 1518 pro
1343 1462 1430 1504 foe-

67 1525 161 1566 dere
187 1525 339 1566 deditio
364 1531 654 1574 ostentaretur,
687 1525 867 1566 indutias
895 1540 1096 1566 annorum
1121 1531 1213 1566 octo
1239 1525 1430 1579 impetra-

67 1593 223 1627 verunt.
272 1586 521 1628 Volscorum
545 1602 610 1628 res
638 1602 761 1641 super
786 1593 997 1641 acceptam
1022 1588 1064 1628 in
1088 1587 1245 1642 Algido
1271 1587 1429 1627 cladem
1457 1600 1474 1627 2

66 1648 264 1702 pertinaci
289 1649 509 1689 certamine
533 1649 638 1689 inter
661 1649 775 1702 pacis
802 1649 980 1703 bellique
1012 1656 1199 1690 auctores
1231 1649 1273 1688 in
1297 1648 1431 1702 iurgia

68 1717 108 1751 et
133 1711 353 1752 seditiones
378 1725 511 1751 versa.
561 1711 741 1764 undique
768 1711 896 1752 otium
927 1711 1006 1751 fuit
1030 1711 1242 1752 Romanis.
1294 1709 1427 1764 legem
1457 1723 1473 1749 :3

68 1771 118 1812 de
144 1772 363 1812 multarum
394 1773 678 1813 aestimatione
710 1780 944 1827 pergratam
975 1773 1129 1827 populo
1161 1787 1255 1812 cum
1282 1771 1333 1812 ab
1359 1772 1429 1811 tri-

70 1833 189 1874 bunis
220 1834 355 1887 parari
385 1834 574 1875 consules
608 1835 728 1875 unius
761 1849 812 1874 ex
843 1834 1017 1889 collegio
1048 1834 1277 1888 proditione
1310 1847 1430 1874 exec-

68 1895 237 1949 pissent,
263 1895 343 1948 ipsi
369 1903 774 1949 praeoccupaverunt
799 1896 917 1936 ferre.

156 1956 360 1997 Consules
386 1957 439 1997 L.
469 1956 642 2011 Sergius
668 1958 847 1998 Fidenas
873 1958 1039 2007 iterum,
1067 1957 1243 1999 Hostius
1269 1959 1428 1999 Lucre·
1454 1971 1473 1999 4

70 2019 150 2059 tius
177 2018 456 2072 Tricipitinus.
494 2019 594 2059 nihil
620 2019 790 2073 dignum
811 2019 922 2060 dictu
942 2027 1078 2060 actum
1098 2020 1147 2060 iis
1175 2020 1428 2061 consulibus.

71 2080 199 2120 secuti
220 2095 289 2121 eos
311 2080 500 2121 consules
515 2080 568 2121 A.
586 2080 803 2122 Cornelius
820 2080 992 2131 Cossus,
1021 2081 1069 2122 T.
1087 2081 1306 2134 Quinctius
1321 2081 1430 2122 Pen-

71 2157 147 2182 nus
172 2142 332 2183 iterum.
370 2141 565 2183 Veientes
591 2143 632 2183 in
658 2158 801 2197 agrum
823 2143 1058 2184 Romanum
1084 2143 1347 2185 excursiones
1369 2143 1428 2184 fe-
1454 2158 1472 2186 5

71 2211 225 2244 cerunt.
263 2203 375 2245 fama
399 2204 488 2253 fuit,
516 2205 716 2258 quosdam
742 2220 792 2246 ex
817 2205 1079 2246 Fidenatium
1104 2206 1313 2247 iuventute
1338 2221 1430 2261 par-

71 2266 213 2319 ticipes
246 2266 332 2307 eius
363 2266 641 2321 populationis
674 2267 823 2317 fuisse,
861 2269 1123 2322 cognitioque
1160 2268 1247 2309 eius
1284 2269 1343 2309 rei
1374 2269 1426 2309 L.

74 2325 220 2381 Sergio
246 2335 285 2368 et
311 2327 362 2380 Q.
387 2327 561 2369 Servilio
587 2334 627 2369 et
650 2328 779 2370 Mam.
800 2329 982 2371 Aemilio
1008 2330 1220 2384 permissa.
1260 2331 1428 2384 quidam
1454 2344 1471 2373 6

73 2387 237 2430 Ostiam
263 2391 451 2446 relegati,
484 2393 611 2445 quod,
646 2407 717 2433 cur
746 2407 820 2447 per
850 2408 919 2434 eos
946 2393 1032 2434 dies
1059 2409 1083 2434 a
1107 2393 1274 2435 Fidenis
1301 2394 1428 2435 afuis-

20 2502 27 2510 ·
72 2459 174 2500 sent,
201 2467 345 2506 parum
372 2453 597 2494 constabat.
636 2454 873 2495 colonorum
900 2455 1063 2496 additus
1088 2471 1283 2497 numerus
1310 2470 1426 2511 ager-

70 2527 148 2565 que
174 2513 237 2555 his
262 2513 369 2555 bello
395 2515 729 2570 interemptorum
755 2517 1008 2572 adsignatus.
1049 2518 1230 2558 siccitate
1250 2533 1298 2559 eo
1319 2533 1424 2559 anno
1453 2533 1469 2561 7

70 2575 289 2629 plurimum
319 2575 547 2617 laboratum
585 2584 664 2626 est,
702 2592 777 2618 nee
814 2578 1011 2619 caelestes
1049 2579 1171 2620 modo
1208 2579 1426 2621 defuerunt

71 2651 218 2690 aquae,
258 2638 331 2678 sed
368 2645 473 2680 terra
494 2650 671 2693 *quoquc
707 2640 889 2695 ingenito
926 2655 1067 2682 umore
1104 2655 1231 2696 egens
1267 2642 1336 2682 vix
1373 2642 1426 2683 ad

70 2713 267 2753 perennes
306 2700 468 2742 suffecit
505 2715 658 2742 amnes.
720 2701 905 2743 defectus
944 2702 1039 2743 alibi
1083 2717 1281 2756 aquarum
1318 2705 1425 2746 circa
1449 2717 1468 2748 8
