1835 3226
347 286 428 328 218
675 290 828 325 LIBER
853 290 946 334 1111,
972 290 1026 324 26.
1044 290 1098 325 27.
1127 293 1174 335 [a.
1189 303 1222 326 u.
1238 303 1266 326 e.
1281 293 1365 336 3-23]

346 396 498 437 tamina
522 396 563 435 in
589 393 771 435 consiliis
797 393 987 434 omnibus
1013 393 1230 434 terrebant.
1276 401 1371 435 sunt
1395 395 1466 448 qui
1496 397 1602 438 male
1625 412 1701 453 pu-

346 466 517 512 gnatum
542 455 593 496 ab
618 455 682 495 his
703 454 941 495 consulibus
961 455 1004 495 in
1023 455 1179 510 Algido
1199 462 1387 497 auctores
1409 457 1502 507 sint,
1529 472 1700 512 eamque

302 534 317 561 7
346 532 513 558 causam
544 516 754 557 dictatoris
785 517 952 557 creandi
983 516 1125 558 fuisse.
1173 517 1276 558 illud
1302 518 1401 558 satis
1433 525 1611 568 constat,
1650 521 1701 561 ad

343 580 422 620 alia
452 578 662 619 discordes
693 578 736 618 in
766 593 848 619 uno
885 578 1083 620 adversus
1119 585 1282 633 patrum
1319 579 1572 621 voluntatem
1607 595 1703 621 con-

344 641 536 690 sensisse,
561 655 612 681 ne
639 640 820 681 dicerent
845 640 1105 690 dictatorem3
1131 641 1274 691 donec,
1301 650 1394 682 cum
1414 642 1494 683 alia
1513 642 1602 683 aliis
1623 649 1703 684 ter-

341 702 522 744 ribiliora
553 702 810 743 adferrentur
845 716 921 743 nec
956 702 1000 742 in
1035 703 1276 744 auctoritate
1308 710 1475 744 senatus
1512 703 1703 746 consules

344 771 500 814 essent,
540 762 592 817 Q.
627 762 828 805 Servilius
859 764 1028 805 Priscus
1066 764 1238 806 summis
1274 764 1498 806 honoribus
1536 766 1704 821 egregie

297 839 316 869 8
344 841 444 868 usus
478 825 602 876 ‘vos,’
639 826 772 879 inquit
809 825 979 867 ‘tribuni
1015 825 1167 881 plebis,
1204 827 1398 880 quoniam
1437 827 1489 868 ad
1520 836 1705 869 extrema

341 896 509 929 ventum
541 895 621 938 est,
660 894 827 929 senatus
859 888 1051 943 appellat,
1069 894 1114 929 ut
1149 889 1192 929 in
1227 896 1340 930 tanto
1377 889 1613 930 discrimine
1643 890 1703 930 rei

341 950 530 1005 publicae
562 951 802 991 dictatorem
833 950 968 991 dicere
999 950 1189 992 consules
1220 966 1295 1005 pro
1326 957 1529 1006 potestate
1565 958 1706 992 vestra

299 1027 316 1056 9
344 1012 527 1068 cogatis?
576 1027 658 1066 qua
681 1026 782 1053 voce
808 1012 948 1053 audita
972 1012 1232 1053 occasionem
1257 1012 1436 1054 oblatam
1456 1013 1533 1054 rati
1552 1013 1705 1054 tribuni

343 1075 556 1130 augendae
581 1075 795 1129 potestatis
823 1075 1020 1116 secedunt
1044 1089 1200 1130 proque
1226 1075 1399 1130 collegio
1424 1075 1704 1130 pronuntiant,

341 1136 502 1190 placere
528 1136 718 1177 consules
745 1137 905 1177 senatui
930 1137 1038 1178 dicto
1064 1137 1276 1178 audientes
1302 1152 1413 1187 esse3
1445 1138 1480 1179 si
1505 1137 1704 1178 adversus

345 1211 594 1238 consensum
620 1197 864 1252 amplissimi
889 1199 1042 1239 ordinis
1069 1199 1175 1240 ultra
1200 1199 1388 1249 tendant,
1425 1199 1467 1240 in
1499 1198 1636 1240 vincla
1661 1213 1705 1240 se

279 1273 319 1302 10
344 1260 439 1301 duci
470 1275 540 1301 eos
570 1260 768 1301 iussuros.
819 1260 1008 1301 consules
1040 1260 1091 1301 ab
1122 1261 1295 1302 tribunis
1327 1276 1451 1314 quam
1482 1261 1534 1302 ab
1561 1266 1705 1302 senatu

342 1322 452 1362 vinci
477 1322 725 1369 maluerunt,
762 1322 970 1376 proditum
1002 1338 1025 1363 a
1049 1322 1235 1377 patribus
1268 1323 1418 1364 summi
1449 1322 1609 1377 imperii
1639 1323 1704 1363 ius

345 1384 569 1437 datumque
596 1383 672 1425 sub
698 1384 842 1438 iugum
868 1383 1108 1424 tribuniciae
1126 1385 1320 1439 potestati
1339 1384 1598 1425 consulatum
1619 1398 1704 1424 me-

345 1452 564 1495 morantes,
592 1446 626 1486 si
651 1446 818 1499 quidem
844 1446 937 1500 cogi
962 1445 1115 1498 aliquid
1140 1461 1213 1500 pro
1238 1453 1441 1501 potestate
1467 1445 1518 1487 ab
1539 1445 1702 1486 tribuno

344 1507 533 1548 consules
549 1514 589 1548 et
606 1533 660 1538 ——
680 1522 761 1561 quo
776 1507 874 1561 quid
892 1507 1061 1548 ulterius
1081 1508 1241 1562 privato
1256 1508 1483 1548 timendum
1507 1507 1636 1548 foret?
1649 1532 1702 1537 —

280 1583 316 1611 11
344 1569 387 1609 in
411 1569 547 1610 vincla
577 1569 700 1610 etiam
731 1570 824 1609 duci
855 1576 1036 1623 possent.
1086 1584 1174 1610 sors
1200 1576 1245 1610 ut
1270 1570 1510 1611 dictatorem
1535 1570 1701 1618 diceret,

344 1645 440 1670 nam
465 1645 515 1671 ne
540 1631 583 1670 id
607 1631 772 1683 quidem
799 1631 904 1671 inter
928 1630 1109 1685 collegas
1135 1638 1401 1681 convenerat,
1428 1631 1478 1672 T.
1507 1630 1703 1684 Quinctio

345 1693 491 1734 evenit.
540 1693 575 1734 is
606 1692 660 1733 A.
687 1693 950 1734 Postumium
982 1693 1211 1734 Tubertum
1245 1708 1432 1735 socerum
1464 1709 1603 1742 suum,
1642 1707 1705 1734 se—

344 1754 548 1795 verissimi
572 1755 732 1809 imperii
758 1755 903 1803 virum,
930 1754 1170 1795 dictatorem
1195 1755 1310 1795 dixit.
1348 1754 1400 1795 ab
1426 1769 1474 1796 eo
1498 1755 1552 1795 L.
1572 1754 1704 1795 Iulius

280 1828 318 1857 12
345 1815 542 1871 magister
572 1816 755 1869 equitum
787 1822 849 1856 est
880 1815 1027 1856 dictus.
1078 1815 1200 1855 simul
1231 1815 1404 1856 edicitur
1434 1822 1474 1856 et
1504 1815 1705 1856 iustitium

345 1892 478 1931 neque
504 1877 615 1918 aliud
640 1884 724 1918 tota
748 1877 850 1918 urbe
875 1877 943 1932 agi
967 1891 1090 1930 quam
1112 1876 1266 1918 bellum
1286 1877 1487 1932 apparari.
1525 1876 1706 1932 cognitio

345 1939 580 1980 vacantium
606 1939 773 1980 militiae
798 1953 966 1980 munere
991 1945 1087 1993 post
1110 1938 1265 1980 bellum
1296 1939 1496 1980 differtur.
1550 1938 1607 1979 ita
1631 1938 1706 1978 du-

346 2000 402 2042 bii
433 2016 597 2055 quoque
628 2001 825 2042 inclinant
855 2001 908 2042 ad
938 2001 1107 2042 nomina
1137 2001 1285 2042 danda.
1336 2007 1376 2042 et
1400 2000 1595 2042 Hernicis
1621 2000 1707 2040 La-

345 2063 523 2117 tinisque
549 2063 699 2104 milites
718 2063 918 2118 imperati.
959 2062 1161 2116 utrimque
1182 2063 1300 2104 enixe
1319 2062 1556 2104 oboeditum
1580 2061 1708 2102 dicta-

347 2125 425 2166 tori
450 2132 524 2166 est.

305 2201 318 2230 1
431 2187 628 2229 XXVII.
661 2187 781 2229 Haec
795 2188 932 2229 omnia
945 2187 1151 2229 celeritate
1170 2187 1327 2242 ingenti
1348 2193 1457 2236 acta3
1482 2186 1707 2239 relictoque

349 2249 426 2291 Cn.
441 2249 548 2291 Iulio
575 2250 743 2291 consule
769 2250 821 2291 ad
845 2250 1096 2304 praesidium
1116 2249 1229 2290 urbis
1250 2256 1289 2290 et
1307 2249 1360 2290 L.
1381 2248 1488 2289 Iulio
1507 2248 1706 2304 magistro

347 2311 531 2365 equitum
557 2312 610 2352 ad
634 2311 771 2353 subita
794 2311 891 2353 belli
915 2311 1154 2361 ministeria,
1181 2326 1233 2352 ne
1258 2325 1340 2365 qua
1364 2325 1441 2360 res,
1468 2325 1551 2364 qua
1568 2312 1706 2366 eguis-

348 2380 437 2414 sent
461 2374 503 2415 in
528 2374 690 2423 castris,
716 2380 960 2423 moraretur,
987 2373 1161 2414 dictator
1183 2380 1405 2428 praeeunte
1430 2371 1485 2413 A.
1514 2371 1706 2414 Cornelio

347 2436 537 2490 pontifice
563 2436 743 2477 maximo
767 2436 886 2477 ludos
906 2450 1079 2491 magnos
1100 2435 1299 2476 tumultus
1319 2450 1445 2476 causa
1463 2434 1588 2484 vovit,
1613 2449 1707 2489 pro-

348 2498 563 2552 fectusque
594 2498 645 2539 ab
676 2498 777 2540 urbe
809 2498 941 2539 diviso
972 2513 1066 2538 cum
1099 2496 1294 2551 Quinctio
1326 2497 1493 2538 consule
1524 2497 1705 2538 exercitu

305 2573 322 2603 3
349 2561 400 2600 ad
424 2560 563 2601 hostes
590 2561 786 2614 pervenit.
838 2560 942 2601 sicut
966 2559 1063 2600 bina
1088 2566 1222 2600 castra
1246 2559 1426 2600 hostium
1450 2573 1576 2614 parvo
1601 2558 1705 2598 inter

350 2636 392 2662 se
419 2622 551 2677 spatio
577 2622 771 2663 distantia
795 2622 998 2671 viderant,
1030 2621 1109 2676 ipsi
1134 2635 1298 2675 quoque
1322 2621 1433 2661 mille
1458 2620 1586 2661 ferme
1609 2633 1703 2672 pas-

350 2698 419 2724 sus
445 2683 496 2724 ab
527 2683 663 2733 hoste,
696 2684 869 2725 dictator
899 2683 1102 2733 Tusculo,
1141 2683 1286 2724 consul
1317 2681 1509 2723 Lanuvio
1538 2679 1701 2734 propio-

306 2757 324 2786 4
350 2758 435 2784 rem
459 2744 594 2785 locum
616 2745 759 2787 castris
780 2751 986 2801 ceperunt.
1024 2745 1079 2786 ita
1099 2751 1292 2799 quattuor
1310 2743 1511 2785 exercitus
1533 2739 1698 2781 totidem

303 2449 320 2478 10
