1835 3226
322 223 403 264 152
601 229 755 264 LIBER
778 228 853 270 111,
879 228 934 263 28.
954 228 1009 263 29.
1037 231 1085 271 [a.
1099 239 1134 262 u.
1149 240 1178 263 e.
1193 229 1389 274 296-299]

254 352 293 380 ῃ)
317 333 584 389 ignominiam
609 332 803 371 incensus
829 331 1003 371 addidit:
1037 329 1273 372 Gracchum
1300 331 1503 372 Cloelium
1528 334 1676 375 ducem

252 598 287 625 11

271 907 288 935 10

270 1149 287 1179 0:

315 394 602 448 principesque
628 393 730 433 alios
756 393 916 434 vinctos
936 393 988 433 ad
1011 407 1055 434 se
1075 393 1225 434 adduci
1244 393 1375 443 iubet,
1401 394 1553 448 oppido
1574 395 1677 437 Cor-

317 457 438 497 bione
470 455 625 496 deeedi.
676 455 890 510 sanguinis
923 470 967 496 se
993 455 1235 509 Aequorum
1266 470 1349 496 non
1379 470 1518 511 egere,
1554 456 1676 498 licere

316 517 447 567 abire3
474 517 548 557 sed
571 523 617 557 ut
643 517 896 571 exprimatur
920 517 1086 558 tandem
1113 517 1340 567 confessio,
1367 518 1581 559 subactam
1606 519 1678 560 do-

316 578 540 631 mitamque
560 593 652 619 esse
670 585 850 634 gentem,
873 578 969 632 (sub
983 579 1149 634 iugum)
1166 579 1362 630 abituros.
1399 579 1529 621 tribus
1548 579 1677 621 hastis

314 641 459 695 iugum
477 640 540 690 fit,
566 640 682 681 humi
706 639 799 681 fixis
826 640 987 682 duabus
1014 656 1217 696 superque
1243 656 1312 682 cas
1339 648 1573 683 transversa
1596 656 1679 682 una

316 702 508 757 deligata.
559 702 636 743 sub
661 703 741 744 hoc
764 703 863 758 iugo
889 703 1063 744 dictator
1086 703 1260 756 Aequos
1286 704 1409 744 misit.

399 764 647 807 XXVIIII.
699 764 860 807 Castris
895 766 1077 807 hostium
1112 766 1288 820 receptis
1325 766 1457 820 plenis
1494 766 1677 808 omnium

313 841 451 867 rerum
476 851 531 856 —-
556 828 690 868 nudos
723 828 832 868 enim
863 829 1056 869 emiserat
1079 853 1153 879 ——,
1184 828 1381 883 praedam
1412 843 1576 870 omnem
1602 843 1677 870 suo

314 895 474 929 tantum
499 888 618 929 militi
643 889 766 930 dedit.
805 890 1062 931 consularem
1089 890 1312 931 exercitum
1337 890 1556 944 ipsumque
1582 905 1679 931 con-

315 950 447 992 sulem
476 951 713 1006 increpans,
753 951 948 993 ‘carebis’
983 952 1117 1005 inquit
1148 953 1343 1006 ‘praedae
1373 959 1507 1007 parte,
1544 953 1676 1002 miles,

314 1027 366 1053 ex
397 1027 445 1054 eo
476 1013 614 1063 hoste,
648 1013 714 1054 cui
743 1029 871 1068 prope
896 1015 1074 1068 praedae
1099 1014 1232 1063 fuisti,
1265 1020 1306 1054 et
1330 1020 1392 1065 tu,
1423 1015 1477 1055 L.
1503 1014 1676 1062 Minuci,

314 1075 446 1115 donec
482 1075 741 1116 consularem
777 1076 961 1117 animum
996 1076 1169 1131 incipias
1206 1076 1377 1126 habere,
1414 1077 1576 1131 legatus
1613 1076 1677 1118 his

313 1135 546 1191 legionibus
582 1137 789 1191 praeeris.'
837 1138 894 1178 ita
931 1153 974 1178 se
1010 1137 1223 1179 Minucius
1261 1138 1425 1179 abdicat
1461 1138 1678 1179 consulatu

313 1198 534 1251 iussusque
571 1199 624 1239 ad
659 1199 884 1240 exercitum
920 1206 1070 1240 manet.
1132 1201 1206 1241 sed
1242 1201 1345 1241 a-deo
1382 1206 1469 1240 tuin
1504 1200 1676 1254 imperio

313 1259 471 1300 meliori
496 1260 657 1301 animus
683 1267 897 1302 mansuete
922 1261 1145 1302 oboediens
1172 1268 1275 1311 erat,
1307 1268 1352 1302 ut
1378 1262 1565 1303 beneficii
1590 1277 1677 1302 ma-

313 1321 378 1376 gis
421 1336 545 1375 quam
586 1322 836 1377 ignominiae
872 1322 938 1364 hie
975 1323 1178 1364 exercitus
1215 1338 1372 1364 memor
1407 1330 1447 1364 ct
1482 1338 1675 1364 coronam

313 1398 481 1424 auream
505 1383 693 1425 dictatori
717 1385 863 1426 libram
888 1385 1026 1439 pondo
1046 1386 1271 1426 decreverit
1290 1392 1329 1426 ct
1347 1386 1675 1440 proficiscentem

315 1460 409 1486 eum
433 1452 652 1500 patronum
679 1447 928 1487 salutaverit.
989 1447 1148 1488 Romae
1180 1463 1204 1488 a
1230 1446 1282 1499 Q.
1308 1447 1440 1488 Fabio
1465 1447 1674 1502 praefecto

312 1507 426 1549 urbis
453 1515 619 1549 senatus
645 1508 809 1550 habitus
835 1509 1156 1563 triumphantem
1177 1508 1418 1561 Quinctium
1438 1524 1518 1563 quo
1537 1511 1675 1551 venic-

313 1568 384 1609 bat
408 1569 573 1624 agmine
598 1570 743 1610 urbem
768 1571 930 1625 ingredi
960 1571 1092 1611 iussit.
1141 1571 1253 1611 ducti
1283 1578 1376 1612 ante
1407 1586 1572 1612 currum
1602 1572 1675 1613 ho-

314 1630 438 1670 stium
475 1631 620 1681 duces,
658 1632 849 1672 militaria
880 1632 1000 1686 signa
1029 1632 1230 1686 praelata,
1269 1639 1433 1674 secutus
1471 1634 1673 1675 exercitus

311 1693 466 1747 praeda
501 1699 688 1734 onustus.
745 1694 890 1748 epulae
927 1694 1151 1735 instructae
1187 1694 1378 1735 dicuntur
1414 1695 1542 1736 fuisse
1579 1702 1672 1736 ante

311 1755 495 1795 omnium
527 1755 692 1805 domos,
726 1756 1023 1810 epulantesque
1048 1771 1143 1797 cum
1168 1756 1348 1797 carmine
1374 1757 1609 1811 triumphali
1634 1764 1673 1798 et

313 1818 581 1859 sollemnibus
612 1819 713 1860 iocis
746 1819 1034 1860 comisantium
1066 1819 1189 1860 modo
1220 1834 1384 1861 currum
1411 1819 1540 1860 secuti
1566 1830 1671 1860 sunt.

312 1896 360 1922 co
386 1881 451 1922 die
475 1881 529 1921 L.
556 1880 745 1922 Mamilio
773 1881 1012 1922 Tusculano
1044 1880 1366 1936 adprobantibus
1393 1881 1549 1922 cunctis
1576 1881 1675 1922 civi-

311 1949 374 1984 tas
400 1943 496 1984 data
521 1950 595 1984 est.

398 2005 633 2047 Confestim
659 2020 702 2046 se
729 2006 903 2047 dictator
927 2006 1172 2061 magistratu
1196 2006 1449 2056 abdicasset,
1481 2006 1522 2046 ni
1548 2005 1673 2046 comi-

310 2068 366 2108 tia
395 2067 457 2108 M.
489 2066 651 2118 Volsci,
689 2068 783 2110 falsi
820 2069 955 2118 testis,
992 2068 1239 2118 tenuisse11t3
1277 2083 1325 2109 ea
1354 2083 1406 2109 ne
1442 2068 1673 2122 inpedirent

311 2130 480 2179 tribuni,
507 2130 716 2171 dictatoris
743 2130 900 2172 obstitit
925 2137 1073 2171 metus
1122 2130 1316 2172 Volscius
1342 2131 1561 2171 damnatus
1585 2130 1672 2170 La·-

311 2192 482 2232 nuvium
524 2192 567 2232 in
610 2192 779 2233 exilium
821 2192 932 2233 abiit.
995 2191 1215 2246 Quinctius
1254 2198 1371 2232 sexto
1407 2191 1568 2232 decimo
1605 2191 1670 2232 die

310 2255 511 2296 dictatura
534 2255 577 2295 in
602 2269 676 2296 sex
700 2269 864 2296 menses
891 2261 1060 2309 accepta
1085 2269 1129 2296 se
1154 2254 1372 2295 abdicavit.

393 2316 477 2358 Per
507 2332 578 2358 eos
609 2317 697 2358 dies
729 2317 874 2358 consul
896 2316 1072 2358 Nautius
1104 2317 1157 2357 ad
1180 2316 1355 2358 Eretum
1382 2331 1476 2357 cum
1503 2315 1670 2357 Sabinis

311 2379 476 2434 egregie
507 2385 685 2434 pugnat:
724 2379 776 2420 ad
806 2385 990 2420 vastatos
1022 2393 1143 2434 agros
1176 2393 1225 2420 ea
1249 2393 1413 2432 quoque
1439 2378 1576 2418 clades
1602 2392 1670 2418 ac-

311 2441 435 2481 cessit
462 2439 641 2482 Sabinis.
690 2440 877 2482 Minucio
902 2440 1058 2482 Fabius
1086 2439 1267 2493 Quintus
1294 2455 1510 2481 successor
1533 2440 1574 2480 in
1594 2438 1670 2479 Al-

311 2503 454 2557 gidum
472 2503 638 2544 missus.
676 2510 859 2544 extremo
879 2518 986 2544 anno
1006 2503 1206 2557 agitatum
1226 2502 1276 2543 de
1300 2502 1392 2557 lege
1418 2501 1469 2542 ab
1495 2501 1668 2542 tribunis

311 2571 390 2613 est,
429 2565 502 2605 sed
532 2565 629 2618 quia
659 2565 741 2606 duo
773 2565 974 2606 exercitus
1000 2564 1188 2614 aberant,
1219 2578 1271 2604 ne
1297 2564 1395 2617 quid
1420 2564 1593 2604 ferretur
1616 2563 1668 2603 ad

311 2626 526 2679 populum,
553 2633 689 2682 patres
710 2633 888 2669 tenuere.
926 2627 1069 2682 plebes
1089 2626 1204 2676 vicit,
1230 2632 1275 2667 ut
1293 2626 1481 2680 quintum
1501 2625 1666 2666 eosdem

313 2686 495 2729 tribunos
521 2696 717 2730 crearent.
