1835 3226
304 842 320 869 “l

287 1338 324 1367 10

287 1710 319 1737 11

287 1959 321 1987 12

305 2333 322 2360 Ιό

350 160 435 201 400
700 167 854 201 Lmen
879 167 990 211 v111,
1016 167 1047 202 4.
1067 168 1100 201 5.
1129 170 1177 211 [a.
1190 179 1225 202 u.
1241 169 1365 212 0.414]

350 271 543 312 adiuncto
569 269 778 324 duplicent
802 270 910 310 vires
937 284 1051 318 suas,
1078 284 1201 323 quem
1228 284 1439 312 secernere
1464 272 1516 313 ab
1542 287 1585 314 se
1611 288 1707 315 con-

351 333 460 372 sules
483 332 598 372 bellis
618 331 793 386 propriis
813 332 1015 385 ponendis
1036 332 1330 385 sumendisque
1355 332 1503 382 nolint,
1529 348 1602 374 cur
1625 350 1706 376 non

349 394 486 434 omnia
510 394 762 447 aequantur?
798 408 870 434 cur
895 409 976 435 non
1003 394 1104 434 alter
1129 394 1180 435 ab
1205 395 1368 436 Latinis
1400 396 1544 436 consul
1574 397 1704 446 datur,

349 456 420 497 ubi
443 471 539 510 pars
564 456 732 505 virium,
758 456 817 497 ibi
841 463 879 497 et
905 457 1066 510 imperii
1090 471 1186 511 pars
1208 457 1294 498 est?
1319 464 1381 498 est
1401 458 1567 511 quidem
1586 458 1706 499 nobis

348 518 426 558 1100
450 532 524 572 per
549 532 592 558 se
616 518 717 558 haut
736 518 857 559 nimis
879 518 1081 573 amplum,
1108 519 1260 573 quippe
1281 519 1603 561 concedentibus
1623 520 1708 561 Ro-

349 595 457 620 mam
484 586 607 634 caput
625 580 739 620 Latii
764 595 874 629 esse,
902 581 976 622 sed
1001 588 1045 621 ut
1070 581 1253 635 amplum
1278 582 1407 622 videri
1430 589 1590 636 posset,
1618 583 1707 623 diu-

350 648 468 682 turna
494 642 690 696 patientia
715 642 902 683 fecimus.
952 643 1065 696 atqui
1091 643 1125 683 si
1150 643 1314 696 quando
1340 658 1538 697 umquam
1563 659 1708 685 conso-

348 704 483 744 ciandi
513 704 692 758 imperii,
724 705 987 759 usurpandae
1017 704 1217 746 libertatis
1244 712 1407 760 tempus
1434 706 1624 760 optastis,
1657 721 1708 747 en

348 765 426 806 1100
462 772 626 820 tempus
663 766 781 807 adest
812 775 851 808 et
882 767 1030 807 virtute
1061 774 1198 808 vestra
1229 775 1269 808 et
1300 768 1422 808 deum
1454 767 1707 823 benignitate

349 827 466 868 vobis
488 828 642 869 datum.
675 829 906 883 temptastis
926 829 1165 883 patientiam
1185 829 1376 884 negando
1396 829 1578 870 militem.
1615 830 1706 883 quis

348 889 526 939 dubitat,
570 890 775 931 exarsisse
813 905 902 940 eos,
941 905 1035 931 eum
1071 891 1163 945 plus
1201 891 1471 932 ducentorum
1507 906 1707 932 annorum

348 967 505 993 morem
549 952 833 994 solveremus?
885 953 1140 1008 pertulerunt
1183 960 1320 994 tamen
1361 954 1471 995 1111110
1512 954 1707 995 dolorem.

349 1013 503 1055 bellum
539 1021 679 1056 nostro
715 1015 881 1056 nomine
919 1031 1013 1056 eum
1043 1016 1255 1071 Paelignis
1292 1017 1518 1071 gessimus:
1557 1016 1627 1070 qui
1657 1030 1708 1056 110

348 1084 585 1117 nostrorum
622 1078 788 1131 quidem
825 1078 969 1119 finium
1004 1078 1125 1119 nobis
1156 1094 1230 1133 per
1260 1094 1335 1120 nos
1367 1079 1613 1120 tuendorum
1642 1079 1708 1119 ius

349 1145 469 1179 antea
493 1139 663 1189 dabant,
690 1140 790 1180 1111111
815 1141 1147 1182 intercesserunt.
1199 1140 1406 1183 Sidicinos
1432 1141 1474 1182 in
1499 1141 1623 1182 fidem
1647 1155 1710 1181 re-

350 1207 510 1255 ceptos,
545 1201 783 1255 Campanos
815 1202 866 1243 ab
899 1218 942 1244 50
968 1204 1020 1244 ad
1051 1219 1126 1245 nos
1159 1204 1360 1253 descisse,
1398 1203 1601 1244 exereitus
1633 1217 1708 1243 nos

350 1278 491 1318 parare
511 1264 710 1304 adversus
733 1263 953 1313 Samnites,
980 1264 1213 1306 foederatos
1235 1281 1344 1314 suos,
1372 1265 1605 1312 audierunt,
1632 1279 1707 1304 nec

348 1333 565 1367 moverunt
585 1340 628 1367 se
649 1326 700 1367 ab
721 1326 833 1367 urbe.
871 1327 999 1376 unde,
1024 1328 1133 1368 unde
1153 1327 1254 1368 haee
1274 1328 1353 1368 illis
1374 1334 1485 1368 tanta
1506 1327 1708 1367 modestia

348 1388 426 1429 nisi
452 1403 476 1428 a
501 1388 749 1429 conscientia
775 1388 923 1429 virium
949 1396 987 1429 et
1007 1397 1240 1430 nostrarum
1261 1396 1299 1430 et
1321 1390 1512 1430 suarum?
1536 1389 1705 1429 idoneos

349 1456 535 1491 auctores
562 1449 712 1499 habeo,
747 1451 1012 1503 querentibus
1044 1451 1094 1492 de
1125 1451 1242 1492 nobis
1270 1450 1526 1492 Samnitibus
1559 1451 1615 1491 ita
1645 1465 1707 1491 re-

350 1527 546 1566 sponsum
573 1512 624 1553 ab
651 1521 796 1553 senatu
820 1513 1009 1554 Romano
1035 1529 1144 1563 esse,
1177 1522 1220 1554 ut
1246 1514 1364 1555 facile
1391 1521 1622 1569 appareret,
1657 1528 1706 1554 ne

349 1574 460 1627 ipsos
487 1574 653 1627 quidem
678 1574 761 1614 iam
785 1575 1015 1629 postulare,
1050 1583 1092 1616 ut
1117 1576 1288 1616 Latium
1315 1575 1390 1617 sub
1416 1576 1605 1617 Romano
1630 1576 1705 1616 im-

347 1636 460 1690 perio
493 1636 555 1677 sit.
616 1644 811 1691 usurpate
843 1638 967 1678 modo
997 1639 1244 1692 postulando
1270 1653 1336 1688 eo,
1369 1639 1479 1692 quod
1504 1639 1562 1678 illi
1587 1637 1705 1679 vobis

349 1698 460 1738 taciti
486 1699 728 1739 concedunt.
785 1700 818 1740 si
845 1714 968 1753 quem
993 1700 1070 1740 1100
1097 1707 1229 1741 11101115
1256 1701 1390 1741 dicere
1415 1700 1622 1755 prohibet,
1655 1715 1706 1741 en

348 1775 427 1815 ego
451 1760 558 1814 ipse,
592 1761 784 1801 audiente
809 1776 893 1801 non
917 1762 1071 1816 populo
1097 1761 1286 1803 Romano
1311 1762 1434 1803 modo
1466 1769 1705 1816 senatuque,

349 1822 422 1862 sed
447 1822 546 1863 Iove
578 1823 686 1877 ipso,
719 1823 789 1876 qui
816 1822 1069 1877 Capitolium
1099 1824 1257 1873 incolit,
1289 1824 1493 1878 profiteor,
1527 1837 1592 1864 me
1620 1824 1707 1873 die-

349 1892 503 1934 turum,
530 1892 592 1934 ut,
622 1885 656 1925 si
680 1900 755 1926 nos
781 1886 823 1926 in
848 1886 1014 1927 foedere
1041 1900 1089 1926 ae
1115 1887 1310 1927 societate
1331 1901 1421 1927 esse
1442 1886 1585 1935 velint,
1612 1900 1708 1926 eon-

350 1946 481 1987 sulem
502 1946 674 1987 alterum
695 1947 746 1988 ab
765 1947 883 1988 nobis
905 1954 1154 2002 senatusque
1175 1955 1333 2003 partem
1354 1948 1580 2002 accipiant.’
1605 1947 1707 1989 haee

349 2010 540 2050 ferociter
558 2025 642 2050 non
662 2011 850 2051 suadenti
871 2011 1023 2060 solum,
1051 2011 1124 2053 sed
1142 2011 1351 2066 pollicenti
1370 2011 1546 2052 clamore
1572 2017 1612 2051 et
1637 2011 1708 2051 ad-

349 2087 475 2113 sensu
500 2088 642 2114 omnes
668 2073 960 2127 permiserunt,
987 2080 1031 2114 ut
1051 2080 1191 2129 ageret
1212 2074 1464 2127 (liceretque,
1491 2087 1596 2127 quae
1617 2087 1638 2114 e
1663 2087 1706 2113 re

348 2135 514 2190 publiea
539 2136 716 2176 nominis
741 2136 883 2176 Latini
908 2136 1070 2189 fideque
1097 2151 1173 2177 sua
1197 2137 1444 2176 viderentur.

435 2197 488 2238 V.
540 2197 625 2239 Ubi
651 2204 713 2239 est
736 2197 912 2239 Romam
939 2206 1127 2247 ventum,
1153 2199 1195 2239 in
1223 2198 1428 2253 Capitolio
1455 2198 1513 2239 eis
1539 2204 1706 2239 senatus

348 2260 468 2300 datus
495 2266 568 2301 est.
618 2260 675 2301 ibi
701 2275 794 2301 011111
820 2260 868 2301 T.
894 2260 1078 2301 Manlius
1105 2261 1249 2301 consul
1275 2261 1428 2315 egisset
1453 2275 1544 2301 cum
1573 2260 1631 2301 eis
1657 2274 1707 2300 ex

350 2322 589 2363 auctoritate
620 2328 802 2376 patrum,
840 2337 891 2363 ne
920 2321 1177 2364 Samnitibus
1210 2323 1430 2363 foederatis
1461 2322 1615 2363 bellum
1647 2321 1709 2361 in-

350 2385 518 2434 ferrent,
545 2383 730 2434 Annius,
757 2391 966 2438 tamquam
992 2386 1123 2426 vietor
1147 2385 1271 2425 armis
1299 2384 1550 2439 Capitolium
1576 2383 1708 2438 cepis-

306 2457 323 2485 3
351 2454 429 2493 501,
462 2462 545 2487 11011
574 2446 735 2502 legatus
767 2447 854 2487 iure
885 2447 1069 2502 gentium
1096 2454 1207 2487 tutus
1233 2447 1488 2500 loqueretur:
1523 2450 1704 2499 ‘tempus

350 2508 465 2558 erat‚'
491 2509 623 2562 inquit
650 2509 762 2550 ‘Tite
782 2508 915 2549 Manli
935 2524 1091 2562 vosque
1113 2516 1248 2563 patres
1275 2508 1513 2562 conscripti,
1540 2507 1705 2548 tandem

350 2571 431 2610 iam
456 2585 530 2612 vos
556 2570 773 2612 nobiseum
798 2571 898 2611 nihil
924 2586 996 2625 pro
1021 2571 1193 2626 imperio
1219 2585 1359 2626 agere,
1387 2585 1482 2611 eum
1506 2569 1707 2610 florentis-

352 2631 499 2672 simum
544 2633 667 2675 deum
708 2633 961 2689 benignitate
1003 2648 1112 2674 nune
1147 2633 1318 2674 Latium
1362 2632 1485 2674 armis
1527 2631 1705 2684 virisque
