1835 3226
265 373 282 401 G

312 247 390 287 135
601 252 751 286 Lmfflt
777 251 851 294 111,
879 252 930 284 13.
953 251 1007 284 14.
1038 254 1363 297 [a.u.e.·-’u3.2⁴„›4]

309 356 494 397 sumendi
520 355 635 408 eopia
660 353 813 408 populo
838 354 1026 394 Romano
1051 353 1132 394 fiat.
1182 355 1375 408 appellati
1400 357 1551 399 tribuni
1575 375 1658 400 1110-

307 419 373 458 dio
416 417 579 457 decreto
621 415 684 455 ius
722 414 863 455 auxilii
901 415 965 454 sui
1000 415 1241 469 expediunt,
1284 416 1325 456 in
1362 417 1492 458 vinela
1531 421 1657 461 conici

306 483 461 526 vetant,
488 476 576 517 sisti
596 491 711 516 reum
737 476 1054 529 pecuniamque,
1082 477 1160 517 nisi
1187 477 1365 527 sistatur,
1392 479 1544 534 populo
1568 495 1660 534 pro-

265 558 277 584 ,-
308 540 409 580 mitti
444 539 605 593 placere
643 538 916 592 pronuntiant.
978 553 1182 579 summam
1224 540 1424 593 pecuniae
1466 549 1660 594 quantam

245 1171 255 1198 ‘1
264 1170 283 1195 ι’)

263 1418 280 1446 Ιὺ

306 616 449 642 aecum
481 606 590 640 esset
620 599 820 653 promitti,
860 599 1053 640 veniebat
1083 600 1125 640 111
1156 601 1339 642 dubium.
1364 644 1368 647 ,
1389 602 1430 642 id
1461 603 1514 643 ad
1545 618 1662 644 sena-

307 674 391 704 tum
416 662 591 703 reicitur.
634 676 747 710 reus,
775 662 873 702 dum
900 662 1209 703 consulerentur
1232 671 1388 718 patres,
1415 671 1595 706 retentus
1621 666 1661 705 in

306 725 469 779 publico
495 730 568 764 est.
617 723 744 764 vades
770 724 866 764 dare
891 723 1056 778 placuit.
1106 739 1233 765 unum
1258 726 1406 766 vadem
1431 726 1562 767 tribus
1588 727 1662 767 mi-

305 786 411 827 libus
433 785 535 826 aeris
556 784 854 840 obligaverunt,
875 791 974 839 quot
993 786 1197 835 darentur,
1223 787 1471 840 permissum
1490 788 1663 829 tribunis

307 855 381 889 cst.
430 848 572 888 decem
604 847 814 897 finierunt3
852 853 912 887 tot
942 847 1117 888 vadibus
1149 855 1365 889 aecusator
1395 850 1570 891 vadatus
1602 857 1664 891 est

306 925 433 950 reum.
487 909 553 950 hic
579 909 733 963 primus
761 909 886 949 vades
913 909 1100 963 publicos
1125 910 1249 951 dedit.
1305 911 1501 952 dimissus
1528 926 1550 952 0
1574 911 1663 953 foro

307 979 422 1012 nocte
464 971 652 1026 proxima
693 971 734 1011 in
772 971 933 1012 Tuscos
970 972 1012 1012 in
1049 972 1217 1012 exilium
1254 972 1364 1014 abiit.
1424 974 1563 1014 iudicii
1599 974 1665 1014 die

307 1049 399 1074 011111
432 1040 714 1082 excusaretur,
748 1033 880 1074 solum
911 1033 1084 1074 vertisse
1116 1034 1226 1074 exilii
1257 1049 1400 1083 eausa,
1433 1035 1559 1075 nihilo
1590 1035 1666 1075 mi-

308 1110 384 1136 nus
399 1095 599 1149 Verginio
626 1096 791 1136 comitia
815 1095 1005 1144 habente,
1033 1095 1228 1150 conlegae
1255 1096 1448 1151 appellati
1473 1096 1665 1138 dimisere

310 1157 538 1197 concilium.
581 1157 756 1211 pecunia
781 1173 804 1197 a
828 1164 942 1211 patre
968 1164 1112 1197 exacta.
1137 1158 1364 1207 crudeliter,
1391 1165 1437 1198 ut
1481 1159 1665 1199 divendi-

308 1219 357 1260 tis
389 1218 580 1260 omnibus
613 1218 730 1259 bonis
783 1219 1036 1271 aliquamdiu
1067 1225 1178 1260 trans
1205 1218 1389 1260 Tiberim
1414 1220 1540 1260 veluti
1564 1220 1665 1260 rele-

307 1287 428 1336 gatus
454 1281 573 1320 devio
599 1281 778 1333 quodam
804 1281 967 1335 tugurio
994 1280 1160 1321 viveret.

392 1342 544 1383 XIIII.
582 1341 677 1383 Hoc
701 1342 897 1382 iudicium
923 1348 962 1382 et
986 1342 1246 1397 promulgata
1269 1342 1336 1383 lex
1362 1343 1543 1383 exercuit
1568 1344 1664 1383 eivi-

308 1410 451 1453 tatem,
490 1403 541 1444 ab
567 1404 744 1444 externis
777 1404 899 1444 armis
926 1404 1053 1444 otium
1086 1404 1174 1444 fuit.
1224 1419 1317 1444 011111
1348 1404 1460 1444 velut
1490 1405 1664 1445 victores

308 1465 458 1507 tribuni
482 1465 682 1519 perculsis
714 1465 897 1519 patribus
926 1464 1126 1506 Caesonis
1160 1465 1280 1506 exilio
1311 1481 1436 1520 prope
1468 1466 1663 1521 perlatam

308 1542 399 1568 csse
425 1528 635 1568 crederent
659 1527 792 1582 legem
820 1534 859 1567 et
884 1527 994 1580 quod
1020 1528 1071 1567 ad
1098 1528 1278 1568 seniores
1303 1534 1465 1582 patrum
1491 1528 1664 1582 pertine-

311 1597 370 1630 ret
386 1589 608 1629 cessissent
628 1589 889 1643 possessione
909 1590 965 1629 rei
985 1589 1185 1643 publicae,
1213 1590 1402 1638 iuniores,
1429 1590 1470 1630 id
1488 1590 1665 1630 maxime

307 1651 418 1703 quod
445 1650 646 1691 Caesonis
673 1650 874 1691 sodalium
901 1651 996 1699 suit,
1029 1666 1179 1691 auxere
1204 1651 1285 1691 iras
1310 1651 1353 1691 in
1376 1651 1558 1705 plebem,
1584 1666 1664 1691 11011

308 1713 540 1754 minuerunt
566 1713 738 1754 animos.
777 1713 851 1754 sed
875 1713 931 1754 ibi
956 1712 1179 1767 plurimum
1198 1714 1429 1767 profectum
1449 1721 1529 1762 est,
1556 1714 1665 1766 quod

308 1776 430 1816 modo
467 1776 646 1828 quodam
684 1782 964 1829 temperavere
1007 1776 1185 1829 impetus
1231 1790 1339 1816 suos.
1401 1789 1495 1815 011111
1535 1775 1667 1828 primo

307 1844 400 1892 post
443 1837 644 1878 Caesonis
694 1838 860 1878 exilium
902 1837 970 1878 lex
1011 1843 1156 1891 coepta
1202 1837 1299 1877 ferri
1346 1843 1426 1886 est,
1480 1837 1667 1877 instructi

307 1900 519 1954 paratique
562 1914 655 1940 cum
697 1900 854 1955 ingenti
897 1899 1106 1940 clientium
1150 1899 1330 1939 exercitu
1374 1899 1432 1939 510
1468 1898 1666 1946 tribunos,

308 1962 378 2003 ubi
402 1962 580 2016 primum
608 1962 901 2003 submoventes
932 1961 1158 2016 praebuere
1184 1975 1371 2009 causam,
1403 1961 1533 2001 adorti
1559 1967 1666 2009 sunt,

308 2031 353 2064 ut
376 2039 496 2064 nemo
521 2039 627 2064 unus
653 2024 747 2065 inde
772 2024 1037 2078 praecipuum
1064 2024 1285 2076 quicquam
1315 2023 1469 2077 gloriae
1500 2023 1666 2063 domum

310 2086 540 2126 invidiaeve
570 2085 715 2135 ferret,
752 2086 863 2126 mille
899 2101 973 2140 pro
1010 2101 1093 2127 uno
1126 2084 1335 2126 Caesones
1368 2085 1551 2125 extitisse
1582 2084 1668 2138 ple-

265 2161 281 2187 ει
309 2147 380 2188 bes
417 2158 666 2200 quereretur.
722 2148 867 2188 mediis
904 2145 1069 2196 diebus,
1113 2146 1263 2200 quibus
1301 2146 1452 2187 tribuni
1489 2146 1539 2186 de
1574 2145 1666 2200 lege

306 2224 389 2249 non
414 2215 600 2264 agerent,
626 2209 726 2250 nihil
752 2210 909 2250 eisdem
933 2209 1012 2249 illis
1038 2209 1239 2263 placidius
1266 2216 1335 2249 aut
1360 2208 1537 2262 quietius
1563 2215 1665 2248 erat:

308 2271 485 2326 benigne
518 2272 713 2321 salutare,
751 2271 917 2324 adloqui
952 2270 1084 2325 plebis
1121 2271 1327 2320 homines,
1365 2271 1533 2311 domum
1564 2269 1667 2310 invi-

309 2340 410 2379 tare,
437 2334 584 2375 adesse
609 2334 651 2374 in
676 2333 782 2382 foro,
810 2333 996 2374 tribunos
1022 2333 1135 2387 ipsos
1163 2340 1297 2374 cetera
1322 2333 1407 2387 pati
1433 2332 1519 2373 sine
1545 2332 1668 2372 inter-

308 2395 524 2449 pellatione
555 2396 727 2437 concilia
757 2395 927 2444 habere,
965 2409 1189 2448 numquam
1226 2395 1298 2435 11111
1334 2409 1467 2447 neque
1503 2393 1666 2448 publice

308 2471 441 2509 neque
471 2457 663 2511 privatim
694 2463 830 2498 truces
862 2472 972 2506 esse,
1011 2457 1089 2497 nisi
1121 2471 1215 2497 cum
1246 2457 1296 2497 de
1326 2456 1418 2511 lege
1449 2456 1517 2510 agi
1548 2469 1667 2508 coep-

309 2524 395 2557 tum
421 2525 548 2568 esset3
574 2519 671 2560 alibi
695 2519 906 2574 popularis
931 2519 1123 2559 iuventus
1150 2524 1246 2558 erat.
1283 2532 1360 2558 nee
1385 2523 1520 2558 cetera
1544 2516 1666 2556 modo

310 2580 460 2621 tribuni
497 2583 714 2635 tranquillo
745 2596 959 2637 peregere,
998 2582 1070 2623 sed
1105 2581 1248 2622 refecti
1283 2595 1448 2634 quoque
1483 2580 1523 2620 in
1559 2579 1666 2618 inse-

310 2648 501 2692 quentem
527 2659 696 2693 annum,
729 2659 780 2684 ne
806 2659 906 2685 voce
932 2644 1099 2697 quidem
1130 2643 1407 2691 incommoda,
1439 2641 1589 2681 nedum
1620 2644 1663 2678 ut

310 2702 390 2742 ulla
421 2704 482 2744 vis
513 2704 645 2754 fieret,
682 2706 880 2760 paulatim
911 2705 1203 2760 permulcendo
1234 2703 1526 2755 tractandoque
1550 2714 1664 2740 man-
