1780 3204
509 228 660 262 LIBER
686 229 740 272 Π,
770 230 796 261 1.
817 229 848 262 2.
876 231 924 271 [a.
941 227 1074 271 aab]
1419 220 1472 259 60

120 335 301 375 onmium
321 334 499 387 primum
512 332 680 372 avidum
697 346 828 373 novae
847 331 1044 372 libertatis
1063 331 1275 386 populum,
1289 345 1340 372 nc
1360 338 1472 386 post-
1498 346 1515 373 a

120 396 289 437 modum
312 395 419 435 flecti
443 394 634 449 precibus
655 401 724 435 aut
743 394 861 435 donis
880 393 1004 448 regiis
1023 402 1175 447 posset,
1195 394 1282 434 iure
1300 394 1472 435 iurando

121 458 269 512 adegit,
284 457 490 497 neminem
504 456 662 497 Romae
681 470 877 510 passuros
896 469 1087 509 regnare3
1107 455 1267 504 deinde,
1283 470 1364 508 quo
1377 455 1470 510 plus

120 519 267 559 virium
290 519 333 559 in
359 526 502 559 senatu
525 518 755 571 frequentia
775 518 897 558 etiam
917 517 1070 557 ordinis
1090 517 1255 567 faceret,
1277 517 1472 559 caedibus

120 581 228 635 regis
260 581 516 621 deminutum
546 588 709 634 patrum
738 594 956 620 numerum
990 579 1237 633 primoribus
1269 581 1471 633 equestris

119 642 273 697 gradus
299 642 413 683 lectis
435 642 487 682 ad
505 650 779 683 trecentorum
798 656 1002 682 summam
1027 641 1219 695 explevit.
1258 641 1471 682 traditum-

119 719 198 758 quc
223 704 317 744 iude
341 703 482 752 fertur,
509 710 553 743 ut
576 704 620 743 in
645 710 833 744 senatum
857 709 1102 744 vocarentur
1126 703 1197 755 qui
1218 710 1357 757 patres
1383 704 1473 757 qui-

119 780 198 819 que
212 766 431 820 conscripti
444 773 579 806 essent
589 782 599 814 ;
620 766 873 819 conscriptos
886 765 1077 806 videlicet
1089 780 1243 806 novum
1260 764 1338 820 [in]
1356 780 1474 807 sena-

120 840 206 868 tum
226 827 486 882 appellabant
503 827 644 868 lectos,
681 827 725 866 id
744 827 893 866 mirum
912 833 1111 879 quantum
1130 826 1286 880 profuit
1304 827 1356 868 ad
1375 842 1473 869 con-

120 889 300 930 cordiam
325 889 500 929 civitatis
526 888 839 943 iungendosque
862 887 1049 942 patribus
1073 888 1207 942 plebis
1233 889 1406 931 animos.

203 951 260 991 Π.
286 950 442 991 Rerum
461 950 607 990 deinde
627 950 857 990 divinarum
876 949 1016 990 habita
1037 965 1150 999 cura;
1173 957 1212 990 et
1231 951 1327 1004 quia
1347 966 1472 1005 quae-

119 1012 213 1052 dam
232 1011 397 1066 publica
418 1026 534 1052 sacra
550 1026 624 1066 per
641 1012 754 1066 ipsos
773 1026 893 1066 reges
914 1011 1097 1052 factitata
1116 1019 1242 1061 erant,
1258 1028 1308 1054 ne
1329 1014 1471 1055 ubiubi

118 1089 263 1130 regum
288 1074 536 1115 desiderium
555 1081 676 1122 esset,
697 1088 838 1128 regem
858 1074 1132 1114 sacrificulum
1153 1082 1303 1115 creant.
1340 1076 1382 1115 id
1409 1091 1473 1116 sa-

119 1136 345 1177 cerdotium
369 1136 551 1190 pontifici
577 1135 799 1184 subiecere,
819 1149 871 1176 ne
891 1135 1054 1176 additus
1074 1137 1229 1177 nomini
1249 1137 1379 1178 honos
1400 1138 1473 1178 ali—

117 1198 216 1251 quid
245 1197 439 1246 libertati,
473 1197 588 1237 cuius
619 1204 717 1238 tunc
751 1197 883 1251 prima
915 1205 1000 1238 erat
1032 1212 1145 1247 cura,
1180 1198 1374 1240 officeret.
1425 1214 1472 1240 ac

116 1260 267 1308 nescio,
294 1274 347 1299 an
370 1259 491 1299 nimis
512 1259 692 1312 undique
713 1273 803 1299 eam
824 1259 1086 1313 minimisque
1105 1260 1228 1302 rebus
1248 1261 1472 1301 muniendo

117 1321 285 1362 modum
305 1321 566 1361 excesserint.
605 1321 785 1362 consulis
806 1322 913 1362 enim
934 1322 1113 1371 alterius,
1129 1337 1224 1363 cum
1242 1323 1343 1363 nihil
1362 1323 1473 1364 aliud

117 1383 344 1432 offenderit,
363 1398 514 1424 nomen
532 1383 712 1424 invisum
738 1384 891 1424 civitati
917 1384 1011 1425 fuit:
1037 1385 1209 1426 nimium
1224 1385 1471 1439 Tarquinios

116 1460 243 1501 regno
268 1446 479 1487 adsuesse.
528 1446 689 1486 initium
714 1461 738 1487 a
763 1446 907 1488 Prisco
932 1447 1101 1488 factum.
1149 1463 1346 1504 regnasse
1379 1449 1473 1489 dein

117 1507 206 1549 Ser.
217 1507 410 1548 Tullium.
447 1523 498 1549 ne
518 1508 730 1549 intervallo
750 1509 915 1562 quidem
935 1509 1044 1551 facto
1064 1510 1247 1559 oblitum,
1263 1518 1473 1564 tamquam

116 1570 249 1620 alieni,
274 1571 392 1625 regni
408 1569 644 1624 Superbum
658 1571 929 1624 Tarquinium
949 1572 1061 1613 velut
1079 1573 1348 1614 hercditatcm
1373 1588 1474 1628 gen-

116 1632 166 1672 tis
193 1632 345 1673 scelere
364 1646 411 1672 ac
430 1632 472 1672 vi
489 1633 706 1687 repetissc;
732 1633 852 1688 pulso
869 1633 1058 1688 Superbo
1077 1649 1205 1689 penes
1221 1634 1472 1676 Collatinum

115 1694 332 1748 imperium
362 1708 465 1735 esse.
513 1695 673 1736 nescire
698 1695 946 1748 Tarquinios
978 1697 1160 1750 privatos
1190 1697 1341 1738 vivere.
1390 1711 1473 1737 non

116 1754 277 1808 placere
301 1770 464 1804 nomen,
489 1756 767 1810 periculosum
790 1757 968 1798 libertati
994 1773 1098 1798 esse.

201 1816 314 1857 Hinc
337 1817 469 1871 primo
496 1819 649 1859 sensim
674 1820 960 1873 temptantium
981 1821 1140 1861 animos
1162 1835 1295 1861 sermo
1315 1835 1388 1874 per
1412 1828 1473 1861 to-

117 1885 201 1918 tam
226 1877 433 1918 civitatem
457 1886 519 1919 est
543 1879 682 1928 datus,
715 1880 1013 1933 sollicitamque
1045 1882 1278 1935 suspicione
1308 1881 1472 1936 plebem

117 1939 272 1980 Brutus
305 1939 357 1979 ad
388 1940 620 1980 contionem
650 1948 783 1982 vocat.
831 1942 889 1982 ibi
921 1943 1104 1983 omnium
1134 1944 1312 1997 primum
1328 1944 1392 1984 ius
1410 1944 1471 1984 iu-

116 2001 290 2041 randum
314 2002 457 2056 populi
480 2003 634 2052 recitat,
655 2004 860 2044 neminem
879 2020 1051 2060 regnare
1070 2020 1265 2060 passuros
1284 2020 1361 2047 nec
1380 2020 1472 2047 esse

115 2063 288 2112 Romae,
302 2064 411 2104 unde
429 2065 655 2118 periculum
675 2065 853 2106 libertati
871 2066 989 2107 foret.
1020 2068 1063 2108 id
1083 2082 1245 2108 summa
1260 2082 1338 2122 ope
1356 2074 1473 2109 tuen-

117 2125 214 2165 dum
240 2139 331 2166 esse
356 2140 490 2179 neque
515 2127 640 2167 ullam
664 2142 763 2176 rem,
785 2142 889 2181 quae
911 2143 958 2169 eo
976 2129 1189 2183 pertineat,
1210 2136 1473 2171 contemnen-

116 2186 224 2227 dam.
260 2187 435 2228 invitum
455 2202 498 2228 se
518 2189 652 2230 dicere
671 2189 848 2230 hominis
869 2204 994 2231 causa
1011 2205 1087 2232 ncc
1105 2191 1310 2232 dicturum
1328 2191 1470 2241 fuisse,

118 2249 161 2288 ni
186 2249 333 2290 caritas
358 2250 416 2290 rei
440 2249 629 2304 publicae
654 2251 847 2292 vinceret.
883 2267 966 2293 non
986 2253 1150 2294 credere
1174 2253 1373 2308 populum
1385 2254 1471 2295 Ro-

116 2325 297 2358 manum,
325 2311 498 2351 solidam
522 2311 753 2353 libertatem
776 2313 1045 2367 reciperatam
1070 2328 1173 2355 esse.
1212 2315 1373 2370 regium
1399 2330 1470 2370 ge-

116 2386 213 2421 nus,
251 2372 412 2426 regium
439 2388 590 2414 nomen
619 2389 703 2415 non
729 2374 862 2415 solum
887 2375 931 2415 in
956 2376 1138 2425 civitate,
1173 2376 1246 2417 sed
1275 2377 1399 2417 etiam
1428 2377 1470 2417 in

116 2433 287 2487 imperio
319 2448 430 2483 esse3
467 2435 509 2475 id
539 2435 723 2484 officere,
755 2436 798 2476 id
827 2436 992 2478 obstare
1022 2437 1212 2479 libertati.
1257 2437 1385 2479 ‘hunc
1410 2439 1469 2479 tu’

115 2494 246 2547 inquit
273 2499 359 2536 ‘tua
384 2496 605 2546 voluntate,
626 2498 679 2538 L.
695 2497 907 2551 Tarquini,
932 2513 1097 2540 remove
1121 2506 1291 2540 metum.
1327 2500 1471 2541 memi-

115 2556 270 2605 nimus,
301 2557 491 2606 fatemur,
519 2559 675 2599 eiecisti
698 2573 817 2614 reges
827 2575 838 2609 3
875 2559 1044 2601 absolve
1068 2560 1315 2602 beneficium
1339 2568 1467 2610 tuum,

116 2617 233 2659 aufer
263 2618 359 2660 hinc
389 2620 549 2675 regium
579 2635 743 2662 nomen.
791 2635 856 2662 res
882 2627 973 2662 tuas
1004 2622 1078 2663 tibi
1108 2637 1191 2663 non
1222 2622 1355 2663 solum
1378 2623 1470 2663 red-

116 2679 211 2720 dent
243 2681 352 2723 cives
383 2682 442 2722 tui
473 2690 638 2724 auctore
668 2697 751 2732 me,
788 2683 879 2732 sed,
913 2683 946 2724 si
977 2684 1077 2737 quid
1109 2684 1242 2733 deest,
1275 2685 1467 2726 munifice

186 2758 247 2785 Livi
267 2760 320 2786 1-01.
340 2759 359 2786 ι.
1221 2759 1242 2783 υ

1502 470 1540 498 lo

1500 658 1535 685 11

1499 1090 1517 1118 Ιὺ
