<?xml version="1.0" encoding="UTF-8"?>
<!DOCTYPE html PUBLIC "-//W3C//DTD XHTML 1.0 Transitional//EN"
    "http://www.w3.org/TR/xhtml1/DTD/xhtml1-transitional.dtd">
<html xmlns="http://www.w3.org/1999/xhtml" xml:lang="en" lang="en">
 <head>
  <title>
</title>
<meta http-equiv="Content-Type" content="text/html;charset=utf-8" />
  <meta name='ocr-system' content='tesseract 3.04.00' />
  <meta name='ocr-capabilities' content='ocr_page ocr_carea ocr_par ocr_line ocrx_word'/>
</head>
<body>
  <div class='ocr_page' id='page_1' title='image "./aburbeconditalib01livyuoft_0374.png"; bbox 0 0 1835 3226; ppageno 0'>
   <div class='ocr_carea' id='block_1_1' title="bbox 273 934 291 963">
    <p class='ocr_par' dir='ltr' id='par_1_1' title="bbox 273 934 291 963">
     <span class='ocr_line' id='line_1_1' title="bbox 273 934 291 963; baseline 0 0"><span class='ocrx_word' id='word_1_1' title='bbox 273 934 291 963; x_wconf 83' lang='lat'><strong>9</strong></span> 
     </span>
    </p>
   </div>
   <div class='ocr_carea' id='block_1_2' title="bbox 254 1182 293 1210">
    <p class='ocr_par' dir='ltr' id='par_1_2' title="bbox 254 1182 293 1210">
     <span class='ocr_line' id='line_1_2' title="bbox 254 1182 293 1210; baseline 0 0"><span class='ocrx_word' id='word_1_2' title='bbox 254 1182 293 1210; x_wconf 88' lang='lat'>10</span> 
     </span>
    </p>
   </div>
   <div class='ocr_carea' id='block_1_3' title="bbox 273 1617 292 1646">
    <p class='ocr_par' dir='ltr' id='par_1_3' title="bbox 273 1617 292 1646">
     <span class='ocr_line' id='line_1_3' title="bbox 273 1617 292 1646; textangle 90"><span class='ocrx_word' id='word_1_3' title='bbox 273 1617 292 1646; x_wconf 70' lang='lat'>10</span> 
     </span>
    </p>
   </div>
   <div class='ocr_carea' id='block_1_4' title="bbox 320 313 1394 359">
    <p class='ocr_par' dir='ltr' id='par_1_4' title="bbox 320 313 1394 359">
     <span class='ocr_line' id='line_1_4' title="bbox 320 313 1394 359; baseline -0.003 -6"><span class='ocrx_word' id='word_1_4' title='bbox 320 313 403 354; x_wconf 77' lang='lat'>214</span> <span class='ocrx_word' id='word_1_5' title='bbox 599 315 754 351; x_wconf 83' lang='lat' dir='ltr'>LIBER</span> <span class='ocrx_word' id='word_1_6' title='bbox 778 313 872 359; x_wconf 89' lang='lat'>1111,</span> <span class='ocrx_word' id='word_1_7' title='bbox 898 314 952 348; x_wconf 78' lang='lat'>21.</span> <span class='ocrx_word' id='word_1_8' title='bbox 971 314 1027 348; x_wconf 78' lang='lat'>22.</span> <span class='ocrx_word' id='word_1_9' title='bbox 1057 316 1154 358; x_wconf 82' lang='lat' dir='ltr'>[a.u.</span> <span class='ocrx_word' id='word_1_10' title='bbox 1171 315 1291 349; x_wconf 78' lang='lat'>0.319.</span> <span class='ocrx_word' id='word_1_11' title='bbox 1312 315 1394 359; x_wconf 79' lang='lat'>320]</span> 
     </span>
    </p>
   </div>
   <div class='ocr_carea' id='block_1_5' title="bbox 315 416 1683 2838">
    <p class='ocr_par' dir='ltr' id='par_1_5' title="bbox 315 416 1681 1396">
     <span class='ocr_line' id='line_1_5' title="bbox 318 416 1676 474; baseline -0.001 -10"><span class='ocrx_word' id='word_1_12' title='bbox 318 430 363 464; x_wconf 85' lang='lat' dir='ltr'>ut</span> <span class='ocrx_word' id='word_1_13' title='bbox 388 436 469 462; x_wconf 91' lang='lat' dir='ltr'>non</span> <span class='ocrx_word' id='word_1_14' title='bbox 495 419 618 461; x_wconf 91' lang='lat' dir='ltr'>modo</span> <span class='ocrx_word' id='word_1_15' title='bbox 642 417 868 473; x_wconf 87' lang='lat' dir='ltr'>praedandi</span> <span class='ocrx_word' id='word_1_16' title='bbox 893 432 1017 458; x_wconf 85' lang='lat' dir='ltr'>causa</span> <span class='ocrx_word' id='word_1_17' title='bbox 1043 416 1263 471; x_wconf 89' lang='lat' dir='ltr'>quisquam</span> <span class='ocrx_word' id='word_1_18' title='bbox 1289 432 1340 458; x_wconf 83' lang='lat' dir='ltr'>ex</span> <span class='ocrx_word' id='word_1_19' title='bbox 1365 433 1464 474; x_wconf 89' lang='lat' dir='ltr'>agro</span> <span class='ocrx_word' id='word_1_20' title='bbox 1488 419 1676 463; x_wconf 86' lang='lat' dir='ltr'>Romano</span> 
     </span>
     <span class='ocr_line' id='line_1_6' title="bbox 318 479 1677 537; baseline -0.001 -12"><span class='ocrx_word' id='word_1_21' title='bbox 318 500 399 526; x_wconf 90' lang='lat' dir='ltr'>non</span> <span class='ocrx_word' id='word_1_22' title='bbox 429 482 559 524; x_wconf 82' lang='lat' dir='ltr'>exiret</span> <span class='ocrx_word' id='word_1_23' title='bbox 588 480 737 522; x_wconf 89' lang='lat' dir='ltr'>bellive</span> <span class='ocrx_word' id='word_1_24' title='bbox 767 479 971 521; x_wconf 89' lang='lat' dir='ltr'>inferendi</span> <span class='ocrx_word' id='word_1_25' title='bbox 1006 480 1205 521; x_wconf 85' lang='lat' dir='ltr'>memoria</span> <span class='ocrx_word' id='word_1_26' title='bbox 1239 479 1425 535; x_wconf 89' lang='lat' dir='ltr'>patribus</span> <span class='ocrx_word' id='word_1_27' title='bbox 1462 487 1534 522; x_wconf 89' lang='lat' dir='ltr'>aut</span> <span class='ocrx_word' id='word_1_28' title='bbox 1567 483 1677 537; x_wconf 85' lang='lat' dir='ltr'>plebi</span> 
     </span>
     <span class='ocr_line' id='line_1_7' title="bbox 317 543 1679 599; baseline -0.002 -10"><span class='ocrx_word' id='word_1_29' title='bbox 317 552 443 595; x_wconf 87' lang='lat' dir='ltr'>esset,</span> <span class='ocrx_word' id='word_1_30' title='bbox 485 545 559 586; x_wconf 90' lang='lat' dir='ltr'>sed</span> <span class='ocrx_word' id='word_1_31' title='bbox 589 543 694 584; x_wconf 91' lang='lat' dir='ltr'>ultro</span> <span class='ocrx_word' id='word_1_32' title='bbox 718 543 960 593; x_wconf 84' lang='lat' dir='ltr'>Fidenates,</span> <span class='ocrx_word' id='word_1_33' title='bbox 998 543 1069 597; x_wconf 92' lang='lat' dir='ltr'>qui</span> <span class='ocrx_word' id='word_1_34' title='bbox 1101 557 1144 584; x_wconf 90' lang='lat' dir='ltr'>se</span> <span class='ocrx_word' id='word_1_35' title='bbox 1175 543 1306 597; x_wconf 86' lang='lat' dir='ltr'>primo</span> <span class='ocrx_word' id='word_1_36' title='bbox 1337 551 1408 584; x_wconf 90' lang='lat' dir='ltr'>aut</span> <span class='ocrx_word' id='word_1_37' title='bbox 1432 544 1583 599; x_wconf 89' lang='lat' dir='ltr'>oppido</span> <span class='ocrx_word' id='word_1_38' title='bbox 1609 553 1679 586; x_wconf 89' lang='lat' dir='ltr'>aut</span> 
     </span>
     <span class='ocr_line' id='line_1_8' title="bbox 318 604 1679 660; baseline -0.001 -10"><span class='ocrx_word' id='word_1_39' title='bbox 318 607 526 650; x_wconf 90' lang='lat' dir='ltr'>montibus</span> <span class='ocrx_word' id='word_1_40' title='bbox 560 612 630 647; x_wconf 91' lang='lat' dir='ltr'>aut</span> <span class='ocrx_word' id='word_1_41' title='bbox 655 605 782 647; x_wconf 90' lang='lat' dir='ltr'>muris</span> <span class='ocrx_word' id='word_1_42' title='bbox 809 612 1042 655; x_wconf 88' lang='lat' dir='ltr'>tenuerant,</span> <span class='ocrx_word' id='word_1_43' title='bbox 1073 604 1357 660; x_wconf 84' lang='lat' dir='ltr'>populabundi</span> <span class='ocrx_word' id='word_1_44' title='bbox 1383 606 1679 656; x_wconf 78' lang='lat' dir='ltr'>descenderent</span> 
     </span>
     <span class='ocr_line' id='line_1_9' title="bbox 318 666 1678 725; baseline -0.001 -13"><span class='ocrx_word' id='word_1_45' title='bbox 318 672 361 712; x_wconf 90' lang='lat' dir='ltr'>in</span> <span class='ocrx_word' id='word_1_46' title='bbox 384 684 530 725; x_wconf 87' lang='lat' dir='ltr'>agrum</span> <span class='ocrx_word' id='word_1_47' title='bbox 550 668 800 709; x_wconf 88' lang='lat' dir='ltr'>Romanum.</span> <span class='ocrx_word' id='word_1_48' title='bbox 839 667 987 709; x_wconf 88' lang='lat' dir='ltr'>deinde</span> <span class='ocrx_word' id='word_1_49' title='bbox 1007 666 1246 708; x_wconf 84' lang='lat' dir='ltr'>Veientium</span> <span class='ocrx_word' id='word_1_50' title='bbox 1272 667 1455 708; x_wconf 81' lang='lat' dir='ltr'>exercitu</span> <span class='ocrx_word' id='word_1_51' title='bbox 1480 669 1678 710; x_wconf 87' lang='lat' dir='ltr'>accito-—</span> 
     </span>
     <span class='ocr_line' id='line_1_10' title="bbox 316 728 1679 786; baseline 0 -13"><span class='ocrx_word' id='word_1_52' title='bbox 316 748 410 773; x_wconf 88' lang='lat' dir='ltr'>nam</span> <span class='ocrx_word' id='word_1_53' title='bbox 435 731 589 773; x_wconf 82' lang='lat' dir='ltr'>Falisci</span> <span class='ocrx_word' id='word_1_54' title='bbox 614 730 787 786; x_wconf 90' lang='lat' dir='ltr'>perpelli</span> <span class='ocrx_word' id='word_1_55' title='bbox 811 730 864 771; x_wconf 89' lang='lat' dir='ltr'>ad</span> <span class='ocrx_word' id='word_1_56' title='bbox 888 729 1201 770; x_wconf 87' lang='lat' dir='ltr'>instaurandum</span> <span class='ocrx_word' id='word_1_57' title='bbox 1226 728 1380 771; x_wconf 90' lang='lat' dir='ltr'>bellum</span> <span class='ocrx_word' id='word_1_58' title='bbox 1404 745 1538 785; x_wconf 89' lang='lat' dir='ltr'>neque</span> <span class='ocrx_word' id='word_1_59' title='bbox 1564 731 1679 773; x_wconf 89' lang='lat' dir='ltr'>clade</span> 
     </span>
     <span class='ocr_line' id='line_1_11' title="bbox 318 791 1679 847; baseline 0 -11"><span class='ocrx_word' id='word_1_60' title='bbox 318 796 601 836; x_wconf 84' lang='lat' dir='ltr'>Romanorum</span> <span class='ocrx_word' id='word_1_61' title='bbox 643 807 777 846; x_wconf 90' lang='lat' dir='ltr'>neque</span> <span class='ocrx_word' id='word_1_62' title='bbox 820 793 1026 834; x_wconf 90' lang='lat' dir='ltr'>sociorum</span> <span class='ocrx_word' id='word_1_63' title='bbox 1069 791 1262 847; x_wconf 77' lang='lat' dir='ltr'>precibus</span> <span class='ocrx_word' id='word_1_64' title='bbox 1298 799 1469 847; x_wconf 89' lang='lat' dir='ltr'>potuere</span> <span class='ocrx_word' id='word_1_65' title='bbox 1506 819 1560 823; x_wconf 95' lang='lat'>—</span> <span class='ocrx_word' id='word_1_66' title='bbox 1597 794 1679 836; x_wconf 89' lang='lat' dir='ltr'>duo</span> 
     </span>
     <span class='ocr_line' id='line_1_12' title="bbox 315 854 1681 912; baseline 0 -14"><span class='ocrx_word' id='word_1_67' title='bbox 315 857 457 912; x_wconf 85' lang='lat' dir='ltr'>populi</span> <span class='ocrx_word' id='word_1_68' title='bbox 481 856 678 897; x_wconf 82' lang='lat' dir='ltr'>transiere</span> <span class='ocrx_word' id='word_1_69' title='bbox 702 854 910 897; x_wconf 87' lang='lat' dir='ltr'>Anienem</span> <span class='ocrx_word' id='word_1_70' title='bbox 936 861 1058 909; x_wconf 88' lang='lat' dir='ltr'>atque</span> <span class='ocrx_word' id='word_1_71' title='bbox 1083 854 1183 895; x_wconf 87' lang='lat' dir='ltr'>haut</span> <span class='ocrx_word' id='word_1_72' title='bbox 1208 854 1350 909; x_wconf 88' lang='lat' dir='ltr'>procul</span> <span class='ocrx_word' id='word_1_73' title='bbox 1376 854 1539 897; x_wconf 87' lang='lat' dir='ltr'>Collina</span> <span class='ocrx_word' id='word_1_74' title='bbox 1563 863 1681 912; x_wconf 91' lang='lat' dir='ltr'>porta</span> 
     </span>
     <span class='ocr_line' id='line_1_13' title="bbox 319 917 1678 975; baseline 0 -15"><span class='ocrx_word' id='word_1_75' title='bbox 319 920 438 975; x_wconf 89' lang='lat' dir='ltr'>signa</span> <span class='ocrx_word' id='word_1_76' title='bbox 478 918 672 960; x_wconf 89' lang='lat' dir='ltr'>habuere.</span> <span class='ocrx_word' id='word_1_77' title='bbox 732 917 981 973; x_wconf 88' lang='lat' dir='ltr'>trepidatum</span> <span class='ocrx_word' id='word_1_78' title='bbox 1023 917 1161 971; x_wconf 88' lang='lat' dir='ltr'>itaque</span> <span class='ocrx_word' id='word_1_79' title='bbox 1198 931 1282 958; x_wconf 92' lang='lat' dir='ltr'>non</span> <span class='ocrx_word' id='word_1_80' title='bbox 1319 917 1362 958; x_wconf 91' lang='lat' dir='ltr'>in</span> <span class='ocrx_word' id='word_1_81' title='bbox 1398 918 1508 974; x_wconf 87' lang='lat' dir='ltr'>agris</span> <span class='ocrx_word' id='word_1_82' title='bbox 1545 919 1678 974; x_wconf 88' lang='lat' dir='ltr'>magis</span> 
     </span>
     <span class='ocr_line' id='line_1_14' title="bbox 316 979 1680 1035; baseline -0.001 -12"><span class='ocrx_word' id='word_1_83' title='bbox 316 996 442 1035; x_wconf 88' lang='lat' dir='ltr'>quam</span> <span class='ocrx_word' id='word_1_84' title='bbox 471 981 514 1022; x_wconf 89' lang='lat' dir='ltr'>in</span> <span class='ocrx_word' id='word_1_85' title='bbox 543 980 644 1022; x_wconf 87' lang='lat' dir='ltr'>urbe</span> <span class='ocrx_word' id='word_1_86' title='bbox 676 986 751 1022; x_wconf 90' lang='lat' dir='ltr'>est.</span> <span class='ocrx_word' id='word_1_87' title='bbox 799 979 931 1021; x_wconf 90' lang='lat' dir='ltr'>Iulius</span> <span class='ocrx_word' id='word_1_88' title='bbox 958 979 1103 1020; x_wconf 81' lang='lat' dir='ltr'>consul</span> <span class='ocrx_word' id='word_1_89' title='bbox 1127 979 1169 1020; x_wconf 87' lang='lat' dir='ltr'>in</span> <span class='ocrx_word' id='word_1_90' title='bbox 1193 994 1344 1035; x_wconf 81' lang='lat' dir='ltr'>aggere</span> <span class='ocrx_word' id='word_1_91' title='bbox 1373 981 1583 1034; x_wconf 90' lang='lat' dir='ltr'>murisque</span> <span class='ocrx_word' id='word_1_92' title='bbox 1609 995 1680 1022; x_wconf 84' lang='lat' dir='ltr'>ex-</span> 
     </span>
     <span class='ocr_line' id='line_1_15' title="bbox 316 1041 1680 1099; baseline -0.001 -14"><span class='ocrx_word' id='word_1_93' title='bbox 316 1044 442 1099; x_wconf 90' lang='lat' dir='ltr'>plicat</span> <span class='ocrx_word' id='word_1_94' title='bbox 477 1043 636 1098; x_wconf 89' lang='lat' dir='ltr'>copias,</span> <span class='ocrx_word' id='word_1_95' title='bbox 674 1058 699 1084; x_wconf 86' lang='lat' dir='ltr'>a</span> <span class='ocrx_word' id='word_1_96' title='bbox 728 1041 929 1097; x_wconf 89' lang='lat' dir='ltr'>Verginio</span> <span class='ocrx_word' id='word_1_97' title='bbox 967 1047 1134 1083; x_wconf 87' lang='lat' dir='ltr'>senatus</span> <span class='ocrx_word' id='word_1_98' title='bbox 1170 1041 1214 1082; x_wconf 91' lang='lat' dir='ltr'>in</span> <span class='ocrx_word' id='word_1_99' title='bbox 1250 1042 1351 1082; x_wconf 84' lang='lat' dir='ltr'>aede</span> <span class='ocrx_word' id='word_1_100' title='bbox 1384 1041 1547 1095; x_wconf 80' lang='lat' dir='ltr'>Quirini</span> <span class='ocrx_word' id='word_1_101' title='bbox 1584 1058 1680 1084; x_wconf 92' lang='lat' dir='ltr'>con-</span> 
     </span>
     <span class='ocr_line' id='line_1_16' title="bbox 319 1102 1680 1158; baseline -0.001 -12"><span class='ocrx_word' id='word_1_102' title='bbox 319 1106 476 1147; x_wconf 83' lang='lat' dir='ltr'>sulitur.</span> <span class='ocrx_word' id='word_1_103' title='bbox 525 1105 765 1146; x_wconf 86' lang='lat' dir='ltr'>dictatorem</span> <span class='ocrx_word' id='word_1_104' title='bbox 796 1104 877 1145; x_wconf 90' lang='lat' dir='ltr'>dici</span> <span class='ocrx_word' id='word_1_105' title='bbox 908 1102 960 1157; x_wconf 84' lang='lat' dir='ltr'>Q.</span> <span class='ocrx_word' id='word_1_106' title='bbox 995 1102 1218 1145; x_wconf 86' lang='lat' dir='ltr'>Servilium</span> <span class='ocrx_word' id='word_1_107' title='bbox 1248 1103 1401 1158; x_wconf 88' lang='lat' dir='ltr'>placet,</span> <span class='ocrx_word' id='word_1_108' title='bbox 1439 1104 1505 1144; x_wconf 91' lang='lat' dir='ltr'>cui</span> <span class='ocrx_word' id='word_1_109' title='bbox 1535 1103 1680 1146; x_wconf 86' lang='lat' dir='ltr'>Prisco</span> 
     </span>
     <span class='ocr_line' id='line_1_17' title="bbox 319 1164 1680 1221; baseline -0.002 -12"><span class='ocrx_word' id='word_1_110' title='bbox 319 1168 405 1217; x_wconf 86' lang='lat' dir='ltr'>alii,</span> <span class='ocrx_word' id='word_1_111' title='bbox 432 1167 501 1208; x_wconf 90' lang='lat' dir='ltr'>alii</span> <span class='ocrx_word' id='word_1_112' title='bbox 521 1166 688 1209; x_wconf 85' lang='lat' dir='ltr'>Structo</span> <span class='ocrx_word' id='word_1_113' title='bbox 713 1166 844 1207; x_wconf 89' lang='lat' dir='ltr'>fuisse</span> <span class='ocrx_word' id='word_1_114' title='bbox 870 1180 1099 1221; x_wconf 81' lang='lat' dir='ltr'>cognomen</span> <span class='ocrx_word' id='word_1_115' title='bbox 1121 1166 1298 1206; x_wconf 89' lang='lat' dir='ltr'>tradunt.</span> <span class='ocrx_word' id='word_1_116' title='bbox 1336 1164 1560 1221; x_wconf 83' lang='lat' dir='ltr'>Verginius</span> <span class='ocrx_word' id='word_1_117' title='bbox 1581 1167 1680 1207; x_wconf 87' lang='lat' dir='ltr'>dum</span> 
     </span>
     <span class='ocr_line' id='line_1_18' title="bbox 319 1227 1681 1284; baseline -0.001 -13"><span class='ocrx_word' id='word_1_118' title='bbox 319 1230 521 1284; x_wconf 85' lang='lat' dir='ltr'>collegam</span> <span class='ocrx_word' id='word_1_119' title='bbox 553 1229 785 1270; x_wconf 82' lang='lat' dir='ltr'>consuleret</span> <span class='ocrx_word' id='word_1_120' title='bbox 814 1234 1016 1277; x_wconf 87' lang='lat' dir='ltr'>moratus,</span> <span class='ocrx_word' id='word_1_121' title='bbox 1047 1227 1309 1282; x_wconf 81' lang='lat' dir='ltr'>permittente</span> <span class='ocrx_word' id='word_1_122' title='bbox 1334 1242 1383 1269; x_wconf 94' lang='lat' dir='ltr'>eo</span> <span class='ocrx_word' id='word_1_123' title='bbox 1407 1235 1528 1269; x_wconf 86' lang='lat' dir='ltr'>nocte</span> <span class='ocrx_word' id='word_1_124' title='bbox 1553 1228 1681 1270; x_wconf 87' lang='lat' dir='ltr'>dieta-</span> 
     </span>
     <span class='ocr_line' id='line_1_19' title="bbox 318 1289 1680 1345; baseline 0 -13"><span class='ocrx_word' id='word_1_125' title='bbox 318 1300 447 1334; x_wconf 88' lang='lat' dir='ltr'>torem</span> <span class='ocrx_word' id='word_1_126' title='bbox 473 1291 587 1332; x_wconf 84' lang='lat' dir='ltr'>dixit.</span> <span class='ocrx_word' id='word_1_127' title='bbox 636 1290 671 1331; x_wconf 90' lang='lat' dir='ltr'>is</span> <span class='ocrx_word' id='word_1_128' title='bbox 698 1290 776 1331; x_wconf 89' lang='lat' dir='ltr'>sibi</span> <span class='ocrx_word' id='word_1_129' title='bbox 801 1290 1046 1345; x_wconf 86' lang='lat' dir='ltr'>magistrum</span> <span class='ocrx_word' id='word_1_130' title='bbox 1072 1290 1255 1344; x_wconf 90' lang='lat' dir='ltr'>equitum</span> <span class='ocrx_word' id='word_1_131' title='bbox 1275 1289 1520 1331; x_wconf 84' lang='lat' dir='ltr'>Postumum</span> <span class='ocrx_word' id='word_1_132' title='bbox 1536 1290 1680 1332; x_wconf 88' lang='lat' dir='ltr'>Aebu-</span> 
     </span>
     <span class='ocr_line' id='line_1_20' title="bbox 319 1353 764 1396; baseline -0.007 0"><span class='ocrx_word' id='word_1_133' title='bbox 319 1356 422 1396; x_wconf 89' lang='lat' dir='ltr'>tium</span> <span class='ocrx_word' id='word_1_134' title='bbox 447 1354 627 1395; x_wconf 84' lang='lat' dir='ltr'>Helvam</span> <span class='ocrx_word' id='word_1_135' title='bbox 653 1353 764 1394; x_wconf 91' lang='lat' dir='ltr'>dicit.</span> 
     </span>
    </p>

    <p class='ocr_par' dir='ltr' id='par_1_6' title="bbox 317 1414 1683 2653">
     <span class='ocr_line' id='line_1_21' title="bbox 401 1414 1681 1469; baseline 0 -13"><span class='ocrx_word' id='word_1_136' title='bbox 401 1415 557 1457; x_wconf 89' lang='lat' dir='ltr'>XXII.</span> <span class='ocrx_word' id='word_1_137' title='bbox 606 1415 798 1456; x_wconf 83' lang='lat' dir='ltr'>Dictator</span> <span class='ocrx_word' id='word_1_138' title='bbox 821 1429 963 1456; x_wconf 89' lang='lat' dir='ltr'>omnes</span> <span class='ocrx_word' id='word_1_139' title='bbox 988 1414 1079 1455; x_wconf 89' lang='lat' dir='ltr'>luce</span> <span class='ocrx_word' id='word_1_140' title='bbox 1105 1414 1239 1469; x_wconf 88' lang='lat' dir='ltr'>prima</span> <span class='ocrx_word' id='word_1_141' title='bbox 1263 1420 1377 1455; x_wconf 81' lang='lat' dir='ltr'>extra</span> <span class='ocrx_word' id='word_1_142' title='bbox 1402 1421 1561 1469; x_wconf 88' lang='lat' dir='ltr'>portam</span> <span class='ocrx_word' id='word_1_143' title='bbox 1583 1414 1681 1456; x_wconf 89' lang='lat' dir='ltr'>Col-</span> 
     </span>
     <span class='ocr_line' id='line_1_22' title="bbox 318 1477 1680 1532; baseline -0.001 -12"><span class='ocrx_word' id='word_1_144' title='bbox 318 1480 445 1520; x_wconf 87' lang='lat' dir='ltr'>linam</span> <span class='ocrx_word' id='word_1_145' title='bbox 476 1479 622 1519; x_wconf 86' lang='lat' dir='ltr'>adesse</span> <span class='ocrx_word' id='word_1_146' title='bbox 653 1478 778 1519; x_wconf 92' lang='lat' dir='ltr'>iubet.</span> <span class='ocrx_word' id='word_1_147' title='bbox 828 1477 1158 1532; x_wconf 90' lang='lat' dir='ltr'>quibuscumque</span> <span class='ocrx_word' id='word_1_148' title='bbox 1189 1478 1296 1519; x_wconf 90' lang='lat' dir='ltr'>vires</span> <span class='ocrx_word' id='word_1_149' title='bbox 1329 1477 1603 1532; x_wconf 84' lang='lat' dir='ltr'>subpetebant</span> <span class='ocrx_word' id='word_1_150' title='bbox 1628 1478 1680 1518; x_wconf 90' lang='lat' dir='ltr'>ad</span> 
     </span>
     <span class='ocr_line' id='line_1_23' title="bbox 320 1539 1680 1595; baseline -0.001 -14"><span class='ocrx_word' id='word_1_151' title='bbox 320 1555 434 1582; x_wconf 86' lang='lat' dir='ltr'>arma</span> <span class='ocrx_word' id='word_1_152' title='bbox 469 1540 638 1581; x_wconf 86' lang='lat' dir='ltr'>serenda</span> <span class='ocrx_word' id='word_1_153' title='bbox 674 1546 838 1595; x_wconf 90' lang='lat' dir='ltr'>praesto</span> <span class='ocrx_word' id='word_1_154' title='bbox 877 1539 1004 1581; x_wconf 89' lang='lat' dir='ltr'>fuere.</span> <span class='ocrx_word' id='word_1_155' title='bbox 1057 1540 1177 1595; x_wconf 86' lang='lat' dir='ltr'>signa</span> <span class='ocrx_word' id='word_1_156' title='bbox 1213 1554 1264 1580; x_wconf 85' lang='lat' dir='ltr'>ex</span> <span class='ocrx_word' id='word_1_157' title='bbox 1300 1540 1455 1581; x_wconf 86' lang='lat' dir='ltr'>aerario</span> <span class='ocrx_word' id='word_1_158' title='bbox 1491 1547 1680 1595; x_wconf 84' lang='lat' dir='ltr'>prompta</span> 
     </span>
     <span class='ocr_line' id='line_1_24' title="bbox 319 1601 1678 1656; baseline 0 -14"><span class='ocrx_word' id='word_1_159' title='bbox 319 1602 506 1643; x_wconf 85' lang='lat' dir='ltr'>feruntur</span> <span class='ocrx_word' id='word_1_160' title='bbox 542 1602 594 1642; x_wconf 90' lang='lat' dir='ltr'>ad</span> <span class='ocrx_word' id='word_1_161' title='bbox 630 1601 882 1643; x_wconf 88' lang='lat' dir='ltr'>dictatorem.</span> <span class='ocrx_word' id='word_1_162' title='bbox 931 1616 1037 1655; x_wconf 87' lang='lat' dir='ltr'>quae</span> <span class='ocrx_word' id='word_1_163' title='bbox 1069 1616 1163 1642; x_wconf 91' lang='lat' dir='ltr'>cum</span> <span class='ocrx_word' id='word_1_164' title='bbox 1194 1608 1430 1656; x_wconf 84' lang='lat' dir='ltr'>agerentur,</span> <span class='ocrx_word' id='word_1_165' title='bbox 1467 1601 1607 1643; x_wconf 86' lang='lat' dir='ltr'>hostes</span> <span class='ocrx_word' id='word_1_166' title='bbox 1639 1603 1678 1642; x_wconf 90' lang='lat' dir='ltr'>in</span> 
     </span>
     <span class='ocr_line' id='line_1_25' title="bbox 318 1664 1681 1719; baseline 0.001 -15"><span class='ocrx_word' id='word_1_167' title='bbox 318 1664 409 1705; x_wconf 90' lang='lat' dir='ltr'>loca</span> <span class='ocrx_word' id='word_1_168' title='bbox 439 1664 584 1704; x_wconf 90' lang='lat' dir='ltr'>altiora</span> <span class='ocrx_word' id='word_1_169' title='bbox 615 1679 867 1705; x_wconf 89' lang='lat' dir='ltr'>concessere.</span> <span class='ocrx_word' id='word_1_170' title='bbox 917 1679 966 1705; x_wconf 91' lang='lat' dir='ltr'>eo</span> <span class='ocrx_word' id='word_1_171' title='bbox 997 1664 1171 1705; x_wconf 88' lang='lat' dir='ltr'>dictator</span> <span class='ocrx_word' id='word_1_172' title='bbox 1201 1664 1364 1719; x_wconf 87' lang='lat' dir='ltr'>agmine</span> <span class='ocrx_word' id='word_1_173' title='bbox 1395 1664 1545 1706; x_wconf 88' lang='lat' dir='ltr'>infesto</span> <span class='ocrx_word' id='word_1_174' title='bbox 1571 1665 1681 1706; x_wconf 88' lang='lat' dir='ltr'>subit</span> 
     </span>
     <span class='ocr_line' id='line_1_26' title="bbox 317 1725 1681 1782; baseline 0.001 -16"><span class='ocrx_word' id='word_1_175' title='bbox 317 1741 393 1766; x_wconf 90' lang='lat' dir='ltr'>nec</span> <span class='ocrx_word' id='word_1_176' title='bbox 422 1726 566 1780; x_wconf 90' lang='lat' dir='ltr'>procul</span> <span class='ocrx_word' id='word_1_177' title='bbox 590 1725 794 1767; x_wconf 86' lang='lat' dir='ltr'>Nomento</span> <span class='ocrx_word' id='word_1_178' title='bbox 826 1726 955 1781; x_wconf 89' lang='lat' dir='ltr'>signis</span> <span class='ocrx_word' id='word_1_179' title='bbox 988 1725 1160 1767; x_wconf 83' lang='lat' dir='ltr'>conlatis</span> <span class='ocrx_word' id='word_1_180' title='bbox 1192 1725 1298 1766; x_wconf 83' lang='lat' dir='ltr'>fudit</span> <span class='ocrx_word' id='word_1_181' title='bbox 1322 1725 1522 1767; x_wconf 87' lang='lat' dir='ltr'>Etruscas</span> <span class='ocrx_word' id='word_1_182' title='bbox 1553 1726 1681 1782; x_wconf 89' lang='lat' dir='ltr'>legio-</span> 
     </span>
     <span class='ocr_line' id='line_1_27' title="bbox 317 1787 1679 1842; baseline 0.001 -14"><span class='ocrx_word' id='word_1_183' title='bbox 317 1802 410 1837; x_wconf 84' lang='lat' dir='ltr'>nes3</span> <span class='ocrx_word' id='word_1_184' title='bbox 437 1787 620 1842; x_wconf 89' lang='lat' dir='ltr'>conpulit</span> <span class='ocrx_word' id='word_1_185' title='bbox 643 1787 738 1828; x_wconf 88' lang='lat' dir='ltr'>inde</span> <span class='ocrx_word' id='word_1_186' title='bbox 762 1787 807 1828; x_wconf 91' lang='lat' dir='ltr'>in</span> <span class='ocrx_word' id='word_1_187' title='bbox 825 1787 969 1828; x_wconf 88' lang='lat' dir='ltr'>urbem</span> <span class='ocrx_word' id='word_1_188' title='bbox 988 1787 1169 1828; x_wconf 87' lang='lat' dir='ltr'>Fidenas</span> <span class='ocrx_word' id='word_1_189' title='bbox 1189 1787 1379 1841; x_wconf 89' lang='lat' dir='ltr'>valloque</span> <span class='ocrx_word' id='word_1_190' title='bbox 1399 1787 1679 1829; x_wconf 88' lang='lat' dir='ltr'>circumdedit.</span> 
     </span>
     <span class='ocr_line' id='line_1_28' title="bbox 319 1848 1682 1904; baseline 0 -14"><span class='ocrx_word' id='word_1_191' title='bbox 319 1849 391 1890; x_wconf 89' lang='lat' dir='ltr'>sed</span> <span class='ocrx_word' id='word_1_192' title='bbox 422 1864 556 1903; x_wconf 90' lang='lat' dir='ltr'>neque</span> <span class='ocrx_word' id='word_1_193' title='bbox 589 1848 710 1890; x_wconf 89' lang='lat' dir='ltr'>scalis</span> <span class='ocrx_word' id='word_1_194' title='bbox 742 1848 834 1904; x_wconf 86' lang='lat' dir='ltr'>capi</span> <span class='ocrx_word' id='word_1_195' title='bbox 864 1855 1025 1904; x_wconf 88' lang='lat' dir='ltr'>poterat</span> <span class='ocrx_word' id='word_1_196' title='bbox 1054 1848 1153 1890; x_wconf 91' lang='lat' dir='ltr'>urbs</span> <span class='ocrx_word' id='word_1_197' title='bbox 1185 1848 1267 1889; x_wconf 87' lang='lat' dir='ltr'>alta</span> <span class='ocrx_word' id='word_1_198' title='bbox 1298 1855 1337 1889; x_wconf 88' lang='lat' dir='ltr'>et</span> <span class='ocrx_word' id='word_1_199' title='bbox 1367 1849 1525 1890; x_wconf 87' lang='lat' dir='ltr'>munita</span> <span class='ocrx_word' id='word_1_200' title='bbox 1548 1864 1682 1903; x_wconf 90' lang='lat' dir='ltr'>neque</span> 
     </span>
     <span class='ocr_line' id='line_1_29' title="bbox 317 1910 1682 1965; baseline 0.001 -14"><span class='ocrx_word' id='word_1_201' title='bbox 317 1911 359 1951; x_wconf 87' lang='lat' dir='ltr'>in</span> <span class='ocrx_word' id='word_1_202' title='bbox 384 1910 598 1953; x_wconf 88' lang='lat' dir='ltr'>obsidione</span> <span class='ocrx_word' id='word_1_203' title='bbox 623 1911 686 1952; x_wconf 89' lang='lat' dir='ltr'>vis</span> <span class='ocrx_word' id='word_1_204' title='bbox 713 1910 796 1952; x_wconf 89' lang='lat' dir='ltr'>ulla</span> <span class='ocrx_word' id='word_1_205' title='bbox 820 1917 926 1960; x_wconf 88' lang='lat' dir='ltr'>erat,</span> <span class='ocrx_word' id='word_1_206' title='bbox 953 1910 1051 1965; x_wconf 90' lang='lat' dir='ltr'>quia</span> <span class='ocrx_word' id='word_1_207' title='bbox 1074 1910 1327 1951; x_wconf 86' lang='lat' dir='ltr'>frumentum</span> <span class='ocrx_word' id='word_1_208' title='bbox 1345 1926 1427 1952; x_wconf 91' lang='lat' dir='ltr'>non</span> <span class='ocrx_word' id='word_1_209' title='bbox 1446 1911 1682 1952; x_wconf 87' lang='lat' dir='ltr'>necessitati</span> 
     </span>
     <span class='ocr_line' id='line_1_30' title="bbox 318 1973 1682 2028; baseline 0.001 -15"><span class='ocrx_word' id='word_1_210' title='bbox 318 1973 442 2014; x_wconf 89' lang='lat' dir='ltr'>modo</span> <span class='ocrx_word' id='word_1_211' title='bbox 474 1973 592 2023; x_wconf 87' lang='lat' dir='ltr'>satis,</span> <span class='ocrx_word' id='word_1_212' title='bbox 631 1973 705 2015; x_wconf 90' lang='lat' dir='ltr'>sed</span> <span class='ocrx_word' id='word_1_213' title='bbox 735 1973 878 2028; x_wconf 89' lang='lat' dir='ltr'>copiae</span> <span class='ocrx_word' id='word_1_214' title='bbox 909 1988 1073 2028; x_wconf 92' lang='lat' dir='ltr'>quoque</span> <span class='ocrx_word' id='word_1_215' title='bbox 1099 1973 1262 2014; x_wconf 86' lang='lat' dir='ltr'>abunde</span> <span class='ocrx_word' id='word_1_216' title='bbox 1288 1988 1340 2014; x_wconf 87' lang='lat' dir='ltr'>ex</span> <span class='ocrx_word' id='word_1_217' title='bbox 1364 1979 1458 2014; x_wconf 91' lang='lat' dir='ltr'>ante</span> <span class='ocrx_word' id='word_1_218' title='bbox 1484 1980 1682 2015; x_wconf 89' lang='lat' dir='ltr'>convecto</span> 
     </span>
     <span class='ocr_line' id='line_1_31' title="bbox 324 2036 1683 2092; baseline -0.001 -14"><span class='ocrx_word' id='word_1_219' title='bbox 324 2036 568 2078; x_wconf 88' lang='lat' dir='ltr'>sufficiebat.</span> <span class='ocrx_word' id='word_1_220' title='bbox 607 2037 664 2078; x_wconf 92' lang='lat' dir='ltr'>ita</span> <span class='ocrx_word' id='word_1_221' title='bbox 683 2037 949 2092; x_wconf 83' lang='lat' dir='ltr'>expugnandi</span> <span class='ocrx_word' id='word_1_222' title='bbox 974 2036 1127 2091; x_wconf 86' lang='lat' dir='ltr'>pariter</span> <span class='ocrx_word' id='word_1_223' title='bbox 1151 2037 1408 2092; x_wconf 83' lang='lat' dir='ltr'>cogendique</span> <span class='ocrx_word' id='word_1_224' title='bbox 1433 2037 1485 2077; x_wconf 87' lang='lat' dir='ltr'>ad</span> <span class='ocrx_word' id='word_1_225' title='bbox 1510 2037 1683 2077; x_wconf 89' lang='lat' dir='ltr'>deditio-</span> 
     </span>
     <span class='ocr_line' id='line_1_32' title="bbox 318 2098 1682 2154; baseline 0 -15"><span class='ocrx_word' id='word_1_226' title='bbox 318 2114 414 2139; x_wconf 86' lang='lat' dir='ltr'>nem</span> <span class='ocrx_word' id='word_1_227' title='bbox 440 2114 512 2154; x_wconf 88' lang='lat' dir='ltr'>spe</span> <span class='ocrx_word' id='word_1_228' title='bbox 538 2099 710 2149; x_wconf 89' lang='lat' dir='ltr'>amissa,</span> <span class='ocrx_word' id='word_1_229' title='bbox 743 2099 918 2140; x_wconf 84' lang='lat' dir='ltr'>dictator</span> <span class='ocrx_word' id='word_1_230' title='bbox 941 2099 984 2139; x_wconf 89' lang='lat' dir='ltr'>in</span> <span class='ocrx_word' id='word_1_231' title='bbox 1008 2098 1109 2140; x_wconf 89' lang='lat' dir='ltr'>locis</span> <span class='ocrx_word' id='word_1_232' title='bbox 1139 2105 1307 2154; x_wconf 89' lang='lat' dir='ltr'>propter</span> <span class='ocrx_word' id='word_1_233' title='bbox 1335 2099 1682 2153; x_wconf 90' lang='lat' dir='ltr'>propinquitatem</span> 
     </span>
     <span class='ocr_line' id='line_1_33' title="bbox 318 2160 1682 2215; baseline 0 -15"><span class='ocrx_word' id='word_1_234' title='bbox 318 2160 425 2201; x_wconf 90' lang='lat' dir='ltr'>notis</span> <span class='ocrx_word' id='word_1_235' title='bbox 451 2160 502 2202; x_wconf 86' lang='lat' dir='ltr'>ab</span> <span class='ocrx_word' id='word_1_236' title='bbox 528 2175 674 2202; x_wconf 86' lang='lat' dir='ltr'>aversa</span> <span class='ocrx_word' id='word_1_237' title='bbox 698 2167 813 2215; x_wconf 87' lang='lat' dir='ltr'>parte</span> <span class='ocrx_word' id='word_1_238' title='bbox 838 2160 952 2202; x_wconf 89' lang='lat' dir='ltr'>urbis</span> <span class='ocrx_word' id='word_1_239' title='bbox 978 2160 1157 2201; x_wconf 87' lang='lat' dir='ltr'>maxime</span> <span class='ocrx_word' id='word_1_240' title='bbox 1182 2160 1388 2215; x_wconf 86' lang='lat' dir='ltr'>neglecta,</span> <span class='ocrx_word' id='word_1_241' title='bbox 1415 2160 1512 2214; x_wconf 92' lang='lat' dir='ltr'>quia</span> <span class='ocrx_word' id='word_1_242' title='bbox 1537 2166 1682 2214; x_wconf 87' lang='lat' dir='ltr'>suapte</span> 
     </span>
     <span class='ocr_line' id='line_1_34' title="bbox 318 2221 1679 2278; baseline 0 -16"><span class='ocrx_word' id='word_1_243' title='bbox 318 2228 464 2263; x_wconf 87' lang='lat' dir='ltr'>natura</span> <span class='ocrx_word' id='word_1_244' title='bbox 488 2222 695 2263; x_wconf 87' lang='lat' dir='ltr'>tutissima</span> <span class='ocrx_word' id='word_1_245' title='bbox 720 2229 824 2272; x_wconf 87' lang='lat' dir='ltr'>erat,</span> <span class='ocrx_word' id='word_1_246' title='bbox 857 2237 980 2278; x_wconf 87' lang='lat' dir='ltr'>agere</span> <span class='ocrx_word' id='word_1_247' title='bbox 1004 2222 1047 2263; x_wconf 90' lang='lat' dir='ltr'>in</span> <span class='ocrx_word' id='word_1_248' title='bbox 1071 2237 1208 2263; x_wconf 87' lang='lat' dir='ltr'>arcem</span> <span class='ocrx_word' id='word_1_249' title='bbox 1233 2221 1468 2263; x_wconf 89' lang='lat' dir='ltr'>cuniculum</span> <span class='ocrx_word' id='word_1_250' title='bbox 1492 2222 1679 2263; x_wconf 86' lang='lat' dir='ltr'>instituit.</span> 
     </span>
     <span class='ocr_line' id='line_1_35' title="bbox 319 2284 1681 2338; baseline -0.001 -13"><span class='ocrx_word' id='word_1_251' title='bbox 319 2284 407 2338; x_wconf 88' lang='lat' dir='ltr'>ipse</span> <span class='ocrx_word' id='word_1_252' title='bbox 433 2285 728 2326; x_wconf 90' lang='lat' dir='ltr'>diversissimis</span> <span class='ocrx_word' id='word_1_253' title='bbox 753 2285 854 2326; x_wconf 90' lang='lat' dir='ltr'>loeis</span> <span class='ocrx_word' id='word_1_254' title='bbox 882 2284 1098 2326; x_wconf 90' lang='lat' dir='ltr'>subeundo</span> <span class='ocrx_word' id='word_1_255' title='bbox 1122 2284 1176 2325; x_wconf 89' lang='lat' dir='ltr'>ad</span> <span class='ocrx_word' id='word_1_256' title='bbox 1200 2284 1363 2325; x_wconf 91' lang='lat' dir='ltr'>moenia</span> <span class='ocrx_word' id='word_1_257' title='bbox 1388 2284 1681 2338; x_wconf 84' lang='lat' dir='ltr'>quadrifariam</span> 
     </span>
     <span class='ocr_line' id='line_1_36' title="bbox 319 2347 1682 2402; baseline -0.001 -14"><span class='ocrx_word' id='word_1_258' title='bbox 319 2347 452 2388; x_wconf 85' lang='lat' dir='ltr'>diviso</span> <span class='ocrx_word' id='word_1_259' title='bbox 479 2348 679 2397; x_wconf 85' lang='lat' dir='ltr'>exercitu,</span> <span class='ocrx_word' id='word_1_260' title='bbox 707 2347 778 2402; x_wconf 91' lang='lat' dir='ltr'>qui</span> <span class='ocrx_word' id='word_1_261' title='bbox 803 2347 871 2388; x_wconf 90' lang='lat' dir='ltr'>alii</span> <span class='ocrx_word' id='word_1_262' title='bbox 890 2347 979 2388; x_wconf 86' lang='lat' dir='ltr'>aliis</span> <span class='ocrx_word' id='word_1_263' title='bbox 1001 2347 1268 2388; x_wconf 86' lang='lat' dir='ltr'>succederent</span> <span class='ocrx_word' id='word_1_264' title='bbox 1287 2347 1339 2387; x_wconf 86' lang='lat' dir='ltr'>ad</span> <span class='ocrx_word' id='word_1_265' title='bbox 1356 2361 1558 2402; x_wconf 86' lang='lat' dir='ltr'>pugnam,</span> <span class='ocrx_word' id='word_1_266' title='bbox 1585 2361 1682 2388; x_wconf 89' lang='lat' dir='ltr'>con-</span> 
     </span>
     <span class='ocr_line' id='line_1_37' title="bbox 320 2409 1682 2464; baseline 0.001 -16"><span class='ocrx_word' id='word_1_267' title='bbox 320 2409 464 2450; x_wconf 87' lang='lat' dir='ltr'>tinenti</span> <span class='ocrx_word' id='word_1_268' title='bbox 489 2409 555 2451; x_wconf 89' lang='lat' dir='ltr'>die</span> <span class='ocrx_word' id='word_1_269' title='bbox 581 2424 629 2451; x_wconf 91' lang='lat' dir='ltr'>ac</span> <span class='ocrx_word' id='word_1_270' title='bbox 654 2417 773 2451; x_wconf 90' lang='lat' dir='ltr'>nocte</span> <span class='ocrx_word' id='word_1_271' title='bbox 798 2410 953 2464; x_wconf 88' lang='lat' dir='ltr'>proelio</span> <span class='ocrx_word' id='word_1_272' title='bbox 979 2409 1031 2451; x_wconf 92' lang='lat' dir='ltr'>ab</span> <span class='ocrx_word' id='word_1_273' title='bbox 1059 2424 1183 2450; x_wconf 88' lang='lat' dir='ltr'>sensu</span> <span class='ocrx_word' id='word_1_274' title='bbox 1208 2409 1343 2463; x_wconf 89' lang='lat' dir='ltr'>operis</span> <span class='ocrx_word' id='word_1_275' title='bbox 1364 2409 1505 2450; x_wconf 87' lang='lat' dir='ltr'>hostes</span> <span class='ocrx_word' id='word_1_276' title='bbox 1525 2415 1682 2450; x_wconf 90' lang='lat' dir='ltr'>averte-</span> 
     </span>
     <span class='ocr_line' id='line_1_38' title="bbox 318 2470 1681 2528; baseline 0.001 -17"><span class='ocrx_word' id='word_1_277' title='bbox 318 2470 406 2521; x_wconf 86' lang='lat' dir='ltr'>bat,</span> <span class='ocrx_word' id='word_1_278' title='bbox 444 2472 576 2513; x_wconf 89' lang='lat' dir='ltr'>donec</span> <span class='ocrx_word' id='word_1_279' title='bbox 606 2472 796 2528; x_wconf 90' lang='lat' dir='ltr'>perfosso</span> <span class='ocrx_word' id='word_1_280' title='bbox 827 2488 852 2514; x_wconf 93' lang='lat' dir='ltr'>a</span> <span class='ocrx_word' id='word_1_281' title='bbox 882 2472 1028 2514; x_wconf 89' lang='lat' dir='ltr'>castris</span> <span class='ocrx_word' id='word_1_282' title='bbox 1059 2477 1197 2513; x_wconf 89' lang='lat' dir='ltr'>monte</span> <span class='ocrx_word' id='word_1_283' title='bbox 1229 2477 1364 2512; x_wconf 90' lang='lat' dir='ltr'>erecta</span> <span class='ocrx_word' id='word_1_284' title='bbox 1387 2471 1430 2511; x_wconf 91' lang='lat' dir='ltr'>in</span> <span class='ocrx_word' id='word_1_285' title='bbox 1455 2486 1590 2512; x_wconf 85' lang='lat' dir='ltr'>arcem</span> <span class='ocrx_word' id='word_1_286' title='bbox 1615 2471 1681 2512; x_wconf 90' lang='lat' dir='ltr'>via</span> 
     </span>
     <span class='ocr_line' id='line_1_39' title="bbox 319 2533 1678 2589; baseline -0.001 -15"><span class='ocrx_word' id='word_1_287' title='bbox 319 2540 382 2574; x_wconf 87' lang='lat' dir='ltr'>cst</span> <span class='ocrx_word' id='word_1_288' title='bbox 411 2534 660 2589; x_wconf 88' lang='lat' dir='ltr'>intentisque</span> <span class='ocrx_word' id='word_1_289' title='bbox 683 2535 875 2576; x_wconf 89' lang='lat' dir='ltr'>Etruscis</span> <span class='ocrx_word' id='word_1_290' title='bbox 908 2535 961 2576; x_wconf 87' lang='lat' dir='ltr'>ad</span> <span class='ocrx_word' id='word_1_291' title='bbox 991 2550 1119 2576; x_wconf 85' lang='lat' dir='ltr'>vanas</span> <span class='ocrx_word' id='word_1_292' title='bbox 1151 2550 1175 2575; x_wconf 92' lang='lat' dir='ltr'>a</span> <span class='ocrx_word' id='word_1_293' title='bbox 1206 2540 1316 2575; x_wconf 88' lang='lat' dir='ltr'>certo</span> <span class='ocrx_word' id='word_1_294' title='bbox 1340 2533 1522 2589; x_wconf 88' lang='lat' dir='ltr'>periculo</span> <span class='ocrx_word' id='word_1_295' title='bbox 1547 2533 1678 2574; x_wconf 89' lang='lat' dir='ltr'>minas</span> 
     </span>
     <span class='ocr_line' id='line_1_40' title="bbox 319 2595 1525 2653; baseline 0 -17"><span class='ocrx_word' id='word_1_296' title='bbox 319 2595 472 2637; x_wconf 87' lang='lat' dir='ltr'>clamor</span> <span class='ocrx_word' id='word_1_297' title='bbox 497 2611 620 2651; x_wconf 90' lang='lat' dir='ltr'>supra</span> <span class='ocrx_word' id='word_1_298' title='bbox 645 2603 768 2653; x_wconf 89' lang='lat' dir='ltr'>caput</span> <span class='ocrx_word' id='word_1_299' title='bbox 792 2597 952 2638; x_wconf 88' lang='lat' dir='ltr'>hostilis</span> <span class='ocrx_word' id='word_1_300' title='bbox 979 2603 1140 2651; x_wconf 87' lang='lat' dir='ltr'>captam</span> <span class='ocrx_word' id='word_1_301' title='bbox 1166 2595 1310 2637; x_wconf 85' lang='lat' dir='ltr'>urbem</span> <span class='ocrx_word' id='word_1_302' title='bbox 1336 2595 1525 2637; x_wconf 88' lang='lat' dir='ltr'>ostendit.</span> 
     </span>
    </p>

    <p class='ocr_par' dir='ltr' id='par_1_7' title="bbox 320 2655 1675 2838">
     <span class='ocr_line' id='line_1_41' title="bbox 402 2655 1675 2714; baseline -0.002 -16"><span class='ocrx_word' id='word_1_303' title='bbox 402 2657 469 2699; x_wconf 90' lang='lat' dir='ltr'>Eo</span> <span class='ocrx_word' id='word_1_304' title='bbox 494 2674 601 2700; x_wconf 91' lang='lat' dir='ltr'>anno</span> <span class='ocrx_word' id='word_1_305' title='bbox 629 2658 678 2702; x_wconf 86' lang='lat' dir='ltr'>C.</span> <span class='ocrx_word' id='word_1_306' title='bbox 698 2659 851 2701; x_wconf 89' lang='lat' dir='ltr'>Furius</span> <span class='ocrx_word' id='word_1_307' title='bbox 870 2659 1038 2700; x_wconf 88' lang='lat' dir='ltr'>Pacilus</span> <span class='ocrx_word' id='word_1_308' title='bbox 1064 2665 1105 2699; x_wconf 90' lang='lat' dir='ltr'>et</span> <span class='ocrx_word' id='word_1_309' title='bbox 1122 2657 1184 2699; x_wconf 88' lang='lat' dir='ltr'>M.</span> <span class='ocrx_word' id='word_1_310' title='bbox 1206 2656 1420 2714; x_wconf 86' lang='lat' dir='ltr'>Geganius</span> <span class='ocrx_word' id='word_1_311' title='bbox 1440 2655 1675 2697; x_wconf 87' lang='lat' dir='ltr'>Macerinus</span> 
     </span>
     <span class='ocr_line' id='line_1_42' title="bbox 321 2718 1674 2776; baseline -0.002 -18"><span class='ocrx_word' id='word_1_312' title='bbox 321 2733 509 2760; x_wconf 87' lang='lat' dir='ltr'>censores</span> <span class='ocrx_word' id='word_1_313' title='bbox 541 2720 681 2762; x_wconf 79' lang='lat' dir='ltr'>villam</span> <span class='ocrx_word' id='word_1_314' title='bbox 710 2721 918 2776; x_wconf 90' lang='lat' dir='ltr'>publicam</span> <span class='ocrx_word' id='word_1_315' title='bbox 949 2721 991 2762; x_wconf 90' lang='lat' dir='ltr'>in</span> <span class='ocrx_word' id='word_1_316' title='bbox 1023 2735 1168 2775; x_wconf 85' lang='lat' dir='ltr'>campo</span> <span class='ocrx_word' id='word_1_317' title='bbox 1199 2719 1352 2761; x_wconf 88' lang='lat' dir='ltr'>Martio</span> <span class='ocrx_word' id='word_1_318' title='bbox 1388 2718 1674 2773; x_wconf 86' lang='lat' dir='ltr'>probaverunt,</span> 
     </span>
     <span class='ocr_line' id='line_1_43' title="bbox 320 2779 1240 2838; baseline 0.002 -18"><span class='ocrx_word' id='word_1_319' title='bbox 320 2779 457 2833; x_wconf 88' lang='lat' dir='ltr'>ibique</span> <span class='ocrx_word' id='word_1_320' title='bbox 482 2782 659 2835; x_wconf 87' lang='lat' dir='ltr'>primum</span> <span class='ocrx_word' id='word_1_321' title='bbox 684 2797 833 2825; x_wconf 86' lang='lat' dir='ltr'>census</span> <span class='ocrx_word' id='word_1_322' title='bbox 858 2783 1000 2838; x_wconf 91' lang='lat' dir='ltr'>populi</span> <span class='ocrx_word' id='word_1_323' title='bbox 1026 2789 1088 2824; x_wconf 85' lang='lat' dir='ltr'>est</span> <span class='ocrx_word' id='word_1_324' title='bbox 1113 2788 1240 2823; x_wconf 88' lang='lat' dir='ltr'>actus.</span> 
     </span>
    </p>
   </div>
  </div>
 </body>
</html>
