1780 3204
691 250 764 275 LIB.
784 250 818 281 V,
838 251 959 276 46—54.
985 251 1033 276 w.

121 329 218 363 enim
236 349 281 353 -
299 329 445 363 hostem
463 327 565 363 eritis
591 333 670 362 onte
689 339 780 362 voce.
801 327 831 361 si

121 373 258 418 singuli
281 380 340 407 etc.
368 375 621 418 transponenda
645 374 704 417 sit,
741 374 833 417 quod

121 421 221 453 elium
235 420 414 452 Dobraeus
431 420 611 463 proposuit
625 420 647 452 l.
663 420 732 463 l.p.
745 418 830 460 38ος

121 465 313 498 Crevierius
326 470 404 498 unte
416 465 513 497 illam
526 465 724 498 sententiam
743 464 830 497 exci-

120 511 206 543 disse
215 511 382 554 quaedum
396 515 515 543 censet.
533 511 545 553 Η
564 508 594 542 si
609 508 745 553 singuli
760 508 829 542 sin—

120 555 230 599 gulos
244 554 458 599 adgressuri
472 554 604 588 essetis
619 566 683 587 om.
698 554 829 587 Har-LI

120 601 204 633 Leizl
218 600 248 633 1.
269 600 280 643 Η
298 599 410 642 enirn]
428 603 551 633 autem
564 600 831 643 Heevzvaqenius

119 647 142 678 l.
159 647 180 678 l.
195 657 232 689 J).
246 645 301 678 35.
328 645 413 678 olim
429 645 494 679 Wt
511 645 536 683 J,
551 651 644 678 XVII.
670 644 682 689 Η
704 644 758 677 12.
776 648 829 677 ta-

119 701 202 724 men
218 702 282 724 om.
297 690 345 723 M.
370 691 380 733 Η
406 689 533 732 etiam]
554 689 627 722 iam
644 691 670 723 I.
684 690 721 723 F.
740 689 830 722 Gro-

119 736 249 768 novius.
269 737 280 778 Η
298 734 502 777 XVIIII,1.
520 734 698 777 libertati]
714 749 731 770 ς
745 734 830 767 Bas.

119 792 156 813 a:
172 779 356 814 libertatis
375 782 386 823 Η
405 784 441 813 et
456 779 504 822 ei]
521 779 718 822 ssIudviqius
731 780 765 811 in
779 779 828 811 ecl.

122 826 189 858 Cic.
204 827 243 858 de
255 826 315 870 fin.
325 837 362 869 J).
377 825 459 858 804:
475 829 512 858 et
524 824 613 865 libri,
629 825 693 857 del.
709 825 751 856 A.
766 823 828 856 Pe-

120 872 278 903 rizonlus.
304 872 315 913 Η
339 869 371 902 ἶ).
394 868 605 911 Menenius]
622 869 666 911 cf.
681 868 829 901 Niebuh-

120 917 205 948 rium
229 916 301 948 hist.
327 915 426 947 Rom.
452 915 494 956 II,
522 913 598 946 682.
623 915 634 956 Η
664 913 748 955 XX,
776 913 828 944 11.

119 960 406 993 Flumentanam
427 960 470 1002 cf.
491 959 639 991 Beck-eri
656 963 725 991 ont.
739 958 782 990 R.
803 961 828 998 I,

119 1005 186 1038 15ss
199 1017 248 1049 sq.
268 1006 278 1048 Η
297 1003 423 1045 XXII,
439 1004 469 1036 1.
484 1002 642 1036 tribunis
658 1015 721 1035 om.
736 1016 765 1045 ς,
781 1003 829 1034 in-

119 1051 211 1083 duxit
226 1050 394 1082 ,Ilm-elus.
413 1050 424 1092 Η
443 1047 587 1091 XXIII,
603 1048 634 1081 6.
647 1047 829 1081 instruen-

119 1094 192 1138 dis]
220 1096 246 1127 I.
271 1095 308 1127 F.
337 1094 551 1126 Gronovius:
587 1092 831 1126 instruentem

118 1141 198 1173 libri
244 1140 399 1172 meliores
448 1150 562 1171 onmes
603 1136 830 1171 instruendis

118 1188 358 1228 quaerentem
378 1183 623 1225 Alschefskius.
642 1184 653 1225 Η
679 1182 709 1215 7.
732 1185 830 1215 esset

117 1229 206 1272 quid
220 1228 258 1261 M
283 1238 380 1262 csse:
397 1227 530 1272 ecquid
552 1227 795 1270 Alschefskius.
814 1228 825 1269 Η

116 1273 278 1316 XXIIII,
301 1273 330 1306 7.
358 1273 458 1317 quod
485 1274 671 1306 tollendum
697 1273 831 1305 videtur

116 1320 268 1352 Dulcero.
288 1320 299 1362 Η
319 1316 827 1360 10.influetuantemaciem,]

115 1365 163 1397 sic
194 1365 355 1408 distinqui
383 1363 471 1396 iubet
500 1364 754 1407 PIeusinqerus:
793 1362 827 1395 in

118 1408 358 1443 fluctuantem
374 1408 452 1442 acie
469 1408 503 1441 M
515 1409 727 1452 ni.p1·.inter
741 1407 828 1441 flue-

116 1458 284 1488 tuantem
310 1453 427 1487 aciem
449 1455 471 1486 Ι.
500 1454 536 1487 F.
563 1454 761 1487 Gronovius
792 1453 827 1486 in

115 1499 320 1533 fluctuante
342 1499 421 1533 acie
441 1499 709 1544 Heerwaqenius
724 1500 745 1532 l.
762 1500 828 1542 Ap.

114 1545 174 1579 28.
193 1546 204 1588 Η
228 1545 349 1584 XXV,
372 1544 424 1577 10.
450 1544 651 1589 anquirens
679 1544 828 1578 Gebhar-

115 1591 187 1623 clus.
207 1592 218 1633 Η
236 1589 398 1631 XXVII,
413 1589 444 1623 3.
460 1601 637 1624 summam
652 1589 761 1624 etiam
776 1589 828 1623 in-

115 1635 237 1669 vidiae
252 1635 346 1678 eius]
363 1636 408 1677 os.
424 1635 611 1668 Wulchium
627 1647 688 1668 em.
705 1635 827 1679 Liv.p.

115 1681 182 1714 22ss
195 1681 416 1714 Ruellnerum
432 1681 500 1713 obs.
515 1681 590 1713 Liv:
601 1692 636 1725 p.
653 1681 711 1713 17:
734 1691 827 1713 sum—

1428 252 1571 285 LXVII

858 328 942 363 dam
962 328 1009 362 ad
1030 339 1074 363 ea
1086 332 1114 362 I.
1129 329 1169 362 F.
1188 328 1396 362 Gronovius.
1415 330 1427 372 Η
1444 327 1476 362 4.
1491 340 1572 373 per·

857 376 1109 417 numeratum]
1137 375 1199 407 ‘im
1224 373 1331 407 Gesez
1356 386 1428 407 zvar
1451 375 1573 416 {Jewiss

855 419 1091 463 hinzuqefii'yt:
1116 423 1182 453 aut
1201 418 1465 463 perscriptum’
1484 420 1571 452 Nie-

857 464 992 497 hulmus
1011 466 1062 498 kl.
1082 465 1179 498 Schr.
1198 466 1242 507 II,
1261 463 1341 498 248.
1357 466 1370 508 Η
1391 463 1570 508 portioni·

856 508 942 552 bus]
963 508 1210 553 pensionibus
1230 509 1403 543 Cuiucius.
1423 511 1434 553 Η
1451 508 1483 542 5.
1508 507 1574 544 fic-

855 558 954 597 rent,
982 554 1048 588 sed
1073 554 1284 598 consulum,
1317 558 1355 588 et
1378 557 1420 588 ut
1443 553 1571 599 utique

856 613 874 635 ς
898 600 1061 643 Siqom'us
1090 598 1239 640 fierent,
1273 599 1339 633 sed
1365 600 1571 641 consulum,

857 644 1128 689 consulumque
1141 644 1271 689 utique
1289 644 1518 689 Goettlinqius
1531 645 1571 678 de

857 690 878 722 l.
899 690 1066 724 Varronis
1085 691 1126 723 cle
1144 703 1172 723 r.
1189 703 1216 723 r.
1231 691 1257 732 I,
1271 689 1293 722 2
1311 701 1344 733 p.
1358 689 1380 723 3
1399 691 1472 723 hist.
1486 690 1570 734 reip.

855 734 897 767 R.
911 745 944 778 p.
959 733 1036 774 352.
1055 734 1067 778 Η
1083 734 1264 777 XXXVI,
1279 734 1310 768 3.
1330 735 1365 767 in
1384 746 1476 768 vocc.
1498 745 1572 768 ser-

856 778 939 811 uius
954 779 1131 823 sulpicius
1147 778 1291 813 seruius
1307 779 1382 825 (sic)
1397 781 1486 824 expl.
1501 779 1563 824 Ε.Η

857 823 909 856 12.
919 823 956 856 ni
970 824 1094 867 potius
1110 835 1221 869 quam
1238 830 1375 858 sortem
1391 824 1571 859 creditum

857 869 994 911 solvat]
1017 869 1061 911 cf.
1081 870 1259 913 Bac-hosen
1279 871 1310 903 cl.
1325 882 1449 903 nexum
1463 876 1569 914 e!c.p.

855 912 898 945 83
911 925 981 957 sq..·
1002 913 1125 956 potius
1147 925 1257 958 quam
1278 918 1376 948 sorte
1392 914 1573 949 creditum

857 958 979 991 soluat
993 973 1010 994 ς
1033 960 1055 991 Ι.
1069 959 1108 991 F.
1125 959 1339 1000 Gronovius,
1360 961 1448 993 ulios
1461 971 1572 993 emen-

856 1003 963 1035 dandi
1001 1010 1145 1036 conatus
1188 1005 1210 1037 l.
1253 1005 1567 1048 Πιάλέηὒυνσῆἰιιε,

856 1047 997 1091 potius,
1032 1059 1142 1091 quam
1169 1052 1287 1091 sorte,
1319 1049 1357 1082 ni
1390 1049 1573 1083 creditum

858 1092 981 1126 solvat
1009 1093 1274 1126 nollens-teuteus
1293 1094 1384 1127 Livii
1406 1093 1478 1138 diff.
1505 1095 1569 1127 uli-

857 1143 936 1182 quot
957 1138 1036 1170 locu
1048 1149 1085 1182 p.
1107 1137 1161 1171 15.
1196 1137 1323 1181 potius
1345 1149 1455 1183 quam
1475 1138 1572 1173 forte

858 1181 1036 1216 creditum
1053 1183 1174 1216 solvat
1187 1184 1236 1216 ecl.
1255 1184 1364 1217 Oxon.
1375 1183 1464 1217 1814
1477 1196 1571 1228 cusu,

854 1228 952 1271 prob.
978 1228 1139 1262 Dobrueo
1173 1229 1195 1261 l.
1223 1230 1243 1262 l.
1272 1240 1309 1273 p.
1336 1228 1404 1263 380
1444 1229 1570 1273 potius

858 1284 967 1317 quam
1007 1272 1184 1319 (sortem)
1229 1274 1411 1308 creditum
1449 1274 1572 1308 solvat

857 1319 944 1351 coni.
959 1318 1051 1352 ww.
1072 1320 1083 1362 Η
1107 1318 1309 1361 XXXVII,
1323 1319 1355 1353 2.
1374 1319 1498 1364 plebis
1518 1319 1571 1353 fc-

857 1363 984 1407 cisset]
1000 1364 1255 1407 Alschefskius:
1269 1365 1402 1408 plebes
1417 1363 1573 1399 fecisset

854 1423 872 1445 ς
897 1409 999 1453 plebi
1025 1409 1179 1444 fecisset
1205 1410 1285 1443 libri
1308 1411 1481 1452 meliores,
1507 1411 1575 1443 nisi

856 1456 947 1498 quod
964 1454 1066 1499 plebi
1087 1454 1242 1489 fecisset
1254 1454 1310 1498 M,
1336 1457 1425 1489 unde
1444 1455 1572 1500 plebei

856 1499 1035 1534 fecissent
1064 1499 1126 1534 W.
1156 1502 1167 1544 Η
1197 1500 1228 1534 6.
1267 1500 1415 1535 duobus
1451 1503 1567 1544 nunc]

855 1547 1194 1589 711(11·y.e(l..4scens.:
1210 1546 1406 1581 duobusne
1425 1547 1436 1590 Η
1459 1547 1491 1580 8.
1507 1546 1570 1580 ad-

854 1590 1053 1624 ministrari
1084 1594 1187 1635 post]
1222 1591 1307 1625 Bas.
1334 1591 1375 1625 b:
1414 1591 1568 1625 admini-

855 1640 972 1670 strare
1003 1640 1130 1680 potest
1160 1642 1247 1681 post
1265 1638 1276 1680 Η
1294 1637 1511 1678 XXXVIII,
1537 1637 1569 1670 ].

854 1681 1006 1715 eosdem
1022 1682 1116 1715 duos
1132 1683 1268 1726 virqula
1288 1684 1399 1716 deleta
1419 1683 1569 1716 Heusin-

116 1737 211 1759 mam
223 1753 230 1767 ,
252 1725 363 1759 etiam
378 1725 552 1759 iuvidiam
567 1727 644 1758 ullis
659 1727 757 1758 vui-iu
771 1737 825 1758 co·
851 1739 965 1771 (serus.
984 1728 995 1770 Η
1013 1726 1044 1760 3.
1061 1734 1139 1771 posi
1159 1731 1309 1761 ventum
1322 1729 1404 1761 hoec
1416 1729 1506 1772 sere:
1533 1731 1571 1761 et

116 1772 276 1803 nantibus
288 1771 425 1804 Reiza'us
439 1772 462 1803 l.
478 1772 500 1804 l.
517 1783 552 1814 p.
575 1771 650 1804 103.
669 1772 680 1814 Η
704 1770 736 1804 5.
757 1774 825 1803 ter—

118 1815 170 1849 tio
187 1816 237 1848 M.
256 1816 267 1858 Η
286 1815 339 1848 10.
353 1815 473 1848 minus
488 1826 667 1859 praesens
682 1827 827 1859 proece-

117 1861 199 1893 (lens
217 1870 300 1893 cum
319 1861 397 1903 del„
419 1864 519 1893 esset
536 1861 570 1893 in
585 1871 667 1894 esse
682 1866 828 1903 mutuus,

117 1907 142 1938 Ι.
162 1905 200 1938 F.
225 1905 421 1937 Gronovius
445 1904 564 1938 minor
588 1904 626 1938 in
651 1916 828 1949 praesens

117 1950 295 1984 ›su-othim.
331 1951 342 1993 Η
380 1949 551 1992 Gabino]
590 1951 658 1983 luc.
692 1951 828 1982 Grono-

118 1996 210 2028 vius:
229 1994 367 2028 Sabino
392 1995 403 2037 Η
427 1994 609 2037 XXVIII,
624 1995 654 2027 2.
677 1996 778 2037 acto]
793 2008 829 2031 3:

118 2039 218 2073 facto
238 2041 249 2083 Η
267 2039 297 2072 3.
318 2041 447 2084 atque]
464 2039 585 2084 adque
601 2042 625 2073 I.
640 2040 676 2072 F.
695 2040 830 2073 Grono-

120 2086 202 2118 vius.
232 2086 243 2128 Η
272 2084 304 2117 4.
329 2083 510 2127 Romani]
538 2097 602 2118 om.
622 2085 664 2124 P,
691 2086 768 2118 add.
793 2096 828 2128 p.

117 2130 273 2163 Romam
287 2131 544 2163 Reinslzemius.
563 2132 574 2173 Η
593 2129 780 2164 XXVIIII
787 2131 828 2172 ,8.

117 2174 217 2208 Iovis
238 2174 493 2219 Imperatoris]
522 2177 564 2218 cf.
587 2175 626 2208 O.
650 2176 758 2208 Iulinii
774 2186 828 2207 ur-

118 2221 226 2253 clu'iol.
255 2221 418 2264 Aussiitze
445 2220 572 2264 Gryph.
606 2220 694 2254 1845
726 2232 760 2264 p.
786 2219 826 2253 31

117 2277 188 2309 sqq.
209 2267 220 2308 Η
238 2266 270 2298 9.
286 2265 299 2298 Ι
306 2265 452 2308 uppiter
465 2268 541 2308 elix]
564 2267 737 2300 Sulurniis
756 2277 829 2298 ver-

119 2311 210 2343 sibus
228 2317 308 2354 post
333 2311 514 2344 Niebuhr&
535 2312 606 2344 hist.
625 2311 669 2344 R.
694 2315 737 2353 II,
763 2309 830 2343 664

119 2361 277 2388 conatum
295 2357 376 2388 hoec
389 2357 562 2399 descripsi!
576 2356 777 2389 Biz-schelius
790 2357 829 2389 (Ie

117 2401 219 2433 inser.
241 2402 304 2434 col.
318 2407 419 2433 roslr.
431 2412 464 2444 p.
481 2401 535 2434 24.
557 2401 600 2443 ef.
617 2413 703 2445 quae
716 2402 827 2445 ‹lispu-

119 2446 189 2478 ται-ἰ
206 2446 245 2478 de
261 2446 384 2478 Cinciis
398 2457 433 2490 p.
447 2445 502 2479 44.
521 2448 532 2489 Η
556 2446 680 2488 XXX,
697 2446 726 2480 7.
741 2445 826 2488 fuit]

119 2490 205 2523 Bas.
220 2490 260 2523 b:
275 2490 411 2524 fuisset
426 2491 487 2529 (sic
500 2493 610 2531 etiarn,
631 2504 700 2524 non
713 2491 827 2525 fuisse

117 2535 147 2568 E
169 2535 248 2568 fuit.
271 2534 348 2569 Seri
368 2532 472 2569 Hui-l.
488 2537 520 2581 1)
552 2538 563 2580 Η
593 2537 624 2570 9.
645 2547 743 2570 anno
765 2535 826 2570 Se-

118 2580 222 2623 tiam]
244 2580 292 2623 E,
319 2582 498 2625 Sigonius:
519 2593 637 2616 annos
659 2582 690 2627 (s
711 2583 774 2615 clei.
794 2583 828 2615 in

118 2625 162 2667 P)
189 2625 299 2659 etiam
330 2628 341 2669 Η
376 2626 559 2670 XXXIII,
585 2627 638 2660 11.
671 2627 826 2670 maiore]

117 2671 202 2704 Bas.
218 2682 255 2704 a:
276 2671 410 2714 maior,
432 2674 524 2716 quod
540 2674 746 2705 seri-undum
759 2684 829 2706 esse

118 2717 207 2750 coni.
230 2718 481 2761 Alsclzefis-kius,
509 2717 690 2760 excipitur
714 2719 748 2751 in
769 2730 827 2751 cx-

120 2760 210 2806 cipit
230 2768 356 2795 nzulusso
375 2764 386 2806 Η
406 2762 565 2807 XXXV,
579 2764 610 2796 2.
632 2763 826 2808 accingen-

855 1783 967 1816 quum
993 1771 1133 1805 tribuni
1159 1772 1316 1805 militum
1348 1772 1568 1807 denuncias-

855 1820 939 1851 sent
959 1816 1122 1860 senatui,
1148 1816 1219 1850 iam
1241 1827 1285 1851 eo
1306 1817 1462 1860 periculi
1482 1829 1569 1852 ven-

854 1866 930 1895 tum
961 1863 1123 1895 excidisse
1155 1868 1264 1895 censet
1288 1863 1534 1907 Heusinqerus,
1554 1864 1566 1906 Η

858 1907 908 1939 13.
924 1907 1025 1952 quod
1039 1909 1175 1951 usque]
1198 1908 1241 1950 cf.
1256 1907 1513 1941 Luchmonnum
1527 1909 1568 1941 (Ie

854 1953 938 1994 font.
960 1952 1034 1985 Liv.
1054 1956 1080 1992 I,
1095 1951 1139 1985 95
1158 1964 1190 1984 n.
1207 1953 1226 1984 1
1247 1958 1277 1985 et
1290 1952 1373 1986 Ww
1392 1954 1472 1986 adn.
1488 1955 1568 1987 coll.

855 1997 964 2030 Iolznii
981 2008 1062 2029 ann.
1076 1997 1289 2031 XXXVIIII.
1310 1997 1366 2041 21,
1387 1998 1426 2032 8:
1453 1999 1568 2043 quod,

856 2041 980 2086 quoad
999 2052 1117 2085 usque
1138 2043 1166 2074 A
1174 2042 1374 2085 lsclzefslcius
1387 2044 1436 2077 ed.
1452 2045 1529 2076 min.
1549 2045 1561 2087 Η

856 2086 1097 2127 XXXVIIII,
1114 2087 1167 2120 11.
1181 2087 1286 2131 ferri]
1302 2102 1320 2125 ς
1336 2087 1391 2139 (9),
1407 2089 1565 2122 ΆῙΟάἱιιεε

855 2131 951 2166 ferre
976 2133 987 2175 Η
1012 2131 1176 2175 XXXX,
1198 2133 1251 2166 11.
1273 2133 1465 2167 Sextllium
1486 2134 1565 2167 Pm.

856 2189 908 2221 pr.
918 2175 1080 2211 Sextium
1094 2176 1197 2211 illum
1212 2179 1298 2212 coni.
1308 2178 1374 2212 Wt
1387 2180 1413 2222 I,
1423 2185 1532 2213 XVIII.
1551 2180 1563 2223 Η

856 2221 907 2255 15.
935 2221 1116 2265 Quirites,
1144 2222 1242 2256 civili
1269 2223 1454 2258 simillima
1471 2225 1567 2258 Hea-

853 2269 1019 2311 sinqerus.
1045 2269 1056 2310 Η
1083 2268 1136 2301 16.
1163 2268 1272 2302 aliter
1292 2269 1357 2312 qui
1375 2273 1485 2314 rogat
1505 2269 1568 2314 qui

857 2313 894 2346 P.
914 2315 924 2356 Η
950 2312 1152 2355 XXXXII,
1165 2313 1197 2347 8.
1213 2313 1320 2358 fuga]
1337 2315 1360 2347 Ι.
1375 2315 1411 2347 F.
1430 2314 1567 2348 Grono-

856 2359 944 2391 vius:
960 2357 1096 2402 fugace
1111 2358 1149 2391 M
1169 2357 1260 2403 fuga
1275 2370 1311 2393 se
1325 2361 1401 2393 rell.
1421 2361 1432 2404 Η
1451 2360 1505 2393 10.
1519 2371 1565 2394 ne

854 2402 901 2445 is]
917 2403 1002 2436 Bas.
1018 2414 1056 2437 a:
1077 2403 1114 2436 in
1128 2403 1186 2437 his
1210 2406 1221 2447 Η
1246 2404 1298 2437 12.
1313 2416 1485 2449 umquam
1500 2406 1564 2439 del.

857 2449 1018 2492 Bissclwp
1039 2461 1196 2482 mnenzos.
1218 2451 1245 2493 I,
1259 2449 1337 2483 400.
1355 2452 1367 2493 Η
1393 2461 1507 2484 causa
1525 2450 1566 2484 li-

856 2494 986 2527 benter
1010 2493 1177 2528 facturos
1202 2495 1265 2528 leuc
1290 2507 1330 2528 ex
1352 2496 1381 2538 ξ.
1396 2507 1445 2540 sq.
1464 2496 1566 2529 illata

854 2550 924 2571 esse
935 2540 1079 2583 pervidit
1094 2539 1291 2584 Modo-&ius
1303 2540 1567 2586 Bemerlcunqen

855 2584 904 2617 ub.
933 2585 1058 2617 versele.
1084 2585 1214 2618 Puncta
1244 2586 1302 2619 cles
1326 2587 1476 2628 Systems
1507 2588 1567 2620 der

856 2631 914 2662 lut.
929 2631 1154 2673 Sprachlehre
1164 2641 1198 2674 p.
1213 2630 1269 2664 64.
1295 2632 1306 2673 Η
1331 2631 1383 2664 13.
1404 2631 1566 2666 libenter

855 2673 1022 2753 fuctures
1048 2676 1133 2708 coni.
1155 2676 1407 2721 Alschefkkius,
1428 2677 1564 2711 Illuclvi-

852 2732 929 2763 (leus
959 2746 966 2753 .
998 2747 1003 2752 .
1127 2739 1131 2742 >

1256 2823 1309 2849 13*
