1780 3204
421 238 574 273 LIBER
597 238 727 283 vnn,
752 238 805 271 31.
825 237 878 272 32.
906 240 954 281 [a.
968 236 1008 272 0.
1023 237 1104 280 311]
1363 226 1446 267 475

93 343 343 398 pidationem
368 342 477 391 fecit,
498 342 596 382 dum
617 357 728 382 arma
748 341 925 395 capiunt,
953 340 1132 381 sarcinas
1159 345 1385 395 congerunt
1403 339 1444 379 in

93 406 292 455 medium3
330 405 425 446 dein
449 411 685 458 postquam,
718 410 761 443 ut
787 403 960 456 quisque
985 402 1227 443 liberaverat
1254 416 1297 442 se
1323 415 1444 442 onere

94 474 383 521 aptaveratque
409 466 544 515 armis,
573 466 624 506 ad
651 465 767 519 signa
792 464 972 517 undique
999 463 1162 504 coibant
1188 470 1226 504 et
1250 463 1356 504 notis
1383 477 1446 503 or-

94 529 257 570 dinibus
288 529 330 568 in
360 535 496 569 vetere
534 527 750 581 disciplina
785 526 951 566 militiae
986 526 1068 566 iam
1105 526 1191 566 sine
1227 531 1445 579 praecepto

93 591 214 630 ullius
247 605 322 631 sua
353 597 497 644 sponte
535 588 766 630 struebatur
796 589 922 637 acies,
961 587 1103 628 consul
1139 588 1192 628 ad
1229 587 1446 641 ancipitem

94 652 271 692 maxime
296 667 480 707 pugnam
505 651 700 692 advectus
727 650 861 691 desilit
893 665 943 690 ex
969 664 1074 703 equo
1100 657 1139 690 et
1163 649 1306 690 Iovem
1332 648 1446 689 Mar-

93 722 256 766 temque
283 720 404 767 atque
429 713 530 754 alios
557 719 728 753 testatur
753 712 864 761 deos,
887 726 929 752 se
951 711 1105 751 nullam
1131 726 1248 752 suam
1272 710 1445 766 gloriam

93 776 205 825 iude,
233 776 305 816 sed
328 776 522 829 praedam
548 775 666 814 militi
690 780 954 827 quaerentem
979 773 1021 813 in
1046 788 1140 813 cum
1163 773 1298 813 locum
1324 772 1446 812 deve-

92 838 202 878 nisse
232 852 365 891 neque
395 837 437 877 in
468 852 511 878 se
543 837 654 877 aliud
684 851 806 889 quam
843 835 1011 875 nimiam
1049 835 1206 875 ditandi
1241 849 1292 874 ex
1327 834 1445 874 hoste
1500 850 1510 877 t

94 900 231 939 militis
264 914 403 939 curam
433 898 675 953 reprehendi
705 911 840 952 posse.
896 897 947 938 ab
974 911 1021 937 eo
1054 912 1097 938 se
1129 897 1327 937 dedecore
1358 896 1447 935 nul-

92 961 173 1001 lam
198 976 283 1001 rem
303 961 424 1001 aliam
443 976 567 1014 quam
585 960 776 1000 virtutem
795 959 970 999 militum
988 959 1298 999 vindicaturam.
1337 958 1448 998 coui-
1496 979 1502 984 ·

92 1030 273 1063 terentur
297 1023 417 1063 modo
443 1038 524 1063 uno
550 1022 685 1062 animo
711 1036 852 1062 omnes
878 1021 1071 1061 invadere
1097 1021 1271 1069 hostem,
1292 1020 1447 1060 victum

92 1084 190 1132 acic,
213 1085 355 1125 castris
375 1091 556 1132 exutum,
572 1083 770 1124 nudatum
791 1082 975 1131 urbibus,
997 1082 1182 1122 ultimam
1204 1096 1318 1135 spem
1338 1081 1447 1121 furto

91 1146 331 1187 insidiarum
367 1152 632 1200 temptantem
665 1152 704 1185 et
733 1145 842 1193 loco,
881 1159 964 1185 non
1000 1144 1123 1184 armis
1155 1143 1318 1183 fretum.
1375 1143 1449 1183 sed

91 1223 213 1260 quem
244 1223 335 1249 esse
365 1209 446 1248 iam
476 1208 615 1247 virtuti
645 1207 858 1248 Romanae
888 1205 1251 1261 inexpugnabilem
1287 1205 1448 1246 locum?

90 1270 334 1324 Fregellana
352 1285 424 1310 arx
441 1268 678 1322 Soranaque
698 1275 737 1309 et
763 1268 1011 1321 ubicumque
1037 1268 1177 1321 iniquo
1204 1282 1446 1308 successum

90 1342 175 1372 crat
199 1332 288 1372 loco
313 1330 657 1372 memorabantur.
706 1330 769 1371 his
796 1345 994 1371 accensus
1026 1330 1144 1370 miles
1171 1330 1355 1371 omnium
1386 1330 1448 1370 in-

89 1408 246 1433 memor
270 1393 585 1441 difficultatium,
612 1392 725 1433 vadit
749 1393 948 1433 adversus
974 1393 1241 1433 inminentem
1266 1392 1446 1433 hostium

90 1455 232 1495 aciem.
280 1453 337 1495 ibi
360 1455 531 1509 paulum
555 1454 707 1496 laboris
733 1454 830 1504 fuit,
858 1455 956 1495 dum
982 1455 1024 1495 in
1049 1455 1270 1495 adversum
1296 1454 1445 1495 clivum

89 1517 258 1572 erigitur
282 1532 450 1572 agmen3
483 1524 662 1558 ceterum
687 1525 908 1571 postquam
933 1517 1065 1571 prima
1091 1517 1210 1571 signa
1233 1516 1445 1570 planitiem

89 1594 292 1619 summam
318 1586 513 1633 ceperunt
539 1579 747 1633 sensitque
772 1579 894 1627 acies,
916 1593 1047 1632 aequo
1074 1593 1117 1619 se
1142 1578 1223 1618 iam
1249 1577 1446 1618 institisse

87 1641 190 1690 loco,
212 1656 354 1682 versus
381 1642 585 1696 extemplo
606 1648 668 1682 est
692 1648 820 1682 terror
838 1641 878 1681 in
904 1641 1176 1688 insidiatores,
1198 1639 1446 1692 easdemque

88 1703 279 1753 latebras,
306 1703 454 1757 quibus
481 1719 524 1745 se
550 1704 672 1758 paulo
697 1711 791 1744 ante
817 1710 1015 1751 texerant,
1042 1702 1167 1756 palati
1193 1708 1315 1754 atque
1339 1701 1446 1741 iner-

88 1780 175 1805 mes
212 1765 314 1819 fuga
348 1765 599 1819 repetebant.
660 1765 734 1806 sed
769 1765 859 1806 loca
895 1764 1080 1806 difficilia
1115 1764 1225 1804 hosti
1261 1764 1447 1817 quaesita

88 1827 200 1881 ipsos
226 1834 312 1867 tum
339 1843 413 1868 sua
437 1827 582 1868 fraude
607 1827 884 1881 inpediebant.
934 1827 1071 1879 itaque
1098 1840 1196 1881 ergo
1228 1825 1445 1880 perpaucis

92 1889 293 1944 effugium
318 1890 466 1944 patuit:
505 1904 625 1930 caesa
650 1890 702 1929 ad
727 1889 873 1943 viginti
898 1888 1010 1928 milia
1034 1888 1266 1937 hominum,
1298 1888 1447 1928 victor-

91 1966 169 2004 que
184 1951 397 1992 Romanus
424 1951 476 1992 ad
501 1951 680 1992 oblatam
706 1950 757 1992 ab
783 1951 901 1991 hoste
925 1950 1120 2005 praedam
1145 1965 1339 2004 pecorum
1365 1950 1448 1990 dis-

89 2021 224 2054 currit.

173 2075 377 2116 XXXII.
414 2074 531 2115 Dum
556 2075 658 2116 haec
681 2081 880 2130 geruntur
904 2075 946 2115 in
974 2073 1163 2123 Samnio,
1195 2074 1282 2131 iarn¹
1302 2087 1444 2114 omnes

89 2137 280 2178 Etruriae
311 2137 453 2192 populi
483 2143 644 2191 practer
669 2137 882 2178 Arretinos
914 2137 967 2177 ad
997 2152 1108 2177 arma
1138 2137 1268 2177 ierant
1298 2135 1349 2176 ab
1375 2150 1448 2190 op-

87 2199 311 2253 pugnando
338 2198 489 2248 Sutrio,
516 2214 620 2252 quae
644 2198 742 2240 urbs
770 2199 880 2240 socia
904 2199 1103 2240 Romanis
1129 2198 1242 2239 velut
1267 2198 1447 2238 claustra

88 2261 281 2301 Etruriae
307 2268 404 2310 erat,
431 2261 576 2316 ingens
604 2261 685 2301 orsi
709 2261 876 2302 bellum.
926 2276 974 2302 co
1000 2261 1101 2301 alter
1126 2260 1342 2301 consulum
1361 2259 1447 2301 Ae-

88 2322 224 2363 milius
252 2337 346 2363 cum
371 2323 550 2363 exercitu
578 2323 629 2363 ad
658 2322 892 2364 liberandos
919 2323 1132 2364 obsidione
1163 2322 1296 2363 socios
1322 2322 1444 2362 venit.

90 2384 403 2425 advenientibus
428 2385 627 2426 Romanis
651 2383 807 2426 Sutrini
833 2392 1084 2426 commeatus
1110 2385 1287 2439 benigne
1312 2384 1354 2424 in
1381 2399 1447 2424 ca-

91 2454 173 2486 stra
204 2453 298 2486 ante
328 2446 472 2488 urbem
504 2447 638 2501 posita
668 2447 882 2488 advexere.
931 2447 1100 2488 Etrusci
1129 2447 1238 2487 diem
1268 2446 1447 2501 primum

90 2508 380 2557 consultando,
408 2515 658 2550 maturarent
683 2509 942 2549 traherentne
967 2508 1139 2557 bellum,
1166 2509 1444 2549 traduxerunt.

89 2577 254 2624 postero
274 2570 352 2619 die,
378 2570 450 2611 ubi
475 2571 668 2611 celeriora
686 2585 810 2624 quam
835 2571 984 2611 tutiora
1008 2570 1179 2611 consilia
1203 2570 1335 2625 magis
1359 2569 1447 2624 pla-

90 2645 210 2673 cuere
242 2631 437 2682 ducibus,
471 2632 555 2673 sole
580 2639 668 2673 orto
700 2633 864 2687 signum
894 2647 1059 2687 pugnae
1088 2632 1344 2686 propositum
1370 2638 1443 2680 est,

90 2693 317 2747 armatique
353 2694 395 2734 in
425 2694 554 2735 aciem
590 2694 829 2749 procedunt.
885 2694 995 2746 quod
1030 2703 1250 2748 postquam
1286 2692 1444 2735 consuli

1474 602 1510 630 10

1476 1158 1514 1186 13

1475 1344 1514 1371 ll

1476 1530 1513 1558 15

1478 1779 1516 1808 lu·

1474 2086 1487 2114 l

1471 2707 1490 2734 *l
