1835 3226
727 272 879 306 LIBER
904 274 949 316 v,
978 274 1006 306 1.
1028 273 1057 305 2.
1088 275 1135 315 [a.
1151 283 1183 306 u.
1199 283 1227 306 c.
1241 273 1323 316 351]

354 268 407 308 {3⁶2

410 269 434 308 Na

857 584 1009 636 TITI
1044 584 1205 636 LIVI

679 698 996 748 AB'VRBE
1044 709 1377 748 CONni'rA

907 856 1074 893 LIBER
1104 856 1153 894 V.

309 945 320 972 1
433 932 467 972 Ι.
509 931 621 973 Pace
651 932 748 973 alibi
779 938 922 986 parata
945 931 1124 973 Romani
1155 931 1329 985 Veiique
1360 932 1401 972 in
1438 933 1561 973 armis
1593 942 1707 974 erant

350 1000 461 1034 tanta
474 994 534 1034 ira
553 994 741 1047 odioque,
768 1001 813 1034 ut
833 994 950 1034 victis
972 994 1095 1034 finem
1115 994 1261 1034 adesse
1280 1000 1505 1048 appareret.
1544 995 1707 1036 comitia

305 1070 322 1098 2
349 1056 561 1110 utriusque
586 1056 727 1112 populi
751 1056 872 1112 longe
898 1057 1062 1097 diversa
1086 1056 1242 1096 ratione
1262 1055 1371 1096 facta
1391 1063 1497 1096 sunt.
1529 1056 1706 1098 Romani

349 1133 499 1158 auxere
524 1118 780 1159 tribunorum
805 1119 980 1159 militum
1007 1118 1212 1159 consulari
1242 1123 1445 1172 potestate
1470 1133 1705 1168 numerum3

350 1186 453 1229 octo,
481 1187 579 1233 quot
598 1195 823 1233 numquam
844 1187 964 1221 antea
984 1180 1127 1221 creati:
1153 1179 1226 1220 Μ’.
1241 1180 1447 1220 Aemilius
1468 1180 1704 1221 Mamercus

350 1241 509 1290 iterum,
535 1242 588 1282 L.
604 1241 794 1282 Valerius
809 1241 971 1282 Potitus
993 1242 1168 1290 tertium,
1195 1240 1278 1295 Ap.
1297 1240 1496 1282 Claudius
1512 1241 1704 1290 Crassus,

349 1302 410 1343 M.
439 1302 686 1356 Quinctilius
712 1303 862 1353 Varus,
889 1304 942 1344 L.
969 1303 1100 1343 Iulius
1126 1303 1255 1351 Iulus,
1281 1303 1342 1343 M.
1363 1302 1616 1353 Postumius,
1643 1301 1703 1344 M.

307 1378 325 1406 3
350 1365 500 1406 Furius
528 1364 746 1414 Camillus,
778 1364 840 1405 M.
866 1365 1108 1405 Postumius
1143 1364 1337 1405 Albinus.
1387 1364 1582 1405 Veientes
1611 1379 1706 1406 con-

350 1434 411 1467 tra
436 1427 570 1468 taedio
595 1442 753 1468 annuae
779 1426 1026 1475 ambitionis,
1054 1442 1158 1480 quae
1183 1427 1386 1467 interdum
1407 1427 1702 1467 discordiarum

350 1504 475 1530 causa
505 1496 608 1538 erat,
644 1504 785 1544 regem
817 1503 1018 1530 creavere.
1080 1488 1251 1529 offendit
1282 1503 1330 1528 ea
1364 1503 1429 1528 res
1460 1488 1703 1542 populorum

350 1550 541 1592 Etruriae
567 1551 725 1592 animos
750 1566 834 1591 non
858 1551 1011 1591 maiore
1037 1551 1130 1591 odio
1155 1550 1271 1604 regni
1291 1565 1413 1603 quam
1433 1550 1562 1603 ipsius
1582 1551 1703 1605 regis.

305 1627 324 1654 4
349 1613 487 1667 gravis
512 1613 594 1653 iam
619 1613 653 1653 is
679 1619 798 1653 antea
823 1613 936 1668 genti
961 1612 1095 1653 fuerat
1121 1611 1268 1666 opibus
1295 1611 1580 1666 superbiaque,
1607 1612 1701 1665 quia

351 1674 563 1715 sollemnia
586 1674 790 1722 ludorum,
817 1689 920 1727 quos
946 1673 1156 1714 intermitti
1181 1673 1298 1714 nefas
1324 1681 1399 1722 est,
1425 1673 1622 1714 violenter
1647 1674 1705 1714 di-

305 1750 322 1779 ῡ
348 1736 548 1785 remisset,
576 1750 669 1777 cum
695 1736 746 1777 ob
772 1736 875 1776 iram
898 1735 1102 1790 repulsae,
1129 1735 1240 1788 quod
1265 1735 1463 1790 suffragio
1488 1736 1704 1785 duodecim

347 1797 594 1852 populorum
618 1797 723 1838 alius
749 1797 940 1838 sacerdos
961 1797 997 1837 ei
1016 1796 1222 1851 praelatus
1243 1804 1363 1845 esset,
1391 1796 1578 1846 artifices,
1605 1811 1706 1850 quo-

347 1875 439 1900 rum
464 1874 616 1914 magna
640 1874 734 1913 pars
760 1859 890 1913 ipsius
917 1859 1025 1899 servi
1049 1864 1183 1907 erant,
1221 1872 1272 1898 ex
1296 1858 1432 1898 medio
1462 1857 1619 1898 ludicro
1644 1873 1706 1899 rc-

304 1937 320 1965 6
348 1928 470 1976 pente
495 1920 678 1962 abduxit.
711 1936 813 1976 gens
839 1921 976 1974 itaque
1002 1927 1095 1961 ante
1121 1934 1263 1961 omnes
1289 1920 1390 1960 alias
1416 1934 1464 1961 eo
1483 1920 1615 1975 magis
1636 1921 1707 1961 de-

347 1984 431 2024 dita
443 1983 723 2039 religionibus,
751 1984 863 2037 quod
881 1983 1099 2024 excelleret
1120 1991 1205 2024 arte
1220 1983 1380 2024 colendi
1399 1998 1482 2033 eas,
1509 1983 1704 2024 auxilium

347 2045 591 2087 Veientibus
622 2046 877 2101 negandum,
915 2046 1046 2086 donee
1078 2045 1155 2086 sub
1193 2060 1289 2100 rege
1321 2052 1476 2094 essent,
1515 2045 1706 2086 decrevit.

306 2123 320 2150 .-
347 2108 463 2148 cuius
489 2108 641 2148 decreti
667 2123 889 2162 suppressa
915 2108 1026 2148 fama
1051 2114 1112 2148 est
1132 2106 1247 2148 Veiis
1278 2114 1444 2162 propter
1468 2114 1621 2147 metum
1646 2121 1708 2147 rc-

347 2169 424 2225 gis,
451 2169 538 2223 qui,
566 2185 590 2210 a
614 2184 695 2223 quo
722 2170 801 2210 tale
827 2169 927 2223 quid
952 2170 1106 2210 dictum
1131 2169 1368 2217 referretur,
1394 2183 1468 2223 pro
1495 2168 1704 2209 seditionis

303 2244 322 2273 8
349 2247 442 2272 eum
473 2231 674 2286 principe,
707 2247 790 2272 non
824 2232 918 2273 vani
951 2231 1151 2273 sermonis
1183 2237 1347 2272 auctore
1371 2230 1562 2271 habebat.
1622 2230 1706 2270 Ro-

347 2293 479 2334 manis
516 2294 594 2334 etsi
629 2294 791 2347 quietae
827 2309 892 2335 res
925 2308 976 2334 ex
1005 2293 1175 2334 Etruria
1205 2292 1515 2341 nuntiabantur,
1554 2298 1704 2340 tamen,

348 2355 444 2409 quia
463 2355 653 2396 omnibus
668 2356 850 2396 conciliis
872 2370 962 2396 eam
981 2369 1067 2396 rem
1084 2355 1231 2409 agitari
1249 2353 1522 2402 adserebatur,
1549 2353 1605 2393 ita
1618 2368 1707 2393 mu-

304 2432 321 2458 ¹.)
347 2417 532 2466 niebant,
565 2424 608 2458 ut
635 2418 827 2472 ancipitia
854 2417 1108 2458 munimenta
1132 2423 1288 2465 essent,
1321 2416 1401 2457 alia
1431 2416 1473 2456 in
1497 2415 1640 2456 urbem
1667 2421 1705 2455 et

349 2487 488 2520 contra
502 2480 800 2534 oppidanorum
814 2480 1047 2535 eruptiones
1062 2493 1193 2528 versa,
1209 2479 1299 2519 aliis
1313 2478 1427 2519 frons
1442 2478 1483 2517 in
1496 2477 1702 2517 Etruriam

350 2549 537 2596 spectans
564 2543 739 2592 auxiliis,
766 2543 801 2583 si
826 2557 907 2596 qua
931 2542 1035 2583 forte
1060 2542 1154 2582 inde
1179 2541 1376 2590 venirent,
1404 2539 1701 2581 obstruebatur.

307 2617 319 2644 1
432 2604 488 2644 H.
546 2604 654 2645 Cum
680 2620 774 2660 spes
801 2605 930 2645 maior
954 2603 1269 2658 imperatoribus
1297 2602 1495 2643 Romanis
1520 2601 1562 2640 in
1593 2599 1703 2640 obsi-

349 2665 468 2706 dione
492 2681 614 2719 quam
641 2668 681 2707 in
707 2667 1013 2722 obpugnatione
1039 2673 1160 2715 esset,
1187 2665 1452 2707 hibernacula
1476 2663 1610 2710 etiam,
1635 2675 1701 2700 rcs

348 2741 453 2767 nova
478 2729 594 2769 militi
619 2729 825 2778 Romano,
864 2729 1068 2770 aedificari
1095 2735 1257 2782 coepta,
1296 2726 1591 2776 consiliumque
1617 2730 1701 2762 erat
