1780 3204
480 255 634 290 LIBER
659 256 767 297 VIII,
793 256 846 290 35.
865 255 919 289 36.
947 257 996 300 [a.
1014 254 1182 299 C.325s4]
1428 247 1511 288 435

152 361 295 402 ratoris
321 360 532 415 pugnavit,
561 360 633 401 sed
659 374 790 400 noxae
816 359 1033 400 damnatus
1059 359 1234 400 donatur
1258 359 1510 414 1101111101ἷο-

153 438 286 471 mano,
308 423 483 462 donatur
507 421 746 463 tribuniciae
771 422 965 476 potestati
989 421 1231 476 precarium,
1251 436 1334 461 non
1356 421 1508 462 iustum

154 484 351 525 auxilium
377 484 535 524 fcrenti.
573 484 678 533 vive,
702 483 855 536 Quinte
874 484 992 534 Fabi,
1019 484 1178 525 felicior
1201 484 1280 525 1100
1305 498 1510 525 000500511

154 546 329 587 civitatis
361 546 413 586 ad
444 546 641 586 tuendum
673 552 710 586 te
736 560 859 599 quam
886 561 968 600 qua
999 545 1121 601 paulo
1147 552 1239 587 ante
1271 545 1508 586 exsultabas

153 609 340 657 victoria,
367 608 478 657 vive,
505 608 547 648 id
571 608 732 649 facinus
759 624 903 658 ausus,
930 609 1046 649 cuius
1073 608 1146 649 tibi
1171 623 1222 648 ne
1247 623 1396 662 parens
1421 608 1511 661 qui-

153 670 260 718 dem,
289 670 323 710 si
351 670 496 710 eodem
520 670 611 710 1000
637 670 794 719 fuisset,
822 686 903 724 quo
929 670 1007 711 fuit
1031 671 1085 711 L.
1110 670 1317 725 Papirius,
1344 670 1508 711 veniam

153 733 346 773 dedisset.
396 746 557 772 mecum
588 738 631 772 ut
662 733 775 773 voles
807 733 1022 774 reverteris
1053 733 1095 773 10
1125 733 1318 788 gratiam3
1356 732 1509 787 populo

154 794 363 842 Romano,
397 794 462 834 0111
487 794 613 834 vitam
639 794 784 844 debes,
818 795 919 835 nihil
950 795 1082 835 maius
1107 795 1360 849 praestiteris
1386 809 1510 848 quam

154 857 188 896 si
213 856 279 896 hic
305 855 378 896 tibi
404 856 491 896 dies
525 856 623 896 satis
655 856 891 897 documenti
922 857 1096 906 dederit,
1129 863 1174 897 ut
1204 856 1312 898 bello
1337 871 1385 897 30
1409 870 1510 911 pace

153 918 238 971 pati
270 917 453 972 legitima
484 918 656 972 imperia
680 918 843 972 possis?
892 933 985 959 cum
1012 934 1055 959 se
1080 918 1180 959 nihil
1207 918 1356 959 morari
1380 918 1511 973 magi-

154 989 283 1020 strum
309 980 491 1032 equitum
515 981 833 1034 pronuntiasset,
856 981 1099 1036 degressum
1130 996 1225 1022 eum
1249 981 1403 1036 templo
1428 981 1511 1022 lae-

153 1048 218 1081 tus
241 1048 419 1091 senatus,
440 1041 584 1082 laetior
602 1043 793 1096 populus,
814 1043 1054 1084 circumfusi
1075 1058 1122 1084 30
1141 1043 1394 1098 gratulantes
1414 1043 1510 1083 hinc

154 1105 350 1158 magistro
377 1104 572 1156 equitum,
594 1104 688 1145 hinc
708 1105 906 1153 dictatori,
926 1106 1135 1159 prosecuti
1155 1113 1263 1154 sunt,
1285 1106 1510 1146 firmatum-

153 1180 231 1218 que
256 1166 472 1219 impcrium
496 1166 670 1206 militare
695 1166 806 1207 haud
825 1167 960 1207 minus
980 1167 1162 1221 periculo
1178 1166 1230 1219 Q.
1245 1167 1366 1207 Fabii
1386 1182 1510 1220 quam

154 1227 355 1281 supplicio
380 1227 603 1268 miserabili
628 1228 903 1269 adulescentis
930 1228 1079 1269 Manlii
1104 1229 1333 1270 videbatur.

231 1289 355 1329 Forte
386 1289 443 1329 ita
468 1303 516 1329 eo
542 1304 650 1330 anno
676 1291 823 1339 evcnit,
851 1297 913 1339 ut,
941 1291 1311 1345 quotienscumque
1337 1291 1511 1332 dictator

151 1350 203 1391 ab
229 1351 618 1410 exercitureccssit,
645 1351 785 1393 hostes
811 1352 854 1392 in
881 1351 1053 1394 Samnio
1079 1361 1355 1395 moverentur.
1404 1360 1513 1394 cete-

149 1428 241 1453 rum
266 1413 308 1453 in
334 1413 462 1454 oculis
489 1414 723 1468 exemplum
744 1422 831 1456 erat
851 1414 903 1468 Q.
919 1415 1075 1457 Fabius
1095 1416 1156 1457 M.
1172 1416 1339 1458 Valerio
1359 1416 1509 1471 legato,

150 1475 221 1528 qui
248 1475 393 1515 castris
425 1483 629 1530 praeerat,
661 1491 712 1517 ne
738 1491 863 1531 quam
894 1478 978 1518 1110
1009 1478 1192 1519 hostium
1224 1479 1357 1533 magis
1384 1493 1509 1532 quam

151 1545 307 1578 trucem
334 1538 543 1579 dictatoris
570 1539 672 1579 iram
699 1540 870 1581 timeret.
913 1541 1051 1594 itaque
1077 1541 1395 1583 frumentatores
1415 1556 1508 1582 cum

151 1599 419 1640 circumventi
445 1614 496 1640 ex
521 1601 681 1641 insidiis
709 1602 818 1642 caesi
842 1602 933 1643 1000
959 1603 1099 1656 1111(1110
1126 1610 1277 1652 0550111,
1310 1603 1510 1643 creditum

150 1661 276 1716 vulgo
303 1669 376 1710 cst,
405 1661 614 1703 subveniri
634 1663 692 1703 015
713 1663 764 1704 ab
785 1664 922 1717 legato
947 1665 1144 1718 potuisse,
1167 1665 1209 1704 ni
1228 1664 1358 1705 tristia
1377 1664 1511 1704 edicta

151 1723 441 1764 exhorruisset.
492 1739 539 1764 ea
565 1738 728 1777 quoquc
754 1726 814 1766 ira
839 1726 1032 1767 alienavit
1057 1743 1081 1767 a
1106 1727 1303 1766 dictatore
1335 1726 1510 1766 militum

152 1786 309 1825 animos
351 1786 433 1825 iam
477 1792 569 1826 ante
605 1787 808 1836 infensos,
847 1789 959 1841 quod
999 1788 1255 1842 inplacabilis
1295 1787 1347 1840 Q.
1379 1787 1511 1829 Fabio

152 1847 299 1887 suisset
331 1856 370 1887 et
401 1848 512 1900 quod
543 1849 627 1889 suis
659 1849 850 1903 precibus
882 1858 1094 1905 negasset,
1128 1851 1215 1891 cius
1247 1851 1400 1905 populo
1426 1851 1510 1892 Ro-

152 1923 274 1948 mano
300 1908 462 1948 veniam
488 1909 682 1950 dedisset.
927 1927 930 1929 ’

236 1967 459 2010 XXXVI.
502 1969 732 2024 Postquam
763 1972 936 2013 dictator
971 1973 1206 2027 praeposito
1242 1974 1284 2014 in
1321 1974 1421 2015 urbe
1452 1975 1505 2016 L.

152 2030 319 2084 Papirio
353 2030 526 2080 Crasso,
564 2033 762 2087 magistro
794 2035 977 2087 equitum
1004 2034 1056 2087 Q.
1082 2034 1214 2076 Fabio
1245 2036 1370 2076 vetito
1396 2036 1510 2089 quic-

152 2107 275 2145 quam
301 2108 374 2147 pro
394 2094 638 2148 magistratu
663 2110 797 2149 agere,
819 2096 862 2136 in
881 2103 1015 2137 castra
1038 2097 1169 2146 rediit,
1190 2111 1323 2150 neque
1350 2098 1508 2139 civibus

154 2154 253 2195 satis
278 2154 410 2195 lactus
436 2156 637 2196 adventus
664 2157 750 2197 eius
777 2157 854 2198 fuit
878 2173 954 2199 nec
979 2158 1166 2200 hostibus
1193 2159 1413 2213 quicquam
1439 2161 1511 2200 ad-

153 2215 244 2255 tulit
262 2217 438 2257 terroris.
481 2232 658 2270 namque
678 2226 841 2272 postero
861 2220 938 2269 die,
961 2235 1033 2261 seu
1052 2220 1185 2275 ignari
1202 2221 1365 2262 venisse
1384 2221 1511 2262 dicta-

153 2288 282 2318 torem
320 2293 392 2319 5011
429 2279 593 2320 adesset
623 2295 674 2320 an
706 2280 869 2322 abesset
904 2283 1020 2336 parvi
1056 2283 1273 2333 facientes,
1311 2283 1510 2324 instructa

1540 1305 1577 1333 10

1539 1555 1572 1583 ll

1540 1740 1576 1768 12

1536 2235 1554 2263 10

153 2340 239 2380 acie
270 2341 323 2381 ad
353 2347 486 2382 castra
515 2350 789 2385 accesserunt.
839 2352 1020 2386 ceterum
1051 2352 1211 2386 tantum
1241 2347 1438 2386 momenti
1468 2347 1509 2387 in
1536 2359 1553 2387 :3

153 2417 235 2442 uno
260 2403 347 2443 viro
372 2403 424 2443 L.
451 2403 618 2458 Papirio
649 2405 746 2455 fuit,
778 2412 841 2456 ut,
875 2407 909 2448 si
934 2407 1050 2448 ducis
1077 2408 1247 2449 consilia
1271 2408 1389 2449 favor
1413 2409 1511 2450 sub-

154 2470 318 2504 secutus
356 2465 531 2506 militum
563 2466 684 2516 foret,
723 2467 919 2509 debellari
949 2484 997 2510 eo
1029 2469 1094 2510 die
1126 2484 1219 2510 cum
1253 2468 1508 2511 Samnitibus

152 2526 337 2579 potuisse
362 2541 435 2580 pro
462 2527 571 2568 haud
602 2529 726 2570 dubio
753 2529 938 2571 habitum
965 2531 1033 2572 sit:
1071 2531 1127 2572 ita
1157 2532 1350 2572 instruxit
1379 2532 1509 2573 aciem

153 2586 243 2627 loco
269 2602 317 2628 30
343 2588 550 2638 subsidiis,
578 2590 634 2631 ita
659 2591 770 2632 omni
795 2598 879 2632 arte
905 2592 1052 2633 bellica
1076 2592 1265 2634 firmavit.
1303 2600 1509 2635 cessatum

154 2663 178 2688 a
203 2649 329 2690 milite
355 2665 403 2691 30
428 2651 478 2691 (10
509 2652 725 2703 industria,
758 2661 803 2694 ut
832 2654 1127 2695 obtrectaretur
1155 2655 1346 2697 laudibus
1378 2656 1506 2705 (111015,

154 2709 336 2765 inpedita
367 2712 536 2754 victoria
568 2720 641 2755 est.
690 2715 828 2769 plures
856 2715 1104 2758 Samnitium
1136 2718 1338 2767 cecidere,
1369 2718 1507 2772 plures

1217 2783 1284 2818 28*
