1780 3204
436 214 588 248 LIBER
614 215 650 257 1,
679 214 799 247 2⁸:21.
830 212 1143 256 [actm-072]
1412 206 1466 244 ²223

112 328 176 362 tur
207 319 414 360 flaminem
446 318 534 357 Iovi
567 317 786 357 adsiduum
818 316 1071 357 sacerdotem
1108 315 1261 356 creavit
1296 316 1468 370 insigni-

111 396 191 435 que
217 396 312 421 eum
336 387 449 420 veste
478 386 515 419 et
541 378 670 419 curuli
695 378 808 432 regia
834 378 933 418 sella
964 378 1189 418 adornavit.
1242 377 1337 417 huic
1363 378 1466 418 duos

111 443 296 484 flamines
323 441 487 490 adiecit,
514 440 642 481 Marti
666 455 812 488 unum,
845 439 1016 480 alterum
1045 439 1236 490 Quirino,
1268 439 1468 494 virgines-
1495 459 1512 484 ρ,

111 520 189 558 que
222 504 376 544 Vestae
412 503 529 557 legit,
566 502 679 542 Alba
715 501 932 542 oriundum
970 502 1244 542 sacerdotium
1281 509 1320 541 et
1356 502 1468 555 genti

111 566 332 607 conditoris
357 565 469 605 haud
493 564 682 605 alienum.
720 564 782 613 iis,
808 571 852 604 ut
878 563 1074 604 adsiduae
1101 564 1241 617 templi
1267 563 1468 604 antistites

111 636 266 677 essent,
300 628 551 682 stipendium
576 627 626 667 de
651 626 817 681 publico
843 626 1002 674 statuit,
1036 626 1270 680 virginitate
1296 626 1468 678 aliisque

111 690 369 732 caerimoniis
395 689 649 730 venerabiles
676 704 723 729 ac
750 696 912 729 sanctas
940 689 1047 729 fecit.

197 752 333 794 Salios
359 753 455 792 item
482 751 699 791 duodecim
724 751 852 791 Marti
878 749 1062 792 Gradivo
1092 750 1192 805 legit
1224 751 1467 804 tunicaeque

109 815 241 869 pictae
266 814 427 869 insigne
459 813 570 853 dedit
602 820 641 853 et
667 827 790 867 super
814 813 995 852 tunicam
1027 827 1199 853 aeneum
1230 813 1384 866 pectori
1411 820 1469 853 te-

110 892 262 933 gumen
287 876 559 928 caelestiaque
583 890 715 923 arma,
747 889 852 928 quae
878 875 1025 915 ancilia
1055 875 1329 929 appellantur,
1364 875 1469 916 ferre

110 954 156 980 ac
192 954 266 994 per
301 938 444 979 urbem
479 938 538 977 ire
576 944 767 977 canentes
805 937 986 977 carmina
1025 951 1117 977 cum
1162 938 1349 991 tripudiis
1375 939 1469 979 ‘sol-

110 1001 314 1054 lemnique
341 1000 491 1040 saltatu
514 998 645 1039 iussit.

192 1061 438 1102 Pontificem
463 1061 610 1101 deinde
635 1060 814 1101 Numam
840 1060 1060 1109 Marcium,
1087 1060 1222 1101 Marci
1247 1062 1389 1111 filium,
1418 1077 1468 1102 ex

107 1123 291 1178 patribus
322 1123 422 1177 legit
452 1123 571 1175 eique
603 1136 720 1162 sacra
756 1122 894 1162 omnia
931 1123 1136 1176 exscripta
1169 1123 1467 1177 exsignataque

106 1185 306 1233 attribuit,
344 1183 494 1237 quibus
520 1183 684 1233 hostiis,
722 1183 872 1237 quibus
899 1184 1063 1233 diebus,
1103 1184 1285 1237 adquae
1317 1185 1468 1239 templa

107 1261 221 1287 sacra
246 1246 389 1286 fierent
413 1252 535 1298 atque
561 1246 669 1286 unde
696 1246 738 1286 in
763 1260 833 1286 eos
860 1258 1049 1300 sumptus
1076 1247 1252 1300 pecunia
1279 1262 1469 1302 erogare-

105 1319 182 1348 tur.
232 1315 367 1348 cetera
391 1322 554 1361 quoque
580 1308 718 1348 omnia
746 1307 913 1362 publica
944 1308 1186 1362 privataque
1219 1323 1334 1349 sacra
1366 1324 1469 1363 pou—

106 1369 224 1410 tificis
251 1369 362 1410 scitis
390 1369 581 1418 subiecit,
619 1381 664 1410 ut
689 1377 817 1419 esset,
858 1384 940 1423 quo
966 1370 1200 1411 consultum
1231 1371 1373 1425 plebes
1400 1386 1470 1412 ve-

105 1432 226 1481 niret,
264 1446 315 1472 ne
341 1431 440 1485 quid
465 1432 594 1472 diffini
618 1432 718 1472 iuris
748 1432 1009 1487 neglegendo
1040 1433 1193 1487 patrios
1226 1433 1327 1473 ritus
1354 1448 1469 1488 pere-

1496 1323 1513 1350 o*

105 1494 325 1549 grinosque
351 1494 621 1535 adsciscendo
646 1494 891 1543 turbaretur,
919 1509 993 1535 nec
1014 1495 1212 1535 caelestes
1233 1496 1356 1536 modo
1378 1510 1468 1536 cae·
1497 1509 1511 1535 ῖ

106 1556 320 1605 rimonias,
360 1556 431 1596 sed
457 1556 566 1597 iusta
590 1570 754 1609 quoque
779 1556 969 1597 funebria
993 1557 1299 1611 placandosque
1324 1573 1467 1598 manes

108 1626 150 1657 ut
184 1617 293 1658 idem
323 1617 511 1672 pontifex
548 1618 737 1659 edoceret
774 1632 962 1671 quaeque
1000 1619 1187 1674 prodigia
1226 1619 1468 1660 fulminibus

106 1679 237 1720 aliove
273 1693 355 1732 quo
391 1680 484 1720 visu
524 1680 653 1721 missa
696 1680 1002 1735 susciperentur
1045 1689 1170 1733 atque
1215 1694 1465 1722 curarentur.

107 1740 160 1779 ad
190 1754 238 1780 ea
268 1740 468 1781 elicienda
499 1755 550 1781 ex
579 1741 787 1782 mentibus
819 1742 968 1782 divinis
996 1742 1086 1782 Iovi
1116 1742 1251 1782 Elicio
1284 1758 1395 1783 aram
1427 1743 1467 1782 in

107 1801 317 1842 Aventino
342 1802 493 1842 dicavit
517 1803 721 1856 deumque
748 1803 951 1844 consuluit
979 1804 1180 1857 auguriis,
1209 1818 1312 1857 quae
1340 1805 1469 1845 susci-

108 1862 258 1916 pienda
284 1871 433 1904 essent.

193 1923 327 1965 XXI.
378 1924 450 1965 Ad
480 1925 581 1966 haec
613 1926 883 1967 consultanda
909 1927 1250 1980 procurandaque
1281 1928 1465 1968 multitu-

109 1986 202 2026 dine
227 1987 339 2027 omni
363 2003 386 2027 a
411 1988 452 2028 vi
477 1996 517 2029 et
541 1988 664 2029 armis
690 2003 902 2038 conversa,
929 1997 967 2030 et
987 1989 1113 2029 animi
1133 1989 1287 2043 aliquid
1306 1991 1467 2045 agendo

109 2049 296 2103 occupati
322 2056 436 2090 erant
462 2058 501 2090 et
525 2050 695 2091 deorum
727 2051 894 2091 assidua
918 2051 1101 2091 insidens
1134 2066 1249 2100 cura,
1288 2067 1382 2092 cum
1407 2053 1467 2093 in—

108 2119 261 2152 teresse
285 2112 409 2153 rebus
434 2112 624 2153 humanis
657 2113 832 2154 caeleste
863 2128 1016 2153 numen
1045 2113 1270 2162 videretur,
1309 2129 1357 2155 ea
1380 2115 1467 2169 pie-

109 2179 190 2213 tate
222 2174 405 2214 omnium
442 2182 607 2229 pectora
637 2174 857 2224 imbuerat,
895 2182 939 2215 ut
969 2175 1072 2216 fides
1103 2190 1151 2216 ac
1181 2175 1464 2217 iusiurandum
1499 2202 1503 2206 -

108 2235 296 2288 proximo
321 2236 461 2292 legum
487 2251 535 2277 ac
559 2251 785 2291 poenarum
810 2245 922 2277 metu
948 2237 1154 2278 civitatem
1182 2246 1382 2293 regerent.
1427 2246 1465 2279 et

109 2312 202 2337 cum
227 2298 307 2352 ipsi
332 2313 376 2339 se
402 2299 589 2340 homines
614 2299 657 2339 in
681 2300 809 2354 regis,
836 2300 948 2340 velut
973 2300 1082 2340 unici
1108 2301 1304 2354 exempli,
1331 2316 1465 2342 mores

109 2358 342 2409 formarent,
370 2368 456 2401 tum
469 2361 642 2401 finitumi
662 2362 782 2402 etiam
802 2361 956 2416 populi,
984 2362 1053 2415 qui
1073 2369 1192 2403 antea
1213 2370 1359 2412 castra,
1384 2379 1466 2404 non

110 2420 250 2462 urbem
275 2423 452 2476 positam
476 2424 519 2463 in
543 2424 679 2465 medio
704 2425 757 2465 ad
782 2425 1080 2465 sollicitandam
1112 2426 1294 2466 omnium
1320 2441 1465 2480 pacem

108 2484 382 2535 crediderant,
420 2486 460 2525 in
487 2500 577 2526 eam
604 2487 893 2528 verecundiam
919 2488 1084 2528 adducti
1111 2494 1222 2536 sunt,
1255 2495 1299 2528 ut
1325 2489 1465 2529 civita-

109 2557 190 2585 tem
227 2553 354 2587 totam
390 2547 432 2587 in
469 2547 624 2588 cultum
666 2562 828 2589 versam
871 2549 1041 2590 deorum
1085 2549 1227 2590 violari
1270 2550 1463 2591 ducerent

107 2608 237 2649 nefas.

1493 2254 1510 2282 {Q

190 2671 334 2711 Lucus
362 2678 464 2720 erat,
502 2686 623 2725 quem
652 2673 830 2713 medium
863 2688 913 2714 cx
945 2688 1073 2728 opaco
1099 2689 1225 2728 specu
1255 2674 1347 2716 fons
1374 2689 1463 2729 pcr-
1490 2690 1508 2719 3
