1835 3226
292 1188 310 1216 Ν)

332 197 415 238 480
591 201 746 236 LIBER
770 200 902 244 V1111,
928 199 981 233 35.
1001 200 1055 233 36.
1083 201 1132 242 [a.
1146 210 1180 233 u.
1196 210 1227 234 c.
1241 199 1356 243 444s5]

333 308 456 350 bilem
482 306 611 347 aciem
636 304 912 357 redintegrato
932 301 1108 342 clamore
1135 301 1284 343 strictis
1309 301 1458 356 gladiis
1478 302 1628 343 hastati
1648 310 1689 345 et

332 368 536 424 principes
567 365 778 406 invadunt.
834 378 927 404 eum
957 363 1157 417 impetum
1186 377 1269 404 non
1299 363 1478 404 tulerunt
1506 363 1687 414 Etrusci,

333 430 544 482 versisque
571 427 699 482 signis
726 426 826 481 fuga
852 425 985 466 effusa
1009 432 1144 466 castra
1173 432 1375 479 repetunt.
1427 425 1501 466 sed
1531 425 1688 479 equites

334 490 511 533 Romani
541 488 749 544 praevecti
778 503 851 542 per
881 487 1048 541 obliqua
1079 487 1214 542 campi
1245 502 1339 528 cnm
1365 502 1408 528 sc
1433 487 1688 542 fugientibus

334 553 595 600 obtulissent,
623 551 777 592 omisso
803 550 855 591 ad
880 556 1013 590 castra
1037 549 1179 591 itinere
1205 556 1364 593 montes
1390 556 1546 604 petunt.
1595 549 1689 590 inde

333 615 477 656 inermi
500 627 631 669 paene
657 612 820 668 agmine
840 626 887 652 ac
906 617 1054 652 vexato
1080 611 1318 652 vulnen'bus
1338 611 1380 652 in
1400 611 1545 652 silvam
1562 610 1690 652 Cimi-

333 678 444 719 niam
474 681 745 731 penetratum.
799 674 1015 715 Romanus
1046 673 1186 714 multis
1223 673 1388 714 milibus
1419 672 1691 713 Etruscorum

334 740 484 788 caesis,
510 736 920 792 duodequadraginta
952 735 1080 790 signis
1111 735 1354 777 militaribus
1386 735 1529 790 captis,
1548 735 1691 776 castris

334 803 457 844 etiam
482 801 663 842 hostium
689 815 782 840 cum
806 799 959 854 praeda
983 799 1141 854 ingenti
1165 799 1329 853 potitur.
1367 805 1454 839 tum
1479 798 1529 838 de
1554 812 1693 853 perse-

334 865 497 919 quendo
522 864 641 904 hoste
667 863 815 917 agitari
847 869 1052 916 coeptum.

419 925 642 968 XXXVI.
684 924 800 966 Silva
825 936 910 965 erat
937 923 1116 965 Ciminia
1147 923 1280 978 magis
1313 930 1399 964 tum
1428 923 1539 964 invia
1571 929 1692 976 atquc

334 989 536 1031 horrenda
571 1002 695 1041 quam
730 1001 861 1041 nuper
896 985 1011 1027 fuere
1045 984 1282 1027 Germanici
1319 985 1466 1035 saltus,
1503 985 1605 1026 nulli
1640 985 1693 1026 ad

335 1067 424 1093 eam
445 1051 552 1091 diem
577 1065 629 1090 ne
653 1056 925 1090 mercatorum
951 1048 1116 1102 quidem
1142 1048 1264 1088 adita.
1305 1062 1395 1088 eam
1414 1048 1563 1088 intrare
1582 1044 1716 1087 haud'

335 1114 420 1154 fere
445 1113 664 1166 quisquam
695 1118 855 1165 praeter
880 1110 1025 1151 ducem
1051 1110 1188 1164 ipsum
1214 1109 1409 1150 audebat:
1447 1109 1536 1150 aliis
1563 1108 1694 1150 omni-

335 1176 413 1217 bus
440 1175 566 1215 cladis
583 1173 796 1215 Caudinae
820 1173 1003 1213 nondum
1028 1172 1226 1213 memoria
1251 1171 1498 1213 aboleverat.
1535 1179 1623 1212 tum
1643 1185 1694 1211 ex

335 1238 385 1279 iis
411 1237 481 1290 qui
506 1237 674 1277 aderant
693 1261 746 1264 —
767 1234 946 1275 consulis
972 1234 1139 1275 fratrem
1166 1234 1226 1274 M.
1242 1234 1432 1283 Fabium,
1461 1233 1694 1275 Caesonem

337 1300 417 1349 alii,
439 1298 487 1340 C.
505 1297 726 1339 Claudium
752 1297 918 1350 quidam
937 1302 1066 1336 matre
1086 1296 1230 1336 eadem
1250 1310 1331 1349 qua
1350 1295 1560 1337 consulem
1579 1294 1694 1349 geni-

337 1370 424 1401 tum
450 1360 615 1401 tradunt
639 1383 694 1387 -
719 1357 975 1413 speculatum
1008 1372 1050 1398 se
1075 1358 1227 1398 iturum
1257 1357 1470 1412 professus
1496 1356 1693 1409 brevique

294 1437 312 1465 :3
339 1423 475 1463 omnia
511 1428 621 1463 certa
657 1420 900 1462 adlaturum.
957 1418 1089 1461 Caere
1121 1419 1317 1460 educatus
1349 1419 1459 1473 apud
1494 1418 1691 1472 hospites,

336 1483 528 1525 Etruscis
559 1483 654 1523 inde
684 1482 829 1522 litteris
856 1481 1039 1522 eruditus
1066 1488 1151 1522 erat
1181 1481 1447 1536 linguamque
1471 1480 1692 1521 Etruscam

336 1545 463 1601 probe
489 1550 670 1586 noverat.
714 1542 847 1592 habeo
873 1550 1073 1592 auctores,
1099 1542 1224 1597 vulgo
1249 1549 1336 1583 tum
1355 1542 1566 1583 Romanos
1592 1555 1692 1595 pue-

336 1622 417 1657 ros,
445 1607 550 1649 sicut
572 1620 682 1647 nunc
698 1603 883 1654 Graecis,
903 1604 960 1645 ita
971 1604 1161 1645 Etruscis
1186 1604 1331 1644 litteris
1358 1604 1507 1644 crudiri
1533 1603 1690 1644 solitos:

340 1671 412 1713 sed
436 1670 604 1725 propius
631 1676 693 1710 est
718 1683 828 1717 vero,
854 1666 1123 1723 praecipuum
1148 1666 1303 1721 aliquid
1327 1668 1457 1708 fuisse
1481 1668 1524 1708 in
1542 1682 1602 1717 eo,
1623 1664 1692 1721 qui

339 1748 381 1775 se
406 1740 490 1773 tam
515 1732 661 1773 audaci
687 1730 946 1772 simulatione
971 1729 1159 1771 hostibus
1184 1729 1448 1770 inmiscuerit.
1494 1743 1636 1769 servus
1657 1729 1694 1769 ei

339 1796 486 1836 dicitur
510 1808 648 1835 comes
673 1808 779 1834 unus
805 1792 953 1842 fuisse,
980 1793 1157 1833 nutritus
1183 1807 1265 1832 una.
1290 1806 1419 1845 eoque
1445 1790 1555 1832 haud
1578 1790 1695 1845 igna-

339 1873 407 1898 rus
439 1857 605 1911 linguae
636 1855 844 1902 eiusdem;
880 1869 957 1896 nec
986 1855 1206 1908 quicquam
1243 1853 1352 1894 aliud
1388 1852 1694 1908 proficiscentes

339 1935 463 1973 quam
489 1917 725 1959 summatim
749 1916 942 1972 regionis,
969 1931 1075 1970 quae
1099 1916 1287 1957 intranda
1312 1922 1409 1965 erat,
1436 1921 1623 1956 naturam
1648 1927 1697 1955 ao

339 1981 505 2023 nomina
528 1980 761 2035 principum
785 1979 827 2019 in
849 1978 1013 2033 populis
1045 1992 1258 2033 accepere,
1290 1992 1341 2018 ne
1366 1991 1448 2031 qua
1471 1977 1576 2017 inter
1600 1990 1696 2017 con-

339 2043 478 2097 loquia
513 2042 668 2097 insigni
708 2047 806 2082 nota
846 2041 1097 2082 haesitantes
1134 2039 1331 2094 deprendi
1372 2045 1553 2094 possent.
1613 2037 1696 2078 iere

339 2104 535 2161 pastorali
559 2104 720 2153 habitu,
748 2102 981 2159 agrestibus
1008 2102 1117 2152 telis,
1143 2101 1319 2143 falcibus
1344 2101 1563 2156 gaesisque
1587 2099 1695 2141 binis

340 2167 496 2209 armati.
546 2166 619 2208 sed
636 2180 776 2219 neque
802 2165 1095 2206 commercium
1119 2164 1284 2219 linguae
1308 2178 1385 2204 nec
1409 2163 1536 2204 vestis
1563 2176 1696 2203 armo-

339 2244 482 2271 rmnve
501 2228 666 2270 habitus
687 2227 746 2269 sic
766 2241 836 2268 eos
855 2227 955 2267 texit
988 2241 1115 2280 quam
1131 2226 1242 2280 quod
1261 2224 1505 2266 abhorrebat
1524 2224 1575 2265 ab
1601 2223 1694 2273 fide,

340 2306 590 2347 quemquam
621 2297 834 2331 externum
861 2288 1060 2330 Ciminios
1094 2288 1221 2329 saltus
1252 2288 1508 2328 intraturum.
1563 2299 1696 2340 usque

341 2356 393 2396 ad
419 2354 632 2396 Camertes
658 2352 842 2395 Umbros
867 2359 1104 2407 penetrasse
1130 2352 1333 2392 dicuntur.
1381 2350 1438 2392 ibi
1463 2350 1534 2404 qui
1559 2356 1696 2391 essent

341 2417 460 2458 fateri
485 2417 720 2458 Romanum
752 2430 899 2456 ausum
929 2414 1289 2467 introductumque
1319 2413 1361 2454 in
1388 2419 1575 2454 senatum
1600 2426 1696 2453 con-

344 2480 441 2521 sulis
478 2479 615 2520 verbis
652 2478 788 2533 egisse
824 2477 874 2518 de
912 2477 1105 2518 societate
1147 2476 1407 2529 amicitiaque
1443 2482 1565 2528 atque
1600 2473 1696 2514 inde

343 2542 449 2582 comi
479 2541 657 2595 hospitio
689 2546 904 2594 acceptum
935 2538 1121 2579 nuntiare
1145 2537 1345 2578 Romanis
1376 2537 1553 2585 iussum,
1586 2550 1696 2576 com-

345 2611 523 2643 meatum
549 2602 746 2643 exercitui
772 2602 930 2642 dierum
956 2600 1122 2656 triginta
1147 2606 1310 2654 praesto
1335 2599 1442 2648 fore,
1475 2598 1510 2639 si
1534 2612 1582 2638 ea
1605 2596 1694 2637 loca

345 2665 535 2706 intrasset
564 2665 901 2718 iuventutemque
929 2662 1184 2705 Camertium
1218 2661 1469 2703 Umbrorum
1500 2659 1542 2699 in
1572 2657 1693 2699 armis
