1835 3226
329 280 410 320 204
598 281 751 316 LIBER
777 280 869 324 1111,
899 280 1026 313 10.11.
1057 279 1412 322 [==.11.0.311-314]

327 388 587 430 condiciones
614 383 873 438 accipiendas
900 397 1004 432 esse,
1030 397 1114 423 non
1143 381 1335 422 ferendas
1366 382 1588 435 respondit,
1616 398 1683 423 ne-

326 464 424 504 que,
462 454 506 488 ut
537 446 722 487 venerint
753 445 805 485 ad
836 444 1138 499 oppugnandos
1171 443 1304 484 socios
1335 443 1478 497 populi
1508 443 1684 484 Romani

283 530 300 556 3
328 525 402 552 suo
427 508 606 557 arbitrio,
633 508 690 548 ita
715 507 897 547 abituros
918 505 1095 547 Volscos
1122 519 1225 547 esse.
1264 504 1359 545 dedi
1384 505 1684 558 imperatorem,

282 774 299 800 4

284 1146 301 1172 ἰ)

285 1269 302 1296 o'

288 1645 303 1672 7

286 1829 304 1857 S

325 588 438 614 arma
463 571 561 626 poni
585 569 710 618 iubet,
738 570 914 609 fatentes
940 568 1072 609 victos
1099 582 1142 608 se
1163 581 1255 608 esse
1275 572 1314 607 et
1332 566 1503 621 imperio
1522 580 1684 620 parere:

326 634 441 675 aliter
465 640 548 673 tam
574 631 821 673 abeuntibus
847 645 972 684 quam
1003 629 1265 670 manentibus
1293 643 1336 669 30
1355 628 1529 669 'hostem
1554 627 1686 668 infen-

327 711 418 737 sum
445 694 654 735 victoriam
681 693 816 748 potius
843 707 895 733 ex
913 691 1079 733 Volscis
1104 706 1229 745 quam
1249 705 1394 745 pacem
1414 690 1583 730 infidam
1602 689 1687 730 Ro-

327 772 435 798 mam
459 756 695 797 relaturum.
745 753 890 795 Volsci
916 753 1109 808 exiguam
1137 767 1252 807 spem
1276 752 1319 792 in
1343 752 1480 800 armis,
1508 751 1588 791 alia
1611 765 1687 790 un-

326 819 448 872 dique
479 817 659 866 abscisa,
699 831 793 857 cum
825 821 1114 869 temptassent,
1152 820 1315 869 praeter
1346 820 1482 854 cetera
1513 813 1688 853 adversa

326 882 415 922 loco
440 894 604 934 quoque
629 879 769 932 iniquo
795 879 847 919 ad
871 893 1055 933 pugnam
1081 876 1306 932 congressi,
1333 875 1533 929 iniquiore
1554 874 1605 915 ad
1624 873 1689 914 fu-

326 959 440 998 gam,
473 957 568 983 cum
593 941 644 982 ab
670 941 781 981 omni
805 947 920 995 parte
947 940 1232 988 caederentur,
1266 939 1319 979 ad
1341 952 1484 993 preces
1511 953 1534 978 a
1559 943 1688 978 certa·

327 1006 435 1046 mine
461 1004 570 1045 versi
595 1004 732 1044 dedito
757 1003 1002 1058 imperatore
1028 1001 1269 1054 traditisque
1296 1000 1420 1041 armis
1447 999 1523 1041 sub
1544 1000 1687 1054 iugum

327 1067 442 1108 missi
467 1081 561 1107 cum
588 1065 761 1121 singulis
786 1064 1044 1106 vestimentis
1069 1063 1318 1119 ignominiae
1345 1062 1555 1115 cladisque
1580 1061 1688 1116 pleni

328 1129 598 1169 dimittuntur.
649 1134 689 1168 et
714 1142 807 1168 cum
833 1127 944 1167 haud
968 1126 1112 1181 procul
1143 1125 1243 1166 urbe
1270 1124 1454 1165 Tusculo
1481 1123 1690 1164 consedis-

330 1197 438 1240 sent,
477 1197 614 1231 vetere
645 1189 977 1230 Tusculanorum
1009 1188 1102 1229 odio
1133 1188 1310 1228 inermes
1343 1186 1530 1241 oppressi
1567 1185 1689 1226 dede-

328 1260 422 1294 runt
446 1267 600 1308 poenas
627 1252 696 1292 vix
721 1252 873 1292 nuntiis
900 1251 1037 1292 caedis
1069 1250 1234 1291 relictis.
1284 1249 1497 1290 Romanus
1524 1247 1688 1288 Ardeae

329 1315 513 1357 turbatas
546 1315 745 1356 seditione
776 1329 840 1354 res
872 1313 1126 1368 principibus
1153 1313 1240 1353 cius
1272 1318 1409 1352 motus
1441 1310 1574 1352 securi
1599 1324 1689 1363 pcr-

330 1379 463 1420 cussis
499 1378 702 1431 bonisque
739 1391 879 1418 eorum
915 1377 957 1416 in
987 1375 1198 1430 publicum
1231 1374 1476 1415 Ardeatium
1513 1373 1688 1414 redactis

330 1441 580 1496 eomposuit;
619 1441 910 1494 demptamque
947 1439 1137 1479 iniuriam
1169 1437 1309 1478 iudicii
1346 1443 1458 1477 tanto
1490 1436 1688 1477 beneficio

329 1504 470 1559 populi
494 1503 672 1544 Romani
697 1501 901 1542 Ardeates
928 1501 1160 1549 credebant,
1189 1500 1349 1541 senatui
1375 1513 1592 1553 superesse
1618 1497 1690 1538 ali-

329 1567 429 1620 quid
459 1566 511 1606 ad
541 1564 761 1605 delendum
791 1563 981 1618 publicae
1012 1563 1206 1603 avaritiae
1243 1561 1541 1602 monimentum
1578 1560 1689 1600 vidc-

331 1629 462 1669 batur.
523 1626 666 1667 consul
703 1625 959 1679 triumphans
996 1625 1039 1664 in
1075 1623 1219 1665 urbem
1255 1623 1360 1663 redit
1397 1622 1548 1664 Cluilio
1585 1622 1688 1662 duce

330 1690 579 1731 Volscorum
603 1694 696 1728 anto
722 1702 885 1727 currum
912 1687 1034 1727 ducto
1060 1686 1334 1741 praelatisque
1361 1685 1513 1738 spoliis,
1541 1684 1690 1737 quibus

331 1752 585 1793 dearmatum
612 1749 836 1790 exercitum
861 1748 1042 1789 hostium
1069 1747 1145 1788 sub
1171 1747 1316 1801 iugum
1341 1747 1524 1786 miserat.

415 1811 643 1865 Aequavit‚
682 1810 793 1864 quod
817 1809 928 1850 haud
953 1809 1073 1849 facile
1100 1815 1179 1857 est,
1218 1807 1438 1860 Quinctius
1465 1807 1606 1848 consul
1633 1814 1692 1848 to-

330 1883 451 1932 gatus
483 1874 628 1915 armati
659 1872 834 1928 gloriam
865 1871 1067 1926 collegae,
1105 1886 1188 1924 qua
1224 1870 1466 1911 concordiae
1496 1869 1692 1924 pacisque

331 1937 601 1979 domesticam
626 1950 767 1976 curam
790 1935 880 1975 iura
904 1933 1054 1974 infimis
1083 1932 1337 1985 summisque
1363 1931 1616 1972 moderando
1637 1930 1693 1970 ita

333 2000 478 2048 tenuit,
512 2008 556 2039 ut
581 2012 676 2038 cum
702 2004 741 2038 et
765 2003 903 2051 patres
930 2010 1121 2036 severum
1147 1994 1359 2036 consulem
1386 2000 1425 2034 et
1449 1993 1566 2048 plebs
1593 1992 1692 2033 satis

333 2077 491 2104 comem
517 2059 773 2101 crediderint.
812 2064 853 2099 ct
877 2058 1075 2099 adversus
1101 2057 1286 2098 tribunos
1312 2056 1551 2097 auctoritate
1576 2055 1694 2109 plura

332 2140 456 2179 quam
482 2122 702 2164 certamine
728 2121 870 2162 tenuit.
914 2121 1093 2174 quinque
1120 2119 1357 2161 consulatus
1383 2118 1528 2159 codem
1554 2123 1692 2157 tenore

332 2187 439 2243 gesti
475 2186 639 2238 vitaque
676 2184 808 2225 omnis
852 2182 1120 2224 consulariter
1162 2187 1253 2222 acta
1293 2180 1518 2221 verendum
1561 2193 1692 2233 paene

332 2251 468 2304 ipsum
504 2247 638 2302 magis
675 2260 799 2299 quam
834 2245 1032 2286 honorem
1068 2243 1288 2285 faciebant.
1349 2257 1396 2283 eo
1438 2241 1693 2282 tribunorum

335 2310 572 2352 militarium
594 2309 708 2349 nulla
733 2307 886 2348 mentio
911 2307 975 2348 his
1002 2305 1241 2347 consulibus
1267 2305 1356 2345 fuit.

418 2373 500 2414 XI.
552 2370 757 2413 Consules
784 2376 923 2411 creant
946 2368 1008 2410 M.
1034 2368 1213 2410 Fabium
1237 2366 1511 2415 Vibulanum,
1543 2365 1695 2406 Postu-

336 2451 448 2476 mum
474 2432 1005 2475 Aebutium'Cornicinem.
1054 2429 1211 2471 Fabius
1243 2435 1283 2469 et
1307 2427 1514 2469 Aebutius
1546 2441 1694 2468 consu-

335 2499 412 2547 les,
456 2511 538 2551 quo
575 2495 720 2536 maiori
755 2494 909 2550 gloriae
945 2508 1081 2534 rerum
1118 2492 1229 2532 domi
1264 2490 1445 2544 forisque
1482 2495 1691 2544 gestarum

337 2560 554 2600 succedere
581 2573 624 2599 se
650 2557 889 2606 cernebant,
921 2555 1100 2596 maxime
1126 2560 1264 2595 autem
1289 2552 1597 2593 memorabilem
1622 2564 1693 2590 an-

337 2637 434 2661 num
454 2621 564 2675 apud
582 2620 775 2661 finitimos
797 2619 930 2660 socios
949 2618 1172 2670 hostesque
1186 2630 1291 2665 esse,
1317 2615 1428 2669 quod
1441 2611 1691 2654 Ardeatibus

294 2698 310 2724 :3
338 2684 377 2723 in
403 2699 444 2724 re
469 2684 682 2738 praecipiti
706 2689 819 2724 tanta
842 2682 949 2723 soret
974 2696 1072 2722 cura
1098 2680 1365 2727 subventum,
1393 2692 1440 2718 eo
1466 2673 1689 2729 inpensius,

339 2751 379 2784 ut
407 2745 585 2786 delerent
610 2760 778 2799 prorsus
805 2759 856 2785 ex
881 2743 1026 2785 animis
1058 2742 1271 2783 hominum
1303 2738 1513 2780 infamiam
1539 2734 1690 2782 iudicii,
