1780 3204
468 240 621 275 LIBER
647 241 720 285 111,
746 242 800 276 50.
819 242 872 276 51.
901 244 949 285 [a.
964 241 1002 276 C.
1015 242 1098 286 449]
1379 236 1457 276 171

109 350 293 399 emptum
328 344 372 384 in
407 344 575 385 exilium
611 344 747 386 abisse
783 345 980 395 dicerent,
1017 345 1299 400 perpulerunt,
1337 352 1382 387 ut
1411 348 1463 387 ad

108 421 221 446 arma
257 405 580 446 conclamaretur
609 406 886 460 vellerentque
917 407 1037 462 signa
1067 414 1106 448 et
1133 407 1312 448 Romam
1340 408 1463 462 profi-

108 467 367 508 ciscerentur.
417 467 654 516 decemviri,
688 468 810 508 simul
834 468 916 518 his,
949 483 1053 522 quae
1079 468 1289 518 videbant,
1316 469 1459 522 iisque,
1487 480 1524 509 1-2

108 543 213 581 quae
249 536 340 570 acta
373 529 534 570 Romae.
570 530 799 579 audierant,
842 530 1084 584 perturbati,
1123 530 1227 571 alius
1263 531 1305 570 in
1340 531 1462 571 aliam

109 598 268 644 partem
293 598 519 632 castrorum
545 591 597 632 ad
622 592 825 632 sedandos
850 598 986 632 motus
1012 592 1256 632 discurrunt.
1300 599 1339 633 et
1362 592 1463 633 leni-

110 659 170 691 ter
194 652 411 707 agentibus
436 667 680 707 responsum
705 668 788 694 non
816 653 1016 703 redditur3
1053 654 1271 708 imperium
1303 654 1339 694 si
1368 654 1460 707 quis

106 713 326 764 inhiberet,
358 721 398 756 et
421 715 530 756 viros
557 721 595 755 et
626 721 803 756 armatos
834 730 879 756 se
909 730 1000 756 esse
1031 716 1312 769 respondetur.
1362 722 1460 756 eunt
1488 730 1526 759 13

106 776 269 830 agmine
300 777 352 817 ad
382 776 526 817 urbem
552 784 591 816 et
615 776 870 817 Aventinum
893 777 1094 826 insidunt,
1127 783 1171 817 ut
1196 777 1369 831 quisque
1394 792 1462 818 oc-

106 846 302 888 currerat,
340 838 504 892 plebem
534 839 587 879 ad
615 839 879 892 repetendam
913 838 1143 879 libertatem
1180 840 1460 892 creandosque

106 898 289 940 tribunos
314 900 446 954 plebis
473 900 748 940 adhortantes.
787 900 866 940 alia
890 915 971 941 vox
995 900 1107 941 nulla
1126 900 1302 941 violenta
1322 901 1460 941 audita

105 966 177 1000 est.
229 969 415 1002 senatum
443 960 515 1015 Sp.
545 960 710 1016 Oppius
735 961 871 1002 habet.
919 962 1019 1002 nihil
1042 962 1177 1016 placet
1202 977 1345 1016 aspere
1371 963 1456 1018 agi:
1486 979 1523 1006 14

105 1021 256 1076 quippe
294 1023 345 1064 ab
377 1023 478 1077 ipsis
510 1024 652 1063 datum
682 1023 818 1064 locum
850 1023 1060 1064 seditionis
1092 1038 1195 1064 esse.
1245 1024 1460 1064 mittuntur
1486 1040 1526 1067 15>

106 1090 186 1124 tres
211 1084 337 1139 legati
362 1085 616 1134 consulares,
646 1083 718 1139 Sp.
740 1084 961 1138 Tarpeius,
990 1084 1038 1125 C.
1064 1085 1215 1134 Iulius,
1238 1084 1290 1126 P.
1319 1084 1459 1139 Sulpi-

105 1144 210 1198 cius,
248 1147 318 1200 qui
353 1153 594 1199 quaererent
625 1153 790 1186 senatus
821 1145 976 1193 verbis,
1015 1146 1131 1185 cuius
1171 1145 1288 1185 iussu
1324 1153 1456 1187 castra

101 1210 379 1252 deseruissent
409 1215 479 1248 aut
509 1208 607 1260 quid
632 1206 710 1248 sibi
733 1206 901 1255 vellent,
934 1206 1003 1259 qui
1033 1207 1177 1247 armati
1200 1206 1454 1248 Aventinum

100 1272 359 1314 obsedissent
399 1269 588 1321 belloque
631 1283 776 1309 averso
813 1267 864 1309 ab
900 1268 1088 1309 hostibus
1124 1269 1299 1322 patriam
1337 1285 1453 1310 suam

98 1334 314 1387 cepissent.
363 1345 445 1371 non
470 1330 600 1370 defuit
625 1330 736 1382 quod
759 1330 1092 1384 responderetur,
1126 1330 1265 1371 deerat
1290 1331 1360 1384 qui
1385 1331 1456 1371 da·
1484 1343 1522 1371 145

95 1402 156 1436 ret
179 1408 442 1448 responsum,
475 1392 688 1433 nullodum
713 1400 822 1433 certo
848 1392 951 1432 duce
976 1407 1051 1433 nec
1078 1392 1176 1433 satis
1208 1392 1454 1434 audentibus

97 1455 269 1511 singulis
301 1454 478 1495 invidiae
510 1469 553 1494 se
585 1454 743 1494 offerre.
792 1454 834 1494 id
864 1454 987 1495 modo
1019 1470 1042 1494 a
1071 1454 1332 1495 multitudine
1358 1469 1455 1495 con-

96 1517 317 1558 clamatum
342 1522 422 1565 est,
448 1522 492 1555 ut
512 1516 565 1556 L.
586 1515 798 1556 Valerium
825 1522 864 1556 et
887 1515 949 1556 M.
969 1516 1191 1556 Horatium
1217 1516 1269 1557 ad
1295 1531 1338 1557 se
1363 1516 1456 1557 mit-

96 1584 246 1620 terent:
278 1578 342 1618 his
369 1592 412 1618 se
438 1577 604 1618 daturos
629 1592 887 1632 responsum.

178 1639 255 1681 LI.
292 1639 490 1680 Dimissis
516 1639 662 1694 legatis
689 1640 881 1681 admonet
905 1640 1055 1680 milites
1075 1639 1318 1695 Verginius,
1344 1640 1386 1680 in
1410 1655 1453 1680 re
1482 1655 1491 1682 1

95 1716 177 1742 non
200 1701 381 1741 maxima
405 1700 526 1754 paulo
552 1708 645 1741 ante
670 1702 917 1755 trepidatum
942 1716 1052 1751 esse,
1084 1702 1181 1754 quia
1206 1702 1293 1742 sine
1320 1701 1452 1754 capite

95 1762 314 1802 multitudo
338 1761 479 1810 fuerit,
505 1776 848 1815 responsumque,
875 1777 1124 1816 quamquam
1143 1777 1226 1803 non
1244 1762 1450 1811 inutiliter,

95 1824 261 1864 fortuito
299 1829 436 1863 tamen
472 1824 605 1878 magis
644 1838 847 1866 consensu
884 1839 1008 1877 quam
1039 1824 1249 1864 communi
1280 1823 1450 1864 consilio

96 1899 200 1925 esse.
249 1884 427 1939 placere,
460 1885 603 1924 decem
633 1885 778 1933 creari,
812 1885 882 1937 qui
908 1900 1091 1925 summae
1115 1885 1174 1925 rei
1197 1891 1448 1939 praeessent,
1477 1899 1495 1928 ‘2

97 1946 343 1998 militarique
379 1945 532 1986 honore
568 1945 753 1986 tribunos
788 1946 965 1986 militum
1001 1946 1218 2000 appellare.
1268 1960 1362 1986 cum
1398 1947 1451 1987 ad
1476 1960 1494 1988 3

95 2023 189 2048 eum
213 2007 350 2061 ipsum
373 2006 551 2060 primum
576 2007 610 2047 is
636 2006 766 2047 honos
793 2007 1030 2056 deferretur,
1065 2007 1319 2048 ‘melioribus
1344 2008 1447 2049 meis

98 2069 323 2121 vestrisque
348 2068 470 2109 rebus
495 2069 718 2109 reservate'
743 2069 874 2121 inquit
901 2069 997 2109 ‘ista
1022 2069 1072 2109 de
1090 2084 1156 2109 me
1176 2069 1345 2119 iudicia3
1371 2085 1447 2111 nec
1473 2085 1493 2113 4

94 2131 194 2171 mihi
229 2130 313 2170 filia
347 2129 477 2170 inulta
511 2130 708 2171 honorem
743 2130 874 2170 ullum
908 2130 1133 2171 iucundum
1169 2145 1261 2172 esse
1296 2125 1476 2187 patitur-

93 2208 169 2234 nec
198 2193 241 2233 in
269 2192 505 2246 perturbata
534 2207 577 2233 re
606 2192 772 2247 publica
796 2207 865 2233 eos
892 2193 989 2233 utile
1015 2200 1076 2233 est
1099 2207 1290 2247 praeesse
1315 2193 1446 2243 vobis,

93 2255 162 2308 qui
197 2255 373 2308 proximi
407 2255 584 2295 invidiae
621 2255 712 2296 sint.
768 2255 802 2296 si
839 2255 929 2308 quis
962 2270 1061 2296 usus
1092 2256 1173 2296 mei
1204 2262 1283 2305 est,
1319 2256 1446 2297 nihilo
1473 2272 1490 2300 5

92 2317 225 2358 minor
260 2330 311 2356 ex
346 2316 504 2370 privato
542 2317 747 2371 capietur?
794 2317 850 2357 ita
886 2317 1028 2357 decem
1057 2332 1228 2358 numero
1260 2317 1444 2359 tribunos
1471 2332 1488 2361 6

95 2378 290 2418 militares
316 2384 466 2418 creant.

175 2439 319 2492 Neque
349 2439 392 2479 in
418 2438 585 2480 Sabinis
617 2440 771 2493 quievit
802 2440 1018 2481 exercitus.
1067 2440 1124 2481 ibi
1155 2455 1317 2494 quoque
1349 2456 1444 2482 auc·
1472 2456 1487 2484 ῖ

91 2508 175 2541 tore
200 2501 316 2541 Icilio
340 2500 650 2554 Numitorioque
683 2502 861 2542 secessio
886 2502 937 2542 ab
963 2502 1206 2542 decemviris
1232 2502 1342 2544 facta
1366 2510 1440 2553 est,

38 2595 41 2597 .
89 2578 171 2603 non
201 2563 356 2603 minore
387 2570 501 2603 motu
533 2564 762 2604 animorum
789 2562 899 2605 Sicci
929 2564 1066 2604 caedis
1097 2565 1296 2605 memoria
1325 2580 1442 2606 reno-

89 2630 184 2664 vata
220 2639 343 2677 quam
380 2639 502 2678 quem
539 2640 647 2666 nova
682 2625 794 2666 fama
824 2625 875 2666 de
909 2625 1063 2680 virgine
1095 2626 1198 2667 adeo
1233 2626 1353 2667 foede
1390 2628 1442 2668 ad

87 2683 298 2726 libidinem
324 2687 451 2741 petita
476 2688 729 2729 accenderat.
789 2687 929 2728 Icilius
955 2688 1025 2729 ubi
1051 2688 1223 2737 audivit,
1257 2689 1439 2731 tribunos
1467 2704 1486 2733 8
