1780 3204
371 249 525 284 LIBER
548 248 660 293 VIII,
686 247 739 282 16.
758 247 812 281 17.
840 249 889 290 [a.
903 245 942 281 C.
956 245 1151 289 337—332]
1353 234 1437 276 415

88 355 237 397 vellent
274 367 552 406 evasurosque
589 351 892 392 contenderent.
948 349 1129 398 Corvus,
1167 349 1265 403 quia
1299 348 1343 390 id
1377 363 1440 389 ar-
1464 360 1483 391 8

88 419 216 458 duum
252 416 364 457 factu
400 422 503 464 erat,
540 413 679 455 labore
715 413 889 453 militum
924 412 1062 468 potius
1099 426 1223 464 quam
1258 411 1440 465 periculo

88 493 284 534 peragere
309 478 518 531 inceptum
543 476 682 517 voluit.
742 476 879 528 itaque
905 488 1100 529 aggerem
1125 479 1164 514 et
1187 473 1330 514 vineas
1358 472 1443 528 egit

90 549 304 592 turresque
329 553 445 579 muro
471 538 670 586 admovit,
698 552 870 590 quarum
889 552 1011 577 usum
1031 536 1135 576 forte
1162 535 1298 576 oblata.
1323 550 1442 589 opor-

89 602 239 641 tunitas
259 600 491 654 praevertit.
529 614 706 652 namque
725 599 787 639 M.
802 599 978 648 Fabius,
1005 598 1192 653 captivus
1212 598 1439 646 Romanus,

90 678 184 703 cum
214 677 288 716 per
317 661 621 716 neglegentiam
647 661 865 701 custodum
891 661 997 701 festo
1023 661 1088 701 die
1114 659 1286 700 vinculis
1311 659 1441 714 ruptis

88 739 162 779 per
192 738 355 763 murum
385 723 490 763 inter
519 737 643 776 opera
672 723 955 763 Romanorum
985 722 1157 777 religata
1187 721 1239 762 ad
1274 722 1442 776 pinnam

89 786 195 826 muri
218 792 325 826 reste
353 799 579 839 suspensus
605 784 794 825 manibus
822 799 864 825 se
890 784 1142 833 demisisset,
1168 783 1345 838 perpulit
1368 783 1444 823 im—

89 854 338 902 peratorem,
365 853 410 887 ut
434 847 528 887 vino
555 846 768 901 epulisque
795 846 950 900 sopitos
975 846 1114 887 hostes
1141 846 1443 901 adgrederetur.

91 923 167 949 nce
191 909 345 949 maiore
371 908 591 949 certamine
617 908 725 962 capti
751 922 844 948 cum
868 907 969 949 urbe
987 907 1182 949 Ausones
1209 914 1303 948 sunt
1322 922 1446 961 quam

91 971 178 1012 acie
202 972 286 1013 fusi
311 978 437 1012 erant.
491 970 645 1026 praeda
670 976 789 1025 capta
814 970 960 1025 ingens
987 976 1048 1011 est
1071 970 1358 1025 praesidioque
1384 969 1446 1009 in-

90 1033 225 1087 posito
247 1033 419 1074 Calibus
438 1034 630 1074 reductae
650 1033 827 1074 Romam
851 1033 1047 1087 legiones.
1085 1032 1228 1073 consul
1253 1046 1305 1072 ex
1330 1046 1447 1072 sena-

92 1103 158 1136 tus
178 1095 363 1136 consulto
383 1095 649 1150 triumphavit
669 1102 720 1144 et,
747 1109 797 1135 ne
811 1094 965 1135 Atilius
986 1109 1132 1148 expers
1146 1094 1301 1148 gloriae
1322 1100 1443 1142 esset,

91 1157 193 1198 iussi
218 1157 339 1198 ambo
365 1157 553 1198 consules
580 1157 778 1198 adversus
800 1155 1005 1197 Sidicinos
1031 1156 1180 1196 ducere
1206 1155 1444 1195 exercitum.

93 1219 333 1259 dictatorem
375 1226 469 1260 ante
512 1234 563 1259 ex
599 1225 764 1260 senatus
802 1217 989 1258 consulto
1027 1217 1285 1257 comitiorum
1322 1231 1448 1257 causa

93 1281 283 1321 dixerunt
307 1282 360 1321 L.
386 1281 613 1321 Aemilium
637 1280 940 1321 Mamercinum
949 1296 959 1329 3
997 1280 1032 1321 is
1064 1279 1307 1335 magistrum
1333 1279 1448 1333 equi-

94 1351 180 1383 tum
208 1342 260 1395 Q.
286 1343 512 1384 Publilium
538 1343 756 1384 Philonem
781 1342 896 1383 dixit.

175 1404 390 1446 Dictatore
415 1405 579 1446 comitia
603 1405 779 1447 habente
806 1403 995 1446 consules
1022 1404 1146 1445 creati
1173 1411 1267 1445 sunt
1293 1404 1342 1445 T.
1363 1403 1448 1445 Ve-

94 1467 242 1517 turius,
277 1465 350 1521 Sp.
375 1467 630 1508 Postumius.
692 1467 768 1508 etsi
799 1466 895 1508 belli
924 1482 1019 1522 pars
1045 1482 1138 1508 cum
1166 1466 1360 1508 Sidicinis
1385 1481 1448 1507 re-

95 1528 245 1578 stabat,
272 1536 420 1579 tamcn,
446 1537 491 1570 ut
511 1529 710 1571 beneficio
730 1529 1014 1584 praevenirent
1033 1529 1281 1570 desiderium
1300 1528 1445 1583 plebis,

94 1591 144 1631 de
175 1591 335 1632 colonia
365 1592 606 1633 deducenda
632 1591 755 1633 Cales
785 1591 1028 1632 rettulerunt
1058 1591 1250 1644 factoque
1281 1597 1447 1632 senatus

95 1653 299 1704 consulto,
325 1660 370 1694 ut
388 1654 469 1695 duo
495 1654 606 1695 milia
631 1654 845 1709 quingenti
869 1653 1056 1694 homines
1084 1668 1132 1694 eo
1159 1652 1445 1701 scriberentur,

94 1715 328 1756 triumviros
361 1716 543 1757 coloniae
575 1716 841 1756 deducendae
873 1730 1054 1770 agroque
1085 1714 1309 1755 dividundo
1335 1729 1447 1755 crea-

94 1783 240 1817 verunt
266 1776 497 1818 Caesonem
529 1778 755 1826 Duillium,
782 1777 832 1817 T.
860 1777 1118 1830 Quinctium,
1145 1776 1206 1816 M.
1231 1776 1422 1817 Fabium.

180 1838 327 1879 XVH.
371 1839 480 1879 Novi
505 1839 651 1879 deinde
677 1838 867 1879 consules
894 1854 918 1878 a
942 1838 1148 1878 veteribus
1175 1838 1356 1879 exercitu
1380 1853 1447 1879 ac-

96 1907 213 1954 cepto
243 1900 421 1955 ingressi
450 1900 631 1941 hostium
660 1900 762 1941 fines
793 1900 1028 1954 populando
1053 1914 1185 1953 usque
1210 1900 1263 1940 ad
1286 1900 1448 1941 moenia

96 1971 218 2015 atque
248 1962 393 2003 urbem
422 1969 706 2017 pervenerunt.
755 1962 812 2003 ibi
843 1962 939 2015 quia
963 1962 1119 2017 ingenti
1144 1962 1325 2002 exercitu
1350 1977 1447 2002 con-

96 2025 278 2079 parando
306 2024 478 2066 Sidicini
504 2031 543 2065 et
567 2025 646 2078 ipsi
670 2039 744 2079 pro
770 2031 951 2065 extrema
977 2039 1048 2078 spe
1075 2024 1304 2065 dimicaturi
1330 2025 1448 2065 enixe

97 2086 341 2127 videbantur
366 2093 403 2127 et
426 2085 643 2128 Samnium
667 2086 778 2127 fama
803 2092 888 2127 erat
913 2086 1065 2127 conciri
1089 2087 1142 2127 ad
1165 2085 1336 2136 bellum,
1364 2086 1448 2127 die-

97 2155 202 2189 tator
227 2148 278 2190 ab
305 2148 541 2190 consulibus
568 2163 619 2189 ex
643 2148 881 2189 auctoritate
914 2154 1079 2189 senatus
1111 2148 1243 2189 dictus
1267 2147 1317 2188 P.
1346 2145 1449 2189 Corss

97 2211 229 2251 nelius
260 2211 454 2261 Rufinus,
493 2210 690 2266 magister
720 2210 902 2264 equitum
932 2209 993 2251 M.
1024 2209 1246 2251 Antonius.
1305 2210 1449 2265 religio

98 2272 244 2313 deinde
269 2273 455 2322 incessit,
489 2273 586 2313 vitio
612 2287 681 2313 eos
707 2279 882 2322 creatos,
915 2273 1239 2327 magistratuque
1266 2287 1309 2313 se
1334 2272 1449 2313 abdi-

99 2343 293 2375 caverunt
325 2342 382 2384 et,
421 2335 515 2388 quia
545 2335 777 2390 pestilentia.
800 2335 984 2376 insecuta
1010 2341 1090 2384 est,
1121 2335 1233 2375 velut
1258 2334 1448 2376 omnibus

99 2411 147 2437 eo
172 2397 270 2438 vitio
296 2398 492 2438 contactis
518 2398 729 2452 auspiciis,
761 2412 826 2438 res
852 2398 905 2438 ad
928 2398 1207 2453 interregnum
1231 2398 1362 2438 rediit.

183 2459 253 2500 Ab
284 2460 516 2514 interregno
546 2460 645 2501 inito
675 2474 748 2514 per
777 2460 965 2513 quintum
1001 2460 1166 2500 demum
1202 2461 1449 2516 interregem

99 2521 159 2562 M.
176 2521 387 2563 Valerium
409 2522 594 2563 Corvum
619 2522 743 2563 creati
768 2522 956 2563 consules
981 2522 1036 2563 A.
1059 2522 1276 2563 Cornelius
1301 2523 1449 2564 iterum

100 2591 139 2625 et
166 2584 242 2625 Cn.
268 2584 492 2626 Domitius.
542 2584 770 2638 tranquillis
795 2584 918 2626 rebus
944 2584 1055 2626 fama
1081 2583 1231 2626 Gallici
1255 2584 1351 2625 belli
1375 2600 1448 2639 pro

99 2647 278 2687 tumultu
302 2647 447 2696 valuit,
474 2654 519 2688 ut
544 2654 583 2688 et
608 2647 848 2687 dictatorem
873 2647 953 2687 dici
976 2647 1167 2701 placeret.
1227 2647 1360 2688 dictus
1386 2647 1448 2688 M.

99 2707 289 2763 Papirius
317 2708 495 2751 Crassus
522 2717 561 2750 ct
586 2708 783 2764 magister
807 2709 988 2763 equitum
1014 2709 1062 2750 P.
1089 2708 1279 2750 Valerius
1305 2708 1449 2751 Publi-

1468 610 1486 640 9

1472 801 1509 831 10

1473 1045 1511 1074 11

1477 1231 1512 1259 12

1477 1478 1515 1507 13

1477 1605 1516 1633 14

1474 1975 1492 2004 {0

1475 2101 1492 2129 02
