1780 3204
394 257 547 291 LIBER
571 257 606 301 Ι,
632 257 775 291 36—38.
804 259 851 300 [a.
866 255 904 291 c.
918 256 1111 299 616—5T8]
1374 246 1425 286 41

45 361 50 365 “
78 368 246 410 teretur,
284 360 455 402 concilia
483 360 642 414 populi,
680 359 880 400 exercitus
911 359 1062 408 vocati,
1095 373 1256 399 summa
1278 373 1426 404 rerum,

78 423 150 464 ubi
174 438 271 464 aves
296 437 378 463 non
402 422 682 470 admisissent,
714 421 1007 461 dirimerentur.
1056 434 1188 473 neque
1214 427 1301 460 tum
1327 420 1429 461 Tar-

78 485 244 538 quinius
270 484 321 525 de
346 484 529 537 equitum
560 483 752 524 centuriis
783 482 1003 536 quicquam
1033 482 1224 531 mutavit,
1260 497 1430 522 numero

79 547 251 587 alterum
276 552 434 586 tantum
459 545 623 594 adiecit,
649 551 694 584 ut
717 544 827 584 mille
864 543 1088 598 octingenti
1113 543 1269 596 equites
1294 543 1336 583 in
1361 543 1431 583 tri-

79 607 156 648 bus
188 607 380 648 centuriis
411 613 561 647 essent.
609 605 855 660 posteriores
886 605 1008 645 modo
1040 604 1116 645 sub
1141 604 1274 645 isdem
1299 605 1428 645 nomi-

79 669 218 718 nibus,
256 669 327 722 qui
356 668 483 709 additi
513 675 644 717 erant,
682 666 875 722 appellati
905 674 1015 715 sunt,
1047 681 1149 719 quas
1174 680 1300 715 nunc,
1334 666 1431 719 quia

78 731 309 786 geminatae
336 736 448 779 sunt,
481 744 554 769 sex
579 736 727 770 vocant
751 727 967 769 centurias.

163 791 409 834 XXXVII.
468 791 564 832 Hac
603 797 719 845 parte
754 790 964 844 copiarum
1000 796 1120 830 aucta
1154 789 1302 829 iterum
1337 803 1431 830 cum

81 853 247 896 Sabinis
273 852 517 907 confligitur.
572 852 645 892 sed
667 858 953 905 praeterquam
977 851 1089 903 quod
1112 850 1268 891 viribus
1294 865 1432 891 creve—

79 923 141 956 rat
169 915 382 956 Romanus
415 913 635 961 exercitus,
673 927 724 952 ex
754 912 914 952 occulto
945 912 1067 952 etiam
1102 911 1265 951 additur
1300 911 1431 959 dolus,

80 977 216 1018 missis
242 976 312 1029 qui
337 990 530 1029 magnam
554 974 637 1014 vim
661 973 884 1028 lignorum,
916 973 958 1013 in
982 972 1157 1013 Anienis
1183 973 1272 1026 ripa
1298 973 1433 1013 iacen-

79 1046 179 1088 tem,
223 1037 433 1078 ardentem
467 1036 509 1077 in
544 1035 697 1076 flumen
733 1034 982 1083 conicerent3
1028 1042 1233 1087 ventoque
1268 1035 1433 1075 iuvante

79 1114 253 1141 accensa
275 1099 404 1153 ligna,
431 1104 471 1139 et
494 1097 687 1152 pleraque
712 1096 755 1136 in
778 1095 934 1137 ratibus
966 1095 1132 1149 inpacta
1150 1095 1318 1135 sublicis
1339 1110 1432 1135 cum

79 1162 308 1209 haererent,
345 1165 512 1214 pontem
548 1158 781 1198 incendunt.
831 1170 880 1197 ea
914 1170 1079 1208 quoque
1113 1170 1178 1196 res
1215 1156 1256 1195 in
1292 1171 1432 1210 pugna⁴

79 1232 271 1263 terrorem
307 1220 441 1261 attulit
479 1218 663 1269 Sabinis,
713 1217 856 1258 effusis
898 1217 1042 1257 eadem
1084 1216 1228 1271 fugam
1277 1216 1434 1271 inpedit

77 1283 274 1336 multique
310 1280 523 1330 mortales,
571 1294 665 1320 cum
701 1279 841 1319 hostes
878 1278 1139 1332 effugissent,
1187 1278 1230 1318 in
1265 1278 1432 1319 flumine

79 1345 169 1398 ipso
193 1343 368 1398 periere3
395 1356 569 1396 quorum
594 1340 794 1381 fluitantia
819 1355 931 1380 arma
956 1339 1008 1380 ad
1032 1338 1177 1380 urbem
1202 1340 1367 1394 cognita
1391 1340 1433 1380 in

79 1405 218 1446 Tiberi
242 1404 353 1459 prius
379 1418 528 1458 paene,
555 1417 678 1457 quam
704 1401 881 1442 nuntiari
901 1408 1058 1456 posset,
1084 1401 1289 1456 insignem
1308 1402 1435 1442 victo-

79 1467 181 1507 riam
206 1466 352 1507 fecere.

162 1528 227 1568 Eo
252 1527 405 1582 proelio
429 1526 651 1581 praecipua
675 1525 859 1579 equitum
883 1525 1014 1580 gloria
1031 1524 1126 1566 fuit:
1153 1525 1356 1578 utrimque
1382 1524 1433 1566 ab

80 1589 270 1630 cornibus
294 1588 469 1644 positos,
503 1603 596 1628 cum
621 1588 703 1628 iam
727 1587 946 1642 pelleretur
970 1588 1106 1628 media
1129 1587 1314 1641 peditum
1340 1602 1435 1627 suo-

79 1666 170 1691 rum
189 1651 316 1699 acies,
341 1650 398 1690 ita
416 1650 636 1690 incurrisse
662 1649 713 1690 ab
738 1648 934 1690 lateribus
959 1648 1114 1698 ferunt,
1140 1655 1186 1688 ut
1209 1663 1291 1689 non
1319 1649 1436 1689 siste-

79 1719 169 1752 rent
188 1712 309 1752 modo
331 1710 507 1752 Sabinas
534 1711 716 1765 legiones
741 1710 931 1751 ferociter
955 1710 1153 1751 instantes
1179 1709 1434 1758 cedentibus,

83 1773 156 1812 sed
181 1772 315 1813 subito
339 1773 381 1812 in
406 1772 549 1827 fugam
574 1778 815 1812 averterent.
864 1778 1025 1812 montes
1051 1770 1184 1811 effuso
1209 1785 1332 1811 cursu
1360 1770 1436 1811 Sa-

82 1833 168 1874 bini
202 1833 407 1887 petebant.
457 1840 496 1873 et
531 1833 652 1887 pauci
683 1839 868 1882 tenuere3
905 1832 1085 1873 maxima
1114 1845 1229 1886 pars,
1266 1838 1312 1871 ut
1342 1838 1436 1871 ante

84 1895 239 1935 dictum
264 1901 342 1943 est,
369 1894 420 1935 ab
446 1894 652 1947 equitibus
679 1895 721 1935 in
745 1894 898 1935 flumen
923 1894 1003 1934 acti
1028 1900 1134 1934 sunt.
1185 1892 1433 1945 Tarquinius

83 1956 318 1996 instandum
354 1955 575 2009 perterritis
612 1962 744 2004 ratus,
786 1955 939 2009 praeda
975 1954 1229 2009 captivisque
1260 1954 1437 1994 Romam

84 2018 241 2066 missis,
280 2017 421 2071 spoliis
453 2017 633 2057 hostium
658 2043 711 2046 —
735 2017 778 2057 id
808 2023 950 2057 votum
974 2016 1163 2057 Vulcano
1189 2022 1274 2056 erat
1299 2041 1352 2045 —
1377 2016 1437 2055 in-

85 2079 197 2133 genti
228 2078 391 2119 cumulo
423 2079 624 2128 accensis,
662 2079 796 2133 pergit
825 2093 946 2132 porro
981 2078 1024 2118 in
1059 2093 1204 2132 agrum
1237 2076 1437 2118 Sabinum

86 2140 309 2180 exercitum
339 2140 531 2181 inducere
562 2147 618 2189 et,
657 2155 907 2194 quamquam
937 2140 1043 2180 male
1068 2147 1208 2194 gestae
1233 2154 1299 2179 res
1325 2146 1438 2179 erant

86 2216 161 2242 nec
186 2208 375 2256 gesturos
406 2202 553 2242 melius
585 2217 749 2256 sperare
778 2209 984 2256 poterant,
1022 2208 1176 2250 tamen,
1214 2201 1311 2253 quia
1342 2216 1438 2241 con-

88 2263 248 2303 sulendi
271 2277 336 2303 res
361 2278 444 2304 non
468 2263 592 2304 dabat
617 2264 812 2318 spatium,
838 2264 920 2304 iere
940 2263 1104 2304 obviam
1126 2261 1270 2304 Sabini
1289 2262 1439 2302 tumul-

87 2324 217 2365 tuario
242 2325 369 2366 milite
393 2325 621 2379 iterumque
645 2326 703 2367 ibi
727 2326 828 2375 fusi,
854 2326 1022 2380 perditis
1042 2326 1125 2366 iam
1149 2339 1276 2379 prope
1300 2325 1436 2374 rebus,

87 2399 232 2439 pacem
256 2387 420 2440 petiere.

171 2447 440 2491 XXXVHI.
491 2448 666 2489 Collatia
696 2455 736 2489 et
765 2449 958 2502 quicquid
983 2449 1083 2489 citra
1109 2447 1326 2489 Collatiam
1351 2448 1439 2503 agri

89 2516 175 2549 erat
201 2507 367 2550 Sabinis
392 2510 648 2564 ademptum,
680 2510 859 2565 Egerius
886 2536 938 2539 —
964 2510 1099 2551 fratris
1125 2509 1191 2550 hic
1214 2509 1322 2551 filius
1353 2517 1440 2550 erat

88 2570 198 2625 regis
219 2596 272 2600 —
294 2570 493 2612 Collatiae
518 2572 559 2612 in
584 2572 788 2626 praesidio
812 2572 991 2613 relictus.
1040 2571 1281 2624 deditosque
1302 2570 1441 2612 Colla-

1457 434 1473 462 7

1458 1170 1475 1197 [ὗ

89 2631 195 2672 tinos
232 2631 288 2672 ita
323 2633 478 2687 accipio
516 2648 688 2686 eamque
724 2633 940 2674 deditionis
970 2632 1190 2674 formulam
1221 2646 1330 2673 esse:
1367 2648 1439 2673 rex
1464 2645 1482 2674 2

89 2692 354 2749 interrogaw't
381 2694 550 2736 ‘estisne
576 2709 648 2735 vos
673 2694 798 2749 legati
823 2701 1085 2748 oratoresque
1105 2693 1221 2734 missi
1240 2709 1264 2734 a
1286 2694 1438 2749 populo
