1835 3226
254 749 272 778 10

255 2050 270 2078 *1

299 255 354 298 38
604 262 758 297 LIBER
782 263 817 306 1,
843 263 897 295 33.
915 264 971 296 34.
999 266 1096 306 [a.u.
1114 263 1352 307 c.114-—176]

301 368 454 410 salinae
485 366 593 407 circa
621 365 755 406 factae
786 364 1034 419 egregieque
1085 364 1208 406 rebus
1232 364 1340 406 bello
1365 366 1494 420 gestis
1545 367 1657 408 aedis

300 429 411 470 Iovis
436 426 610 468 Feretrii
635 425 895 480 amplificata.

384 487 637 528 XXXIJH.
692 487 814 528 Anco
843 494 1043 542 regnante
1066 488 1278 537 Lucumo,
1316 488 1378 528 vir
1421 488 1584 543 inpiger
1612 502 1661 529 ac

300 550 453 590 divitiis
478 557 644 604 potens,
676 548 855 589 Romam
881 549 1167 604 commigravit
1192 549 1384 603 cupidine
1409 550 1587 590 maxime
1613 564 1659 590 ac

301 626 374 666 spe
404 610 546 666 magni
575 610 760 660 honoris,
799 611 916 651 cuius
942 611 1198 665 adipiscendi
1222 611 1458 664 Tarquiniis
1483 637 1537 640 —
1563 627 1658 652 nam

300 673 358 714 ibi
382 687 547 727 quoque
571 672 788 727 peregrina
814 672 939 726 stirpe
964 673 1162 714 oriundus
1188 680 1274 714 erat
1300 668 1360 702 —'
1378 673 1553 714 facultas
1578 688 1661 714 non

298 735 445 776 fuerat.
504 734 722 775 Demarati
748 733 953 776 Corinthii
982 734 1090 776 filius
1123 746 1227 785 erat,
1264 735 1335 788 qui
1360 735 1412 776 ob
1440 735 1660 776 seditiones

299 797 421 838 domo
451 796 655 852 profugus
688 810 783 837 cum
815 795 1052 850 Tarquiniis
1084 796 1190 838 sorte
1221 796 1496 845 consedisset,
1533 811 1661 837 uxore

297 859 355 900 ibi
386 859 510 899 ducta
540 858 645 899 duos
677 858 784 899 filios
815 858 970 914 genuit.
1019 859 1189 900 nomina
1218 859 1282 900 his
1314 859 1508 900 Lucumo
1539 865 1661 912 atque

295 919 460 961 Arruns
480 919 658 961 fuerunt.
691 920 885 961 Lucumo
907 920 1111 975 superfuit
1128 921 1235 975 patri
1254 919 1455 962 bonorum
1477 919 1660 961 omnium

296 981 434 1031 heres,
466 981 630 1023 Arruns
666 983 778 1036 prior
807 996 932 1035 quam
962 989 1080 1037 pater
1110 983 1293 1032 moritur,
1330 997 1459 1024 uxore
1490 982 1662 1037 gravida

296 1043 451 1085 relicta.
509 1059 586 1085 nec
622 1044 694 1085 diu
728 1052 867 1085 manet
904 1051 1113 1099 superstes
1150 1044 1234 1086 filio
1269 1051 1405 1099 pater3
1448 1044 1518 1098 qui
1554 1058 1660 1091 cum,

298 1105 494 1160 ignorans
519 1121 669 1146 nurum
694 1114 880 1147 ventrem
910 1106 1034 1156 ferre,
1068 1107 1271 1147 inmemor
1299 1106 1342 1147 in
1373 1106 1562 1147 testando
1591 1119 1662 1146 ne-

296 1167 404 1221 potis
425 1167 691 1217 decessisset,
717 1182 857 1222 puero‚
883 1175 976 1222 post
996 1169 1062 1209 avi
1081 1175 1254 1209 mortem
1272 1168 1315 1208 in
1335 1167 1489 1208 nullam
1511 1174 1661 1208 sortem

300 1228 501 1270 bonorum
526 1236 642 1279 nato,
675 1229 726 1270 ab
752 1230 890 1284 inopia
914 1230 1070 1285 Egerio
1095 1230 1270 1271 inditum
1294 1244 1457 1270 nomen.
1517 1229 1660 1270 Lucu-

298 1292 411 1333 moni
448 1299 590 1333 contra
626 1293 810 1334 omnium
846 1293 987 1334 heredi
1022 1293 1225 1334 bonorum
1256 1307 1350 1334 cum
1382 1292 1548 1332 divitiae
1578 1292 1659 1332 iam

299 1354 458 1395 animos
495 1354 696 1404 facerent,
735 1355 849 1396 auxit
885 1355 1008 1396 ducta
1043 1355 1086 1395 in
1115 1354 1422 1395 matrimonium
1453 1352 1657 1406 Tanaquil

300 1431 461 1457 summo
485 1416 577 1457 loco
601 1424 699 1458 nata
723 1423 763 1458 et
787 1431 892 1470 quae
917 1417 1029 1458 haud
1058 1416 1179 1458 facile
1210 1417 1280 1465 iis,
1311 1417 1355 1456 in
1378 1415 1528 1469 quibus
1562 1422 1657 1456 nata

299 1485 402 1528 erat,
435 1479 653 1520 humiliora
678 1479 828 1520 sineret
853 1493 919 1528 ea,
951 1493 1033 1532 quo
1057 1479 1324 1533 innupsisset.
1373 1477 1660 1532 spernentibus

298 1541 489 1583 Etruscis
503 1543 813 1590 Lucumonem,
840 1541 959 1582 exule
985 1541 1145 1582 advena
1171 1547 1323 1589 ortum,
1349 1539 1457 1581 ferre
1482 1539 1660 1594 indigni-

299 1610 426 1644 tatem
456 1618 539 1645 non
569 1604 701 1658 potuit
726 1603 935 1657 oblitaque
959 1603 1167 1658 ingenitae
1192 1617 1292 1658 erga
1315 1602 1491 1657 patriam
1517 1601 1662 1643 carita-

297 1665 348 1706 tis
357 1697 368 1714 ,
390 1665 613 1706 dummodo
626 1665 761 1706 virum
773 1665 1020 1706 honoratum
1033 1665 1202 1714 videret,
1225 1664 1442 1706 consilium
1455 1664 1660 1719 migrandi

298 1726 349 1767 ab
375 1726 612 1780 Tarquiniis
638 1727 757 1782 cepit.
800 1727 937 1768 Roma
962 1733 1024 1769 est
1049 1727 1101 1768 ad
1125 1727 1167 1767 id
1191 1726 1454 1781 potissimum
1478 1726 1589 1766 visa:
1621 1725 1663 1765 in

296 1803 405 1829 novo
424 1789 597 1843 populo,
624 1788 696 1830 ubi
721 1789 854 1830 omnis
880 1789 1093 1844 repentina
1118 1796 1241 1842 atque
1267 1803 1318 1829 ex
1342 1788 1491 1828 virtute
1515 1786 1663 1828 nobili-

298 1857 362 1891 tas
401 1851 470 1900 sit,
509 1850 695 1892 futurum
732 1851 870 1892 locum
906 1852 1004 1893 forti
1039 1866 1087 1892 ac
1124 1858 1291 1892 strenuo
1320 1850 1427 1899 vir03
1464 1863 1662 1905 regnasse

298 1911 466 1953 Tatium
494 1911 715 1962 Sabinum,
749 1913 991 1954 arcessitum
1015 1913 1059 1953 in
1081 1927 1257 1968 regnum
1281 1911 1461 1953 Numam
1492 1926 1515 1951 a
1542 1910 1663 1952 Curi-

297 1973 375 2015 bus
402 1980 441 2014 et
465 1973 634 2015 Ancum
662 1973 819 2016 Sabina
849 1981 977 2016 matre
1009 1982 1143 2015 ortum
1167 1973 1430 2027 nobilemque
1455 1988 1537 2013 una
1560 1972 1662 2012 ima-

298 2036 394 2090 gine
419 2036 580 2077 Numae
606 2051 710 2078 esse.
759 2036 881 2078 facile
906 2037 1127 2091 persuadet
1151 2043 1196 2077 ut
1221 2036 1371 2091 cupido
1395 2035 1597 2077 honorum
1622 2041 1661 2075 et

299 2097 366 2137 cui
391 2097 607 2150 Tarquinii
632 2106 817 2140 materna
842 2106 1001 2140 tantum
1026 2099 1157 2153 patria
1182 2107 1303 2140 esset.

385 2156 569 2199 Sublatis
595 2159 734 2213 itaque
758 2160 882 2202 rebus
903 2160 1107 2215 amigrant
1126 2160 1316 2201 Romam.
1354 2159 1408 2200 ad
1426 2157 1658 2199 Ianiculum

298 2220 404 2261 forte
441 2228 610 2262 ventum
646 2229 745 2263 erat.
805 2222 863 2263 ibi
899 2223 935 2263 ei
973 2229 1166 2277 carpento
1204 2221 1364 2263 sedenti
1400 2235 1495 2261 cum
1530 2234 1659 2261 uxore

297 2282 435 2336 aquila
460 2283 674 2338 suspensis
700 2283 881 2325 demissa
905 2284 1050 2325 leniter
1075 2284 1149 2325 alis
1175 2284 1344 2339 pilleum
1364 2282 1498 2324 aufert
1518 2296 1660 2336 super-

297 2358 378 2397 que
398 2352 636 2399 carpentum
657 2360 751 2386 cum
770 2360 922 2401 magno
943 2346 1135 2401 clangore
1154 2345 1342 2394 volitans,
1368 2359 1524 2393 rursus,
1550 2343 1661 2384 velut

296 2407 522 2448 ministerio
547 2407 744 2449 divinitus
770 2408 916 2458 missa,
944 2408 1068 2463 capiti
1093 2415 1186 2462 apte
1211 2407 1390 2462 reponit,
1415 2406 1511 2447 inde
1537 2405 1662 2447 subli-

299 2468 376 2509 mis
408 2468 505 2510 abit.
560 2470 772 2524 accepisse
802 2471 845 2511 id
876 2471 1093 2526 augurium
1124 2470 1232 2511 laeta
1262 2469 1411 2510 dicitur
1442 2467 1659 2521 Tanaquil,

296 2530 445 2585 perita,
494 2538 541 2572 ut
581 2532 708 2587 vulgo
746 2532 930 2582 Etrusci,
975 2532 1213 2573 caelestium
1253 2531 1537 2586 prodigiorum
1572 2544 1661 2569 mu-

298 2592 383 2633 lier.
431 2593 595 2634 excelsa
620 2601 660 2634 et
684 2594 766 2635 alta
797 2609 962 2648 sperare
1006 2593 1209 2648 conplexa
1238 2593 1372 2634 virum
1402 2591 1533 2633 iubet:
1569 2605 1659 2630 eam

300 2654 455 2704 alitem,
482 2670 531 2696 ea
554 2656 722 2711 regione
747 2656 850 2697 caeli
874 2663 914 2697 ct
939 2656 1027 2697 eius
1052 2656 1117 2696 dei
1142 2655 1328 2696 nuntiam
1347 2654 1526 2701 venisse,
1553 2651 1660 2692 circa

302 2730 507 2757 summum
557 2718 722 2759 culmen
770 2718 948 2760 hominis
998 2717 1228 2772 auspicium
1276 2716 1444 2763 fecisse,
1499 2714 1658 2753 levasse
