1780 3204
494 306 648 341 LIBER
674 307 718 352 V,
748 306 799 340 15.
828 308 876 350 [a.
892 304 930 340 C.
943 305 1021 340 399.
1035 304 1117 349 398]
1407 294 1489 336 267

217 412 318 455 XV.
367 411 564 466 Prodigia
588 411 751 451 interim
775 409 903 450 multa
928 410 1180 459 nuntiavere,
1207 422 1382 462 quorum
1405 407 1493 463 ple-

132 490 259 529 raque
290 481 329 516 et
360 474 457 528 quia
489 473 640 528 singuli
672 479 859 514 auctores
887 478 1000 513 erant
1031 486 1177 526 parum
1202 471 1355 512 eredita
1382 485 1494 525 spre-

132 545 255 591 taque
281 543 319 577 et
345 536 440 590 quia
465 535 652 576 hostibus
680 534 887 583 Etruscis,
913 548 986 588 per
1011 548 1115 587 quos
1142 548 1189 574 ea
1214 539 1491 588 procurarent,

132 599 370 654 haruspices
397 614 477 639 non
504 604 628 638 erant.
660 597 703 637 in
728 612 856 637 unum
878 596 1061 637 omnium
1081 610 1201 636 curae
1220 610 1365 636 versae
1386 601 1492 644 sunt,

133 661 245 715 quod
268 661 381 701 lacus
408 661 449 700 in
473 659 640 700 Albano
664 674 831 700 nemore
858 659 944 699 sine
970 658 1063 699 ullis
1097 657 1343 698 caelestibus
1376 656 1492 710 aquis

134 737 310 764 causave
336 738 418 776 qua
442 722 538 771 alia,
577 736 682 775 quae
706 737 792 762 rem
818 720 1014 761 miraculo
1041 720 1254 769 eximeret,
1292 720 1333 760 in
1359 719 1495 760 altitu-

134 786 271 826 dinem
296 785 503 826 insolitam
528 785 667 825 erevit.
705 785 902 838 quidnam
928 798 975 824 eo
1002 783 1067 824 die
1092 783 1383 838 portenderent
1401 797 1495 838 pro-

134 848 258 903 digio,
286 848 402 888 missi
428 847 680 888 sciscitatum
706 852 886 887 oratores
913 846 965 886 ad
989 845 1243 900 Delphicum
1269 845 1493 886 oraculum.

135 911 208 951 sed
233 910 398 964 propior
422 909 622 963 interpres
647 908 743 949 fatis
776 907 937 949 oblatus
966 907 1102 948 senior
1131 907 1300 960 quidam
1324 906 1493 955 Veiens,

134 972 204 1025 qui
228 972 332 1012 inter
357 971 592 1012 eaw'llantes
619 971 660 1010 in
686 969 929 1011 stationibus
956 984 1003 1010 ac
1023 969 1221 1010 custodiis
1244 969 1392 1009 milites
1412 968 1497 1009 Ro-

134 1048 279 1074 manos
305 1033 590 1085 Etruscosque
617 1031 874 1072 vaticinantis
900 1031 942 1071 iu
967 1031 1135 1072 modum
1161 1031 1326 1080 cecinit,
1363 1030 1497 1085 prius-

135 1109 259 1148 quam
285 1109 335 1135 ex
359 1094 452 1135 lacu
475 1093 643 1134 Albano
669 1108 776 1146 aqua
801 1093 956 1133 emissa
980 1093 1104 1142 foret,
1137 1107 1364 1145 numquam
1390 1092 1496 1146 poti-

135 1164 273 1196 tmum
298 1155 414 1197 Veiis
439 1155 687 1196 Romanum.
737 1155 848 1208 quod
871 1154 1004 1208 primo
1029 1154 1142 1194 velut
1167 1160 1319 1194 temere
1343 1153 1496 1193 iactum

136 1217 284 1273 sperni,
312 1217 456 1272 agitari
476 1217 622 1256 deinde
643 1215 900 1256 sermonibus
922 1221 1113 1269 coeptum
1133 1221 1210 1264 est,
1238 1215 1369 1255 donec
1388 1229 1494 1255 unus

135 1295 187 1320 ex
212 1279 385 1320 statione
403 1278 592 1318 Romana
618 1283 905 1332 percunctatus
926 1276 1161 1330 proximum
1182 1276 1494 1331 oppidanorum,

133 1342 215 1381 iam
239 1355 313 1395 per
341 1339 686 1394 longinquitatem
717 1338 814 1379 belli
845 1339 1076 1379 conmereio
1102 1353 1339 1379 sermonum
1371 1338 1494 1388 facto,

134 1402 324 1456 quisnam
347 1401 382 1442 is
409 1408 530 1450 esset,
558 1401 628 1454 qui
652 1416 725 1456 per
745 1400 942 1456 ambages
963 1401 1013 1442 (le
1032 1401 1125 1442 lacu
1146 1400 1314 1442 Albano
1334 1401 1495 1450 iaceret,

133 1475 352 1518 postquam
378 1463 535 1503 audivit
563 1463 824 1518 haruspicem
856 1477 966 1512 esse,
1005 1463 1067 1503 vir
1098 1463 1208 1503 haud
1238 1463 1379 1503 intacti
1406 1463 1498 1503 reli-

133 1525 255 1581 gione
281 1525 422 1574 animi,
456 1532 647 1566 causatus
674 1525 723 1566 dc
749 1525 898 1579 privati
921 1525 1099 1579 portenti
1123 1525 1428 1579 procuratione,
1463 1524 1496 1565 si

136 1601 285 1642 operae
315 1587 374 1628 illi
405 1594 532 1637 esset,
571 1586 785 1628 consulere
815 1586 940 1636 velle,
979 1587 1032 1627 ad
1063 1586 1327 1640 conloquium
1358 1593 1496 1628 vatem

135 1649 283 1690 elicuit.
333 1663 508 1702 cumque
532 1649 741 1704 progressi
766 1648 888 1689 ambo
914 1664 937 1689 a
963 1649 1048 1689 suis
1074 1648 1239 1703 longius
1272 1656 1411 1689 essent
1436 1649 1497 1688 in-

136 1726 268 1753 ermes
294 1711 381 1752 sine
406 1711 490 1752 ullo
515 1718 639 1759 metu,
665 1711 907 1765 praevalens
933 1711 1094 1751 iuvenis
1115 1711 1330 1751 Romanus
1357 1724 1498 1751 senem

135 1774 342 1815 infirmum
366 1773 409 1813 in
433 1780 657 1827 conspectu
682 1773 865 1813 omnium
890 1779 1053 1826 raptum
1078 1773 1328 1826 nequiquam
1348 1772 1499 1812 tumul-

136 1834 347 1876 tuantibus
372 1834 562 1875 Etruscis
588 1835 641 1875 ad
667 1849 763 1875 suos
790 1834 1009 1874 transtulit.
1059 1835 1130 1887 qui
1155 1849 1249 1874 eum
1274 1834 1496 1888 perductus

138 1897 191 1938 ad
220 1897 527 1950 imperatorem,
568 1895 663 1936 inde
690 1895 868 1936 Romam
899 1895 951 1935 ad
978 1903 1166 1935 senatum
1197 1896 1349 1936 missus
1375 1902 1497 1945 esset,

140 1956 456 2005 sciscitantibus,
483 1957 680 2009 quidnam
704 1957 747 1996 id
771 1962 892 2005 esset,
920 1957 1031 2010 quod
1056 1957 1107 1997 de
1126 1957 1218 1997 lacu
1239 1956 1405 1998 Albano
1425 1957 1498 1998 do-

140 2019 304 2067 cuisset,
330 2018 553 2072 respondit,
580 2018 764 2072 profecto
789 2018 914 2059 iratos
940 2019 1040 2059 deos
1060 2018 1226 2059 Veienti
1251 2019 1403 2073 populo
1428 2019 1496 2060 illo

140 2080 269 2121 fuisse
295 2080 372 2129 die,
399 2095 480 2133 quo
507 2080 584 2121 sibi
609 2095 700 2121 eam
725 2087 904 2121 mentem
930 2080 1196 2130 obiecissent,
1224 2089 1268 2121 ut
1293 2082 1499 2122 excidium

139 2142 296 2197 patriae
321 2142 445 2182 fatale
469 2142 672 2197 proderet.
720 2142 859 2196 itaque
885 2157 990 2195 quae
1016 2149 1103 2184 tum
1135 2144 1327 2185 cecinerit
1358 2144 1496 2185 (livino

142 2204 286 2259 spiritu
310 2204 540 2254 instinctus,
568 2219 616 2245 ea
641 2219 684 2245 se
709 2219 783 2245 nec
808 2211 853 2245 ut
877 2205 1031 2246 indicta
1051 2206 1130 2246 sint
1148 2220 1341 2246 revocare
1359 2220 1495 2260 posse,

142 2272 182 2307 et
201 2266 372 2307 tacendo
392 2266 575 2315 forsitan,
602 2281 707 2319 quae
727 2266 768 2306 di
786 2266 1022 2307 inmortales
1043 2267 1204 2322 wulgari
1222 2268 1361 2317 velint,
1388 2268 1499 2309 haud

141 2327 277 2368 minus
313 2343 437 2381 quam
468 2328 638 2370 celanda
669 2328 833 2369 effando
869 2328 987 2369 nefas
1026 2329 1223 2370 contrahi.
1280 2330 1338 2370 sie
1374 2330 1500 2385 igitur

141 2389 256 2430 libris
286 2389 499 2439 fatalibus,
538 2390 596 2430 sic
628 2390 844 2444 disciplina
873 2390 1052 2432 Etrusca
1083 2392 1276 2432 traditum
1308 2406 1418 2442 esse,
1454 2398 1499 2433 ut

142 2451 307 2505 quando
333 2466 440 2505 aqua
463 2451 630 2492 Albana
661 2451 931 2502 abundasset,
964 2460 1070 2502 tum,
1103 2453 1138 2494 si
1168 2468 1260 2494 eam
1284 2454 1497 2495 Romanus

141 2514 217 2555 rite
242 2513 463 2563 emisisset,
490 2513 701 2554 victoriam
726 2514 777 2554 de
801 2513 1047 2556 Veientibus
1073 2515 1178 2565 dari,
1211 2522 1433 2569 antequam
1455 2516 1499 2557 id

141 2575 229 2625 fiat,
265 2576 365 2616 deos
395 2576 557 2617 moenia
581 2575 815 2617 Veientium
848 2577 1081 2618 deserturos
1111 2593 1195 2618 non
1225 2592 1330 2619 esse.
1379 2592 1498 2619 exse-

141 2637 344 2691 quebatur
367 2638 474 2688 inde,
501 2653 606 2692 quae
631 2638 840 2680 sollemnis
866 2639 1064 2681 derivatio
1090 2646 1212 2681 esset.
1263 2640 1336 2682 sed
1359 2647 1499 2682 aueto-

141 2715 228 2741 rem
252 2701 385 2742 levem
410 2715 486 2742 nec
512 2701 611 2743 satis
636 2701 765 2742 fidum
798 2717 922 2757 super
952 2708 1065 2743 tanta
1093 2717 1136 2744 re
1161 2710 1298 2757 patres
1328 2703 1406 2744 rati
1430 2703 1500 2745 de-

143 2777 318 2813 crevere,
345 2763 502 2818 legatos
529 2771 741 2818 sortesque
767 2765 919 2806 oraculi
944 2764 1110 2819 Pythici
1135 2765 1445 2820 exspectandas.

1520 422 1532 451 1

1519 608 1536 637 2

1520 793 1538 823 3

1519 919 1539 947 4

1522 1166 1542 1195 5

1524 1476 1541 1505 6

1526 1663 1541 1690 7

1524 1847 1543 1877 8

1524 2033 1541 2062 9

1525 2158 1564 2187 10

1526 2345 1562 2374 11
