1835 3226
205 1462 222 1490 ΙΨ

207 2642 221 2670 ἰ’

257 222 311 262 24
574 230 726 264 LIBER
753 230 787 272 Ι,
814 230 934 263 ΞΜΞ.
963 232 1294 275 [amesa-114]

255 334 348 374 enni
378 332 539 386 rigabat
570 346 694 384 aqua:
733 346 814 384 quo
844 332 941 384 quia
971 347 1015 373 se
1040 347 1238 387 persaepe
1269 334 1406 375 Numa
1437 337 1523 376 sine
1549 353 1611 378 ar-

253 395 368 436 bitris
393 394 504 434 velut
530 393 583 433 ad
607 407 876 447 congressum
902 394 1003 435 deae
1033 395 1255 445 inferebat,
1297 396 1493 438 Camenis
1519 413 1612 439 eum

252 456 390 495 lucum
416 454 609 503 sacravit,
636 455 747 508 quod
771 469 911 496 earum
936 455 994 496 ibi
1019 457 1191 498 concilia
1217 472 1312 498 cum
1337 459 1513 514 coniuge
1539 475 1614 500 sua

252 517 406 571 Egeria
430 524 580 558 essent.
630 524 669 557 et
696 517 772 558 soli
795 517 915 558 Fidei
941 518 1139 560 sollemne
1166 519 1354 561 instituit.
1405 521 1458 562 ad
1481 521 1524 562 id
1549 536 1614 563 sa-

252 579 427 620 crarium
463 578 649 620 flamines
687 579 794 634 bigis
832 594 953 620 curru
989 588 1155 622 arcuato
1196 582 1291 623 vehi
1320 582 1440 624 iussit
1470 598 1614 624 manu-

251 656 330 694 que
356 641 408 682 ad
433 641 583 696 digitos
609 656 741 695 usque
766 642 950 684 involuta
980 657 1067 684 rem
1092 644 1275 685 dixinam
1297 644 1454 695 faeere,
1488 647 1614 701 signi-

251 704 440 753 ficantes,
478 704 603 745 fidem
628 705 842 745 tutandam
869 705 1091 759 sedemque
1117 706 1205 747 eius
1237 707 1360 748 etiam
1385 708 1427 748 in
1458 709 1612 750 dextris

252 772 454 807 sacratam
479 780 584 807 esse.
626 766 757 808 multa
781 767 861 808 alia
886 767 1087 810 sacrificia
1110 768 1283 823 locaque
1309 771 1435 812 sacris
1461 771 1614 812 facien-

251 829 334 877 dis,
373 843 479 882 quae
510 828 675 884 Argeos
706 829 922 884 pontifices
953 838 1121 881 vocant,
1159 832 1376 874 dedicavit.
1430 835 1613 876 omnium

250 898 390 931 tamen
414 891 643 931 maximum
668 891 756 932 eius
782 906 952 962 operum
982 892 1061 933 fuit
1091 894 1219 935 tutela
1247 910 1322 950 per
1352 910 1472 937 omne
1497 897 1614 952 regni

250 960 414 1008 tempus
439 953 550 994 haud
575 954 708 994 minor
731 954 846 1009 pacis
871 969 996 1008 quam
1020 956 1148 1011 regni.

335 1016 401 1056 Ita
431 1015 513 1056 duo
543 1015 738 1070 deinceps
769 1031 908 1072 reges,
946 1017 1050 1059 alius
1065 992 1162 1059 ealia
1192 1020 1276 1069 via,
1314 1019 1382 1060 ille
1407 1020 1516 1061 bello
1546 1020 1613 1062 hic

248 1092 362 1132 pace,
390 1078 597 1118 civitatem
622 1086 824 1120 auxerunt
833 1095 843 1129 ;
869 1079 1072 1122 Romulus
1094 1088 1252 1136 septem
1277 1089 1317 1122 et
1336 1082 1502 1138 triginta
1522 1097 1614 1138 reg—

248 1141 361 1181 navit
387 1155 529 1189 annos,
563 1140 701 1181 Numa
725 1148 807 1182 tres
834 1148 873 1182 et
898 1142 1183 1198 quadraginta.
1239 1158 1334 1185 cum
1358 1145 1495 1186 valida
1525 1153 1611 1185 tum

250 1209 477 1257 temperata
503 1210 542 1243 et
566 1201 664 1243 belli
689 1210 728 1243 et
752 1203 866 1257 pacis
894 1203 1049 1245 artibus
1076 1212 1162 1245 erat
1187 1205 1343 1246 civitas.

333 1263 490 1304 XXII.
532 1263 693 1305 Numae
718 1272 848 1306 morte
874 1266 926 1306 ad
950 1265 1231 1321 interregnum
1256 1282 1322 1308 res
1347 1268 1478 1308 rediit.
1516 1269 1611 1309 inde

250 1326 419 1366 Tullum
443 1325 692 1375 Hostilium,
718 1335 911 1381 nepotem
936 1327 1112 1377 Hostili,
1145 1329 1261 1370 cuius
1286 1329 1328 1370 in
1353 1330 1493 1370 infima
1519 1345 1611 1371 arce

249 1387 359 1429 clara
382 1403 523 1442 pugna
548 1388 745 1430 adversus
775 1387 955 1430 Sabinos
982 1389 1132 1440 fuerat,
1158 1388 1300 1445 reg'em
1323 1392 1500 1446 populus
1528 1392 1611 1432 ius-

250 1450 320 1500 sit3
356 1458 493 1504 patres
525 1457 712 1491 auctores
743 1450 854 1492 facti.
909 1451 975 1492 hic
1005 1467 1089 1493 non
1126 1452 1259 1493 solum
1290 1454 1480 1507 proximo
1524 1455 1612 1509 regi

251 1512 482 1561 dissimilis,
523 1512 596 1552 sed
626 1512 801 1553 ferocior
832 1513 954 1554 etiam
986 1529 1109 1567 quam
1135 1514 1338 1556 Romulus
1370 1515 1460 1556 fuit.
1516 1530 1609 1556 cum

249 1581 361 1615 aetas
387 1574 578 1627 xircsque
603 1581 691 1614 tum
716 1575 826 1616 avita
856 1589 1019 1629 quoque
1050 1576 1182 1631 gloria
1211 1577 1393 1617 animum
1426 1574 1610 1618 stimula-

248 1636 331 1677 bat.
387 1650 601 1676 senescere
626 1636 752 1691 igitur
777 1637 984 1678 civitatem
1016 1638 1098 1679 otio
1130 1646 1242 1679 ratus
1268 1639 1450 1693 undique
1481 1647 1609 1680 matc-

245 1699 348 1739 liam
375 1699 581 1739 excitandi
606 1698 702 1739 belli
727 1699 962 1752 quaerebat.

331 1760 456 1801 Forte
493 1761 648 1809 evcnit,
685 1767 731 1801 ut
768 1768 952 1816 agrestes
989 1761 1168 1803 Romani
1205 1757 1257 1803 ek
1292 1761 1459 1803 Albano
1496 1778 1609 1818 agro,

247 1821 405 1863 Albani
430 1836 481 1862 ex
505 1822 696 1863 Romano
720 1823 896 1877 praedas
921 1823 1099 1864 invicem
1125 1831 1306 1880 agerent.
1349 1824 1609 1879 imperitabat

246 1891 334 1924 tum
361 1882 492 1925 Gaius
520 1883 696 1926 Cluilius
721 1884 870 1925 Albae.
914 1885 1120 1939 utrimque
1144 1886 1270 1940 legati
1294 1885 1380 1927 fere
1405 1886 1481 1927 sub
1501 1886 1609 1927 idem

245 1954 409 2000 tempus
435 1946 488 1986 ad
511 1961 577 1988 res
603 1947 847 2001 repetendas
873 1947 1002 1988 missi.
1048 1947 1195 1989 Tullus
1220 1956 1483 2002 praeceperat
1509 1948 1608 1996 suis,

246 2022 296 2048 ne
322 2008 420 2061 quid
445 2008 558 2062 prius
584 2023 709 2062 quam
729 2009 925 2049 mandata
949 2017 1137 2064 agerent3
1166 2010 1264 2051 satis
1291 2009 1459 2058 sciebat,
1485 2024 1611 2065 nega-

247 2082 384 2111 turum
409 2070 642 2111 Albanum:
668 2071 725 2112 ita
749 2072 817 2126 pie
842 2071 996 2113 bellum
1022 2072 1148 2113 indici
1171 2087 1308 2127 posse.
1353 2072 1404 2113 ab
1430 2071 1607 2113 Albanis

247 2132 458 2173 socordius
489 2147 555 2173 res
587 2141 696 2182 acta3
729 2134 891 2187 excepti
921 2133 1099 2187 hospitio
1137 2134 1188 2175 ab
1220 2134 1344 2174 Tullo
1380 2133 1530 2175 blande
1561 2148 1608 2174 ac

245 2193 423 2249 benigne
449 2195 557 2235 comi
581 2194 716 2236 fronte
740 2195 852 2250 regis
879 2195 1114 2236 convivium
1140 2195 1360 2236 celebrant.
1410 2195 1608 2249 tantisper

247 2255 424 2296 Romani
449 2263 488 2297 et
511 2271 577 2298 res
602 2257 878 2312 repetiverant
902 2257 1058 2311 priores
1084 2263 1124 2297 et
1148 2257 1317 2312 neganti
1335 2256 1503 2298 Albano
1523 2257 1609 2297 bcl-

246 2318 330 2358 lum
355 2318 398 2358 in
418 2319 669 2360 tricesimum
690 2319 799 2360 diem
819 2319 1064 2360 indixerant.
1097 2319 1198 2360 haec
1217 2319 1451 2360 renuntiant
1472 2319 1606 2359 Tullo.

332 2381 439 2421 Tum
466 2381 611 2437 legatis
640 2382 786 2422 Tullus
813 2381 976 2422 dicendi
1001 2388 1265 2436 potestatem,
1298 2381 1398 2435 quid
1421 2388 1608 2436 petentes

246 2443 449 2492 venerint,
487 2444 596 2484 fecit.
652 2444 711 2484 illi
736 2444 919 2485 omnium
943 2444 1077 2499 ignari
1100 2444 1279 2498 primum
1310 2444 1525 2498 purgando
1550 2451 1609 2484 tc-

245 2513 340 2544 runt
370 2513 550 2559 tempus:
589 2520 633 2547 se
662 2506 813 2547 invitos
845 2506 1086 2559 quicquam,
1124 2506 1235 2559 quod
1271 2506 1406 2546 minus
1448 2505 1607 2560 placcat

248 2566 388 2615 Tullo,
415 2568 614 2617 dicturos,
648 2569 721 2609 sed
744 2569 916 2623 imperio
943 2568 1097 2623 subigi:
1134 2582 1200 2609 res
1225 2568 1444 2623 repetitum
1471 2582 1514 2608 se
1538 2581 1607 2607 ve-

248 2628 370 2678 nisse,
397 2631 439 2670 ni
462 2631 697 2679 reddantur,
724 2631 878 2673 bellum
903 2631 1082 2672 indicere
1107 2631 1256 2672 iussos.
1303 2632 1356 2672 ad
1380 2631 1481 2672 haec.
1508 2629 1607 2670 Tul-

248 2689 311 2730 lus
345 2693 562 2733 ‘nuntiate'
595 2694 725 2747 inquit
758 2694 863 2748 ‘regi
888 2700 1043 2741 vestro,
1081 2708 1221 2748 regem
1246 2693 1481 2733 Romanum
1506 2691 1602 2731 deos
