1835 3226
343 207 426 247 492
611 213 759 247 LIBER
786 213 916 256 V1111,
941 212 995 246 44.
1014 213 1068 246 45.
1099 216 1146 256 [a.
1161 224 1196 247 u.
1214 213 1332 248 0419.
1347 214 1429 259 450]

346 317 556 359 consulem
589 330 682 356 eum
713 315 880 356 vulnere
910 316 1028 370 gravi
1063 315 1237 356 relatum
1267 316 1307 355 in
1334 323 1465 357 eastra
1497 324 1702 359 mortuum

343 380 509 433 quidam
535 385 722 419 auctores
749 384 844 419 sunt
869 385 908 418 et
921 377 982 418 M.
997 377 1193 419 Fulvium
1216 378 1258 418 in
1282 378 1417 419 locum
1443 379 1530 420 eius
1557 394 1704 421 consu-

342 442 422 482 lem
449 440 668 481 suffectum
693 446 732 480 et
757 439 808 481 ab
829 454 890 489 eo,
917 454 1011 481 cum
1036 440 1089 480 ad
1114 440 1338 481 exercitum
1351 439 1526 482 Minucii
1551 442 1702 482 missus

343 509 465 551 esset,
491 501 725 542 Bovianum
750 508 928 556 captum.

282 579 318 608 1ss
428 563 493 604 Eo
519 578 626 604 anno
649 562 765 613 Sora,
791 563 1012 618 Arpinum,
1041 562 1248 604 Cesennia
1272 571 1436 618 recepta
1461 564 1512 605 ab
1540 563 1704 606 Samni-

342 625 450 666 tibus
460 642 470 675 3
496 625 694 666 Herculis
721 641 919 681 magnum
945 625 1210 667 simulacrum
1234 626 1276 666 in
1292 625 1498 680 Capitolio
1522 627 1702 681 positum

343 687 672 740 dedicatumque.

303 765 311 792 1
422 749 672 789 XXXXV.
699 749 747 790 P.
766 748 950 804 Sulpicio
967 749 1225 798 Saverrione,
1240 749 1288 790 P.
1301 748 1545 804 Sempronio
1562 748 1703 804 Sopho

343 811 581 852 consulibus
599 810 822 861 Sanmites,
852 827 924 853 seu
949 812 1073 853 finem
1099 827 1173 853 seu
1197 812 1434 853 dilationem
1460 812 1555 853 belli
1580 827 1704 865 quae-

342 886 491 922 rentes,
518 874 677 929 legatos
704 875 754 915 (le
773 889 875 929 pace
888 874 1066 915 Romam
1092 875 1253 915 misere.
1291 874 1440 928 quibus
1468 875 1704 929 suppliciter

343 935 563 991 agentibus
590 951 834 991 responsum
861 943 941 986 est,
974 937 1053 977 nisi
1085 951 1208 991 saepe
1233 936 1385 977 bellum
1416 944 1607 991 parantes
1632 951 1704 991 pa-

341 1012 430 1038 cem
455 998 655 1052 petissent
672 997 893 1048 Samnites,
914 999 1096 1040 oratione
1117 998 1223 1039 ultro
1243 999 1343 1039 citro
1362 998 1502 1039 habita
1526 999 1577 1039 de
1601 1012 1703 1053 pace

343 1060 515 1115 transigi
539 1061 741 1115 potuisse:
768 1076 888 1110 nunc,
916 1061 1081 1115 quando
1100 1061 1225 1101 verba
1244 1076 1350 1102 vana
1376 1061 1428 1101 ad
1453 1061 1495 1101 id
1519 1060 1702 1102 1000111111

298 1136 316 1164 3
342 1122 511 1171 fuerint,
543 1122 666 1163 rebus
701 1123 893 1163 standum
924 1138 1028 1164 esse.
1082 1121 1132 1163 P.
1162 1122 1455 1177 Sempronium
1492 1122 1702 1163 consulem

343 1198 437 1223 cum
463 1184 645 1224 exercitu
669 1183 783 1224 brevi
814 1185 857 1224 in
884 1183 1055 1225 Samnio
1080 1184 1185 1225 fore:
1219 1199 1332 1234 eum,
1365 1185 1417 1225 ad
1448 1184 1600 1226 bellum
1632 1199 1703 1239 pa-

344 1259 486 1285 cemne
517 1245 713 1286 inclinent
744 1246 886 1295 animi,
919 1246 1007 1286 falli
1037 1261 1120 1287 non
1149 1261 1285 1300 posse.
1340 1253 1535 1301 conperta
1566 1246 1703 1287 omnia

345 1307 505 1347 senatui
530 1307 770 1356 relaturum3
798 1307 1063 1348 decedentem
1084 1323 1135 1348 cx
1152 1306 1322 1349 Samnio
1343 1308 1553 1349 consulem
1577 1307 1701 1362 legati

300 1383 317 1410 4
346 1375 626 1422 sequerentur.
683 1384 730 1410 eo
763 1384 868 1409 anno
901 1384 995 1409 cum
1026 1381 1217 1423 pacatum
1251 1368 1466 1411 Samnium
1498 1369 1700 1410 exercitus

343 1430 559 1471 Romanus
584 1430 763 1486 benigne
788 1431 973 1485 praebito
1000 1438 1230 1472 commeatu
1255 1439 1527 1486 peragrasset,
1554 1430 1700 1472 foedus

344 1493 558 1545 antiquum
586 1491 842 1534 Samnitibus
867 1493 1086 1534 redditum.

299 1569 317 1597 5
427 1553 498 1593 Ad
528 1553 702 1607 Aequos
734 1554 828 1595 inde
860 1561 1019 1595 veteres
1051 1554 1192 1596 hostes
1224 1560 1405 1595 ceterum
1440 1569 1514 1609 per
1549 1555 1699 1596 multos

343 1630 471 1656 annos
509 1615 586 1656 sub
625 1616 760 1670 specie
796 1616 947 1656 infidae
983 1617 1097 1670 pacis
1128 1616 1287 1669 quietos
1318 1631 1439 1657 versa
1474 1632 1586 1657 arma
1616 1616 1701 1657 Ro-

343 1692 477 1726 mana,
499 1678 610 1730 quod
634 1678 830 1718 incolumi
849 1677 1033 1719 Hernico
1058 1678 1223 1719 nomine
1249 1678 1553 1719 missitaverant
1579 1679 1699 1720 simul

299 1755 316 1783 u
343 1754 437 1779 cum
467 1738 530 1780 his
567 1738 744 1780 Samniti
775 1740 929 1780 auxilia
959 1746 998 1780 et
1028 1748 1121 1794 post
1151 1740 1358 1781 Hernicos
1390 1740 1582 1781 subactos
1612 1741 1702 1781 uni-

342 1815 463 1842 versa
492 1816 620 1856 prope
652 1817 755 1857 gens
787 1803 875 1843 sine
906 1802 1233 1843 dissimulatione
1266 1802 1425 1843 consilii
1461 1802 1614 1856 publici
1651 1803 1701 1843 ad

341 1862 481 1904 hostes
507 1863 755 1914 desciverat3
789 1872 828 1905 et
852 1872 1073 1919 postquam
1098 1865 1178 1905 icto
1204 1864 1362 1905 Romae
1388 1878 1481 1904 cum
1509 1863 1703 1905 Samniti-

300 1940 315 1968 ῖ
343 1924 419 1965 bus
447 1925 612 1967 foedere
638 1926 798 1968 fetiales
823 1933 1019 1967 venerant
1044 1941 1109 1967 res
1136 1927 1366 1981 repetitum,
1393 1927 1699 1981 temptationem

343 1986 507 2027 aiebant
543 2003 652 2037 esse,
690 1995 735 2028 ut
773 1995 925 2029 terrore
962 1988 1129 2029 incusso
1166 1988 1263 2029 belli
1293 1988 1504 2029 Romanos
1537 2003 1580 2029 se
1615 1988 1702 2029 ficri

342 2055 596 2102 paterentur,
629 2051 740 2104 quod
771 2058 924 2104 quanto
956 2065 1078 2105 opere
1110 2051 1334 2105 optandum
1367 2050 1471 2091 foret
1496 2050 1701 2092 Hernicos

343 2112 548 2162 docuisse,
575 2127 670 2153 cum
695 2113 846 2166 quibus
871 2113 1029 2154 licuerit
1057 2129 1151 2155 suas
1177 2113 1291 2168 leges
1311 2113 1523 2154 Romanae
1549 2113 1703 2154 civitati

298 2186 316 2216 S
341 2176 698 2230 praeoptaverint3
740 2175 890 2229 quibus
927 2176 1094 2231 legendi
1129 2176 1229 2229 quid
1264 2175 1432 2216 mallent
1469 2174 1588 2229 copia
1621 2190 1703 2216 non

342 2237 465 2277 fuerit
508 2253 582 2292 pro
624 2253 757 2293 poena
794 2239 1069 2279 necessariam
1107 2238 1313 2279 civitatem
1349 2238 1450 2278 fore.
1511 2237 1563 2279 ob
1600 2237 1703 2278 haer:

342 2299 467 2354 vulgo
499 2300 540 2340 in
571 2301 753 2341 conciliis
785 2301 935 2341 iactata
970 2300 1148 2355 populus
1180 2300 1394 2341 Romanus
1425 2299 1579 2341 bellum
1615 2299 1702 2340 fieri

299 2374 316 2402 a
343 2360 503 2414 Aequis
528 2363 671 2403 iussit:
709 2362 981 2416 consulesque
1007 2362 1130 2404 ambo
1155 2362 1208 2403 ad
1232 2377 1386 2403 11011111]
1410 2361 1585 2416 profecti
1618 2360 1702 2402 bel-

279 2436 317 2465 10
342 2422 427 2463 111111
447 2431 640 2477 quattuor
663 2425 775 2465 milia
794 2441 817 2466 a
837 2425 980 2466 eastris
1005 2425 1185 2466 hostium
1211 2424 1495 2466 consederunt.
1533 2423 1702 2476 Aequo-

342 2500 432 2525 rum
452 2488 668 2537 exercitus,
689 2494 734 2528 ut
753 2488 822 2541 qui
844 2503 918 2528 suo
937 2488 1102 2528 nomine
1127 2487 1353 2542 permultos
1375 2501 1503 2527 annos
1529 2485 1700 2526 inbelles

343 2548 538 2601 egissent,
565 2549 830 2591 tumultuario
856 2550 1014 2599 similis,
1042 2550 1129 2591 51110
1150 2549 1324 2590 ducibus
1351 2549 1486 2598 certis,
1514 2549 1600 2590 sine
1626 2548 1701 2588 irn—

280 2621 315 2650 11
344 2610 474 2661 perio,
512 2612 727 2666 trepidare.
789 2612 892 2653 alius
930 2612 1164 2653 exeundum
1202 2612 1244 2652 in
1275 2611 1424 2660 aciem,
1463 2611 1530 2651 alii
1567 2616 1700 2651 castra

343 2672 494 2712 tuenda
519 2680 698 2714 censent.
738 2680 874 2715 movet
899 2674 1117 2729 plerosque
1143 2674 1318 2715 vastatio
1343 2673 1482 2715 futura
1507 2686 1697 2727 agrorum

298 950 316 978 ΙΟ
