1835 3226
338 232 393 273 90
694 236 847 271 LIBER
871 237 927 281 11,
952 237 1006 271 29.
1025 237 1080 271 30.
1107 239 1156 280 [a.
1169 248 1205 271 u.
1219 248 1250 272 c.
1264 238 1347 282 260]

338 342 466 383 sules:
494 345 563 381 ‘ne
588 339 845 394 praedictum
869 340 1044 394 negetis,
1069 347 1207 394 patres
1233 341 1468 396 conscripti,
1495 342 1646 384 adest
1635 359 1697 384 m-

335 417 438 457 gens
476 401 635 442 seditio.
683 400 963 454 postulamus,
1001 408 1047 441 ut
1081 401 1128 450 ii,
1165 401 1237 455 qui
1273 403 1452 444 maxime
1487 403 1696 458 ignatiam

334 465 559 518 increpant,
585 462 721 504 adsint
746 462 865 503 nobis
889 462 1139 504 habentibus
1165 463 1387 504 dilectum·
1422 465 1609 506 acerrimi
1627 481 1699 507 cu-

334 527 481 580 iusque
505 523 692 573 arbitrio,
718 524 884 577 quando
907 524 965 565 ita
987 524 1141 579 placet,
1167 539 1255 566 rem
1279 526 1477 581 agemus?
1525 527 1697 569 redeunt

334 589 374 628 in
412 586 608 635 tlibunal,
645 586 763 627 citari
797 586 1040 627 nominatim
1075 601 1204 627 unum
1236 601 1287 628 ex
1322 588 1391 636 iis,
1429 589 1500 642 qui
1529 589 1572 629 in
1592 601 1699 630 *con-

335 656 478 704 spectu
503 656 637 696 erant,
675 647 816 688 dedita
840 662 965 702 opera
994 648 1151 689 iubent.
1201 663 1296 690 cum
1327 657 1455 690 staret
1485 651 1633 692 tacitus
1659 658 1699 692 et

335 711 442 752 circa
468 724 562 751 eum
593 709 747 763 aliquot
777 709 1012 759 hominum,
1049 725 1103 751 ne
1132 709 1239 751 forte
1269 710 1510 761 violaretur,
1548 713 1700 753 consti-

291 787 309 814 :3
335 773 453 813 tisset
476 771 646 827 globus,
678 771 863 812 lictorem
889 772 942 812 ad
966 787 1062 813 eum
1086 771 1278 813 consules
1303 773 1482 814 mittunt.
1530 788 1612 827 quo
1635 789 1699 816 re-

333 835 473 890 pulso,
510 842 598 874 tum
627 848 725 875 vero
754 834 972 889 indignum
1002 833 1165 875 facinus
1203 849 1295 876 esse
1333 835 1590 877 clamitantes
1627 837 1698 889 qui

332 904 496 953 patrum
522 895 761 938 consulibus
786 896 956 937 aderant
981 896 1175 937 devolant
1195 896 1247 937 de
1267 896 1473 946 tribunali,
1499 905 1545 938 ut
1563 897 1698 939 lictori

289 974 309 1002 4
335 959 487 1000 auxflio
512 965 662 999 essent.
713 958 787 999 sed
812 957 864 999 ab
889 957 1049 1007 lictore,
1082 957 1184 998 nihil
1209 957 1322 999 aliud
1346 973 1472 1012 quam
1496 959 1698 1013 prendere

332 1021 557 1076 prohibito,
595 1035 690 1061 cum
722 1035 947 1061 conversus
978 1020 1021 1060 in
1050 1028 1187 1075 patres
1218 1020 1398 1075 impetus
1434 1028 1563 1070 esset,
1600 1035 1697 1062 con-

334 1083 470 1124 sulum
494 1083 725 1122 intercursu
754 1082 843 1123 rixa
875 1082 1017 1123 sedata
1048 1090 1128 1131 est,
1166 1082 1207 1122 in
1239 1096 1321 1135 qua
1351 1089 1490 1124 tamen
1521 1083 1609 1123 sine
1638 1082 1698 1123 la-

332 1145 446 1200 pide,
483 1144 571 1185 sinc
596 1143 677 1184 telo
701 1143 794 1198 plus
820 1143 1010 1185 clamoris
1035 1151 1159 1197 atque
1188 1144 1342 1185 irarum
1373 1159 1497 1197 quam
1521 1145 1696 1186 iniuriae

291 1221 310 1249 5
335 1206 483 1247 fuerat.
533 1212 720 1253 senatus,
757 1204 1010 1245 tumultuose
1041 1212 1232 1254 vocatus,
1270 1205 1564 1246 tumultuosius
1601 1220 1697 1246 con-

335 1267 492 1316 sulitur,
519 1266 803 1320 quaestionem
827 1265 1133 1320 postulantibus
1159 1266 1222 1315 iis,
1249 1266 1320 1319 qui
1344 1266 1497 1320 pulsati
1518 1266 1694 1315 fuerant,

333 1329 577 1370 decernente
602 1328 861 1369 ferocissimo
886 1341 1051 1380 quoque
1076 1342 1158 1368 non
1185 1328 1398 1369 sententiis
1417 1328 1552 1382 magis
1571 1342 1695 1381 quam

290 1405 309 1434 6
335 1391 514 1432 clamore
545 1397 585 1431 et
623 1390 808 1444 strepitu.
863 1389 1030 1430 tandem
1068 1404 1161 1430 cum
1197 1389 1281 1430 irae
1318 1390 1587 1439 resedissent,
1626 1404 1696 1430 ex-

332 1452 623 1508 probrantibus
660 1451 920 1500 consulibus,
967 1451 1095 1492 nihilo
1136 1451 1230 1506 plus
1273 1451 1459 1492 sanitatis
1500 1451 1543 1492 in
1583 1452 1697 1492 curia

333 1529 457 1568 quam
482 1515 525 1555 in
549 1514 639 1555 foro
664 1528 769 1562 esse,
796 1514 939 1554 ordine
964 1513 1125 1554 consuli
1150 1512 1297 1567 coepit.

290 1591 306 1618 r
419 1575 523 1616 Tres
548 1575 663 1616 fuere
689 1575 935 1628 sententiae:
961 1574 1010 1615 P.
1025 1574 1249 1629 Verginius
1275 1589 1362 1615 rem
1381 1590 1464 1616 non
1483 1574 1695 1630 vulgabat,

333 1638 384 1678 de
419 1638 471 1678 iis
507 1646 685 1685 tantum,
729 1637 799 1689 qui
834 1624 961 1677 fidem
998 1636 1128 1677 secuti
1163 1635 1289 1676 Publi
1329 1634 1478 1677 Serxili
1513 1636 1695 1677 consulis

332 1699 507 1748 Volsco,
544 1698 746 1738 Aurunco
779 1696 1019 1751 Sabinoque
1051 1697 1297 1738 nulitassent
1327 1697 1453 1747 bello,
1490 1698 1697 1753 agendum

289 1774 309 1804 S
335 1760 543 1802 censebat.
594 1759 714 1800 Titus
739 1759 919 1800 Larcius
951 1774 1034 1800 non
1063 1759 1107 1799 id
1137 1766 1302 1813 tempus
1334 1773 1445 1809 esse,
1482 1767 1529 1799 ut
1553 1759 1697 1800 merita

333 1821 617 1863 tantummodo
643 1820 970 1870 exsolverenturg
1002 1828 1131 1861 totam
1154 1820 1321 1875 plebem
1345 1835 1438 1861 aere
1468 1820 1602 1862 alieno
1626 1821 1698 1862 de-

332 1899 513 1925 mersam
537 1898 630 1925 esse
654 1898 731 1924 nec
757 1883 846 1924 sisti
870 1898 1008 1938 posse,
1033 1883 1077 1923 ni
1095 1883 1287 1924 omnibus
1308 1883 1557 1933 consulatur,
1583 1884 1695 1937 quin,

334 1946 368 1987 si
404 1946 483 1986 alia
522 1945 695 1986 aliorum
733 1945 785 1986 sit
822 1945 1028 1994 condicio,
1071 1945 1242 1986 accendi
1277 1945 1411 2000 magis
1449 1945 1696 1986 discordiam

289 2023 306 2052 9
333 2024 457 2063 quam
484 2008 630 2049 sedari.
678 2007 763 2062 Ap.
791 2006 1013 2057 Claudius,
1050 2015 1089 2048 et
1123 2015 1271 2049 natura
1293 2008 1449 2049 inmitis
1479 2015 1520 2049 et
1551 2008 1697 2049 effera-

333 2081 399 2111 tus
424 2070 521 2111 hine
545 2069 679 2124 plebis
705 2070 819 2118 odio,
846 2069 959 2111 illinc
982 2076 1147 2124 patrum
1173 2069 1386 2119 laudibus,
1413 2085 1496 2111 non
1520 2070 1695 2111 miseriis

333 2133 407 2181 ait,
446 2132 520 2173 sed
549 2132 715 2172 licentia
745 2139 906 2172 tantum
942 2132 1149 2173 concitum
1186 2131 1401 2172 turbarum
1437 2139 1478 2172 et
1507 2131 1695 2172 lascivire

270 2208 308 2236 lo
333 2194 467 2249 magis
497 2192 665 2249 plebem
695 2208 820 2247 quam
852 2193 1023 2234 saevire.
1070 2193 1114 2233 id
1145 2193 1249 2234 adeo
1278 2193 1435 2234 malum
1465 2207 1518 2234 ex
1546 2208 1696 2248 provo·

334 2256 493 2297 catione
528 2262 691 2304 natum,
727 2255 880 2309 quippe
910 2255 1043 2295 minas
1075 2269 1167 2295 esse
1199 2255 1433 2304 consulum,
1469 2269 1554 2296 non
1583 2255 1698 2310 inpe-

333 2317 458 2366 rium,
496 2316 568 2358 ubi
593 2317 646 2357 ad
670 2331 760 2365 eos,
797 2316 869 2370 qui
892 2331 974 2357 una
998 2316 1279 2371 peccaverint,
1315 2331 1538 2371 provocare
1563 2316 1694 2358 liceat.

271 2394 304 2421 11
335 2379 549 2434 ‘agedum’
579 2378 711 2432 inquit
743 2378 1023 2428 ‘dictatorem‚
1060 2393 1085 2419 a¹
1121 2392 1203 2432 quo
1232 2378 1471 2433 provocatio
1506 2393 1590 2420 non
1620 2385 1694 2427 est,

334 2440 538 2481 creemus!
564 2440 647 2481 iam
659 2439 740 2489 hic,
766 2454 848 2493 quo
861 2454 970 2480 nunc
984 2440 1121 2480 omnia
1135 2439 1292 2488 ardent,
1318 2440 1555 2480 conticiscet
1568 2439 1694 2480 furor.

271 2516 308 2544 12
333 2502 469 2557 pulset
493 2510 581 2543 tum
605 2501 707 2542 mihi
730 2501 934 2551 lictorem,
971 2502 1043 2555 qui
1074 2501 1193 2551 sciet,
1224 2502 1288 2542 ius
1314 2502 1365 2542 de
1389 2508 1505 2556 tergo
1529 2502 1695 2554 vitaque

337 2578 409 2604 sua
433 2578 561 2618 penes
586 2579 715 2604 unum
739 2563 855 2604 illum
880 2577 985 2612 esse,
1012 2563 1130 2604 cuius
1155 2563 1413 2604 maiestatem
1436 2561 1644 2603 violavitl’

295 2639 307 2665 1
418 2625 573 2666 XXX.
611 2625 772 2673 Multis,
800 2632 843 2665 ut
868 2632 967 2673 erat,
992 2624 1157 2665 horrida
1177 2631 1217 2665 et
1235 2631 1352 2665 atrox
1370 2623 1586 2665 videbatur
1603 2622 1694 2677 Ap-

335 2686 391 2739 pii
417 2688 637 2736 scntentia3
667 2702 809 2728 rursus
834 2685 1008 2741 Vergini
1032 2686 1256 2740 Larciique
1281 2685 1470 2740 exemplo
1494 2684 1604 2725 haud
1629 2699 1692 2725 sa—

291 540 309 568 Ιῦ
