1780 3204
509 274 666 309 LIBER
690 275 784 320 1111,
803 275 834 310 9.
855 276 908 310 10.
937 278 984 319 [a.
999 274 1038 310 c.
1053 274 1135 318 443]
1423 265 1506 307 203

145 381 225 437 ipsi
250 379 435 421 eiusdem
460 378 641 432 corporis
667 385 793 428 erant,
819 378 968 420 nobilis
990 378 1103 428 alter,
1129 377 1242 419 nulla
1259 392 1302 419 re
1328 383 1508 433 praeter-

145 458 271 497 quam
296 442 428 483 forma
453 447 611 495 captus.
655 441 907 482 adiuvabant
932 455 1026 482 eum
1058 441 1330 496 optumatium
1357 440 1504 490 studia,

145 520 219 560 per
243 519 348 558 quae
371 503 415 544 in
438 503 609 544 domum
634 517 799 556 quoque
823 503 985 557 puellae
1011 509 1218 544 certamen
1242 502 1420 557 partium
1437 517 1509 557 pe·-

145 567 332 608 netravit.
381 564 531 606 nobilis
559 565 746 619 superior
770 565 921 606 iudicio
947 565 1088 606 matris
1115 580 1226 615 esse,
1253 579 1358 619 quae
1384 579 1509 618 quam

147 627 491 684 splendidissimis
522 627 678 682 nuptiis
710 627 826 682 iungi
856 627 1037 682 puellam
1067 627 1250 677 volebat3
1288 633 1442 668 tutores
1466 627 1509 667 in

146 707 195 733 ea
218 706 382 746 quoque
407 705 450 732 re
474 691 653 745 partium
678 705 882 731 memores
903 691 956 731 ad
975 705 1095 732 suum
1116 690 1295 731 tendere.
1329 704 1425 731 cum
1442 703 1508 730 res

143 754 287 809 peragi
310 755 417 794 intra
440 753 618 808 parietes
644 753 868 806 nequisset,
896 759 1066 793 ventum
1091 753 1133 793 in
1156 753 1221 794 ius
1248 759 1322 793 est.
1364 757 1509 807 postu-

145 817 232 858 latu
256 816 395 857 audito
421 816 563 856 matris
589 822 855 869 tutorumque
881 815 1147 870 magistratus
1179 815 1406 856 secundum
1435 829 1509 868 pa-

146 878 271 920 rentis
291 877 502 919 arbitrium
522 878 619 918 dant
638 877 702 918 ius
724 877 974 932 nuptiarum.
1014 877 1088 918 sed
1106 878 1168 918 vis
1195 877 1400 931 potentior
1418 875 1507 916 fuit.

147 954 325 994 namque
350 946 525 990 tutores,
563 940 668 980 inter
694 955 793 980 suae
818 939 946 995 partis
972 939 1160 980 homines
1186 940 1237 979 de
1267 938 1415 979 iniuria
1439 938 1510 978 de-

148 1003 246 1044 creti
258 1002 395 1058 palam
408 1002 451 1043 in
464 1002 553 1044 foro
568 1002 802 1052 contionati,
829 1017 954 1042 manu
968 1002 1077 1044 facta
1095 1001 1296 1056 virginem
1317 1015 1367 1041 ex
1387 1001 1510 1041 domo

147 1065 288 1106 matris
313 1065 489 1119 rapiunt.
527 1065 726 1106 adversus
747 1079 851 1118 quos
871 1063 1058 1104 infestior
1077 1070 1216 1104 coorta
1235 1062 1508 1117 optumatium

147 1128 255 1168 acies
271 1128 453 1180 sequitur
467 1142 688 1168 accensum
700 1127 846 1167 iniuria
859 1127 1062 1167 iuvenem.
1101 1126 1146 1166 fit
1157 1125 1360 1180 proelium
1379 1131 1508 1164 atrox.

146 1189 266 1243 pulsa
289 1189 426 1243 plebs,
452 1188 554 1228 nihil
578 1188 792 1229 Romanae
816 1187 927 1242 plebi
953 1186 1117 1236 similis,
1150 1192 1307 1227 armata
1332 1200 1383 1226 ex
1408 1184 1509 1226 urbe

146 1250 349 1304 profecta,
387 1250 488 1290 colle
519 1250 699 1303 quodam
731 1256 850 1303 capto
882 1249 925 1289 in
955 1263 1077 1304 agros
1109 1247 1384 1302 optumatium
1416 1262 1510 1287 cum

147 1312 254 1352 ferro
273 1312 441 1367 ignique
461 1311 726 1352 excursiones
747 1310 858 1360 facit,
885 1310 1029 1351 urbem
1049 1324 1227 1363 quoque,
1254 1309 1366 1350 omni
1386 1309 1509 1350 etiam
1536 1324 1541 1337 ¹

146 1380 311 1428 experte
331 1380 424 1414 ante
445 1373 678 1414 certaminis
699 1372 961 1413 multitudine
981 1372 1176 1427 opificum
1190 1372 1242 1413 ad
1263 1386 1379 1426 spem
1392 1386 1511 1426 prae-

145 1436 222 1476 dae
253 1442 439 1485 evocata,
472 1435 661 1477 obsidere
692 1442 820 1490 parat.
875 1449 952 1476 nec
981 1435 1066 1475 ulla
1098 1435 1256 1489 species
1288 1434 1509 1487 cladesque

144 1497 241 1539 belli
271 1497 389 1539 abest
419 1497 532 1538 velut
558 1504 747 1539 contacta
778 1497 942 1538 civitate
973 1496 1086 1538 rabie
1112 1497 1288 1537 duorum
1312 1496 1508 1536 iuvenum

145 1560 330 1602 funestas
356 1560 519 1615 nuptias
540 1575 592 1601 ex
610 1575 760 1601 occasu
778 1559 935 1614 patriae
954 1559 1194 1614 petentium.
1237 1573 1384 1613 parum
1403 1558 1510 1613 parti

145 1623 307 1676 utrique
333 1622 444 1663 domi
469 1638 676 1663 armorum
700 1622 880 1675 bellique
906 1628 968 1662 est
986 1622 1135 1662 visum.
1174 1628 1406 1675 optumates
1426 1620 1511 1661 Ro-

147 1700 289 1726 manos
321 1685 374 1725 ad
398 1684 598 1725 auxilium
628 1684 742 1725 urbis
775 1683 990 1733 obsessae,
1028 1683 1146 1738 plebs
1178 1684 1231 1723 ad
1267 1697 1510 1737 expugnan-

148 1745 243 1786 dam
263 1761 403 1787 secum
422 1746 607 1786 Ardeam
625 1746 802 1787 Volscos
822 1746 1022 1786 excivere.
1059 1746 1215 1799 priores
1236 1743 1380 1785 Volsci
1405 1744 1509 1784 duce
1559 1763 1565 1769 ·

148 1807 298 1860 Aequo
325 1807 476 1848 Cluilio
502 1807 686 1848 Ardeam
718 1822 866 1848 venere
893 1814 933 1848 et
963 1806 1179 1848 moenibus
1211 1806 1394 1847 hostium
1424 1805 1511 1846 val-

149 1870 235 1910 lum
259 1869 456 1910 obiecere.
505 1870 617 1922 quod
640 1869 712 1910 ubi
736 1870 914 1911 Romam
939 1875 1002 1911 est
1025 1869 1276 1917 nuntiatum,
1303 1868 1510 1922 extemplo

148 1931 209 1972 M.
227 1929 440 1985 Geganius
466 1931 609 1972 consul
634 1946 728 1972 cum
753 1931 935 1972 exercitu
960 1930 1168 1985 profectus
1190 1930 1265 1970 tria
1285 1930 1397 1970 milia
1415 1944 1511 1984 pas-

151 2009 243 2035 sum
273 1993 324 2034 ab
355 1993 474 2034 hoste
504 1993 640 2034 locum
671 1993 815 2034 castris
854 1993 962 2047 cepit
996 1992 1290 2047 praecipitique
1326 1993 1408 2032 iam
1444 1992 1509 2040 die

150 2070 291 2096 curare
322 2069 492 2109 corpora
521 2055 670 2096 milites
701 2054 826 2096 iubet.
875 2061 1019 2108 quarta
1050 2055 1195 2095 deinde
1228 2054 1367 2109 vigilia
1393 2054 1511 2109 signa

150 2116 305 2172 profert
330 2123 602 2171 coeptumque
628 2131 732 2171 opus
759 2117 862 2157 adeo
892 2117 1210 2171 adproperatum
1235 2123 1315 2165 est,
1352 2122 1397 2156 ut
1423 2116 1508 2157 sole

151 2185 238 2219 orto
269 2178 413 2220 Volsci
442 2179 619 2220 firmiore
652 2193 696 2219 se
727 2179 983 2220 munimento
1020 2178 1071 2220 ab
1102 2178 1303 2219 Romanis
1335 2172 1508 2218 circum-

150 2241 323 2281 vallatos
350 2255 474 2294 quam
499 2256 523 2281 a
549 2255 592 2282 se
622 2241 769 2282 urbem
793 2241 990 2282 viderent.
1040 2247 1080 2281 et
1111 2240 1190 2281 alia
1220 2247 1333 2294 parte
1365 2241 1510 2281 consul

153 2317 267 2343 muro
287 2302 452 2343 Ardeae
472 2302 685 2343 brachium
705 2303 947 2353 iniunxerat,
974 2317 1056 2356 qua
1075 2318 1125 2343 ex
1146 2302 1296 2357 oppido
1317 2302 1380 2343 sui
1400 2317 1511 2343 com-

154 2378 286 2404 meare
311 2371 495 2418 possent.

233 2425 293 2467 X.
342 2425 522 2468 Volscus
554 2427 793 2482 imperator,
833 2428 904 2481 qui
934 2428 987 2468 ad
1017 2442 1108 2469 eam
1145 2428 1255 2468 diem
1284 2442 1368 2468 non
1398 2442 1509 2468 com-

150 2495 286 2529 meatu
311 2496 575 2543 pracparato,
614 2490 686 2530 sed
718 2505 770 2531 ex
798 2490 1064 2545 populatione
1096 2505 1290 2545 agrorum
1320 2496 1436 2545 rapto
1467 2490 1508 2530 in

150 2550 258 2591 diem
288 2550 494 2592 frumento
525 2552 696 2593 aluisset
726 2553 915 2602 militem,
953 2559 1172 2607 postquam
1204 2558 1370 2607 saeptus
1401 2552 1508 2594 vallo

148 2618 315 2666 repente
340 2612 459 2667 inops
486 2614 669 2654 omnium
694 2629 830 2655 rerum
850 2621 947 2662 erat,
974 2614 1027 2655 ad
1053 2614 1316 2668 conloquium
1341 2614 1508 2656 consule

150 2681 338 2725 evocato,
377 2676 412 2716 si
438 2675 658 2717 solvendae
689 2676 915 2718 obsidionis
941 2691 1067 2718 causa
1097 2677 1254 2718 venerit
1277 2676 1506 2726 Romanus,

149 2736 422 2779 abducturum
442 2753 485 2780 se
505 2738 600 2780 inde
619 2738 796 2780 Volscos
818 2739 885 2780 ait.
929 2739 1127 2781 adversus
1153 2753 1202 2781 ea
1226 2739 1369 2781 consul
1390 2739 1507 2780 victis

1537 951 1553 979 —J

1539 1448 1577 1476 10

1539 1572 1573 1600 11

1538 1883 1551 1910 1
1560 1881 1577 1909 :3

1538 2256 1575 2284 14

1535 2753 1552 2782 ξ),
