1835 3226
324 284 408 324 230
655 285 809 321 LIBER
833 286 926 331 1111,
953 287 1007 321 39.
1028 287 1082 321 40.
1112 289 1160 331 [a.
1174 299 1208 321 u.
1223 299 1252 322 c.
1268 287 1329 322 331
1335 291 1350 331 j

321 393 374 434 ab
410 391 566 432 tumulo
604 405 700 432 suos
738 389 910 431 devocat
947 396 986 430 et
1022 390 1064 430 in
1101 396 1235 431 castra
1264 390 1454 432 Romana
1483 399 1679 446 penetrat.

277 468 294 496 a
321 454 393 495 ubi
418 467 511 494 cum
536 458 655 493 vasta
673 452 917 505 desertaque
938 452 1075 493 omnia
1094 458 1216 506 atque
1237 452 1409 493 eandem
1429 467 1554 506 quam
1573 455 1682 508 apud

320 517 461 556 hostes
486 514 725 556 foeditatem
750 514 994 564 invenisset,
1026 514 1266 569 priusquam
1291 514 1468 556 Volscos
1493 516 1682 570 cognitus

323 591 434 618 error
450 576 683 626 reduceret,
710 575 860 629 quibus
880 582 1039 630 poterat
1059 576 1208 617 sauciis
1228 577 1361 618 ductis
1383 591 1542 627 secum,
1568 577 1684 632 igna-

322 654 412 689 rus,
444 653 568 693 quam
599 638 810 694 regionem
843 638 986 680 consul
1017 639 1206 694 petisset,
1239 640 1291 680 ad
1316 639 1460 681 urbem
1485 640 1682 695 proximis

322 700 537 742 itineribus
562 701 708 756 pergit.

283 778 293 804 1
407 762 615 803 XXXX.
653 763 745 803 Iam
765 777 814 804 eo
833 763 945 803 fama
963 777 1129 818 pugnae
1149 763 1347 804 adversae
1374 770 1683 818 castrorumque

322 819 578 860 desertorum
601 819 759 874 perlata
784 825 870 860 erat
890 826 928 860 et
949 826 1042 860 ante
1062 819 1199 860 omnia
1217 820 1417 874 deplorati
1438 826 1553 860 erant
1572 820 1684 874 equi-

323 887 383 922 tes
409 896 491 922 non
515 881 676 936 privato
701 881 834 937 magis
861 895 983 935 quam
1009 881 1174 936 publico
1194 881 1308 922 luctu
1324 882 1564 936 Fabiusque
1589 897 1685 924 con-

323 943 387 984 sul
412 950 565 985 terrore
590 943 682 984 urbi
707 957 870 997 quoque
896 943 1045 985 iniecto
1072 943 1291 985 stationem
1316 950 1408 985 ante
1428 950 1567 999 portas
1587 959 1684 1000 age-

323 1006 411 1055 bat,
445 1021 539 1047 cum
565 1006 723 1060 equites
748 1006 891 1061 procul
917 1006 995 1047 visi
1019 1021 1102 1048 non
1128 1006 1214 1048 sine
1239 1012 1392 1048 terrore
1417 1007 1468 1048 ab
1494 1006 1682 1056 ducibus,

323 1068 492 1121 quinam
535 1078 691 1118 essent,
735 1083 834 1109 mox
871 1069 1025 1124 cogniti
1061 1075 1217 1110 tantam
1254 1083 1306 1110 ex
1340 1075 1452 1110 metu
1487 1069 1684 1110 laetitiam

322 1129 476 1179 fecere,
513 1137 557 1171 ut
587 1131 741 1171 clamor
765 1131 908 1172 urbem
934 1132 1177 1186 pervaderet
1201 1131 1515 1187 gratulantium,
1549 1131 1685 1173 salvos

283 1204 301 1231 :3
327 1191 586 1245 victoresque
616 1192 774 1233 redisse
801 1193 977 1246 equites,
1009 1200 1047 1233 et
1074 1207 1125 1233 ex
1150 1193 1318 1234 maestis
1343 1193 1468 1248 paulo
1494 1199 1587 1234 ante
1613 1193 1686 1234 do-

325 1253 480 1303 mibus,
518 1268 625 1307 quae
656 1254 1014 1295 conclamaverant
1046 1269 1161 1305 suos,
1194 1262 1500 1309 procurreretur
1530 1255 1572 1295 in
1597 1255 1685 1295 vias

324 1316 580 1370 pavidaeque
612 1322 762 1358 matres
794 1331 843 1358 ac
874 1317 1090 1372 coniuges,
1130 1317 1280 1358 oblitae
1310 1331 1407 1372 prae
1438 1317 1590 1372 gaudio
1616 1316 1685 1357 de-

325 1378 450 1427 coris,
478 1378 643 1420 obviam
669 1379 824 1434 agmini
850 1386 1127 1428 occurrerent,
1160 1379 1202 1419 in
1229 1393 1325 1420 suos
1351 1393 1537 1432 quaeque
1564 1378 1684 1419 simul

325 1454 494 1494 corpore
532 1447 654 1494 atque
691 1441 827 1482 animo
863 1441 933 1481 vix
969 1455 1065 1495 prae
1102 1441 1255 1495 gaudio
1292 1447 1479 1495 compote
1516 1440 1684 1481 effusae.

280 1515 299 1543 4
326 1501 499 1542 tribunis
525 1502 653 1556 plebi,
681 1503 752 1556 qui
768 1502 831 1544 M.
853 1502 1070 1544 Postumio
1089 1509 1129 1543 et
1149 1502 1198 1543 T.
1221 1502 1417 1555 Quinctio
1438 1502 1546 1542 diem
1573 1502 1686 1542 dixe-

325 1569 435 1612 rant,
474 1564 586 1616 quod
615 1564 667 1605 ad
693 1563 821 1606 Veios
853 1578 994 1605 eorum
1025 1579 1151 1618 opera
1175 1564 1281 1605 male
1305 1570 1536 1619 pugnatum
1562 1570 1683 1613 esset,

326 1626 488 1665 occasio
520 1626 610 1667 visa
640 1632 702 1667 est
732 1641 806 1681 per
835 1641 979 1668 recens
1005 1627 1145 1668 odium
1173 1625 1393 1682 Semproni
1418 1627 1598 1668 consulis
1624 1642 1686 1668 re-

281 1701 298 1729 5
326 1687 544 1728 novandae
574 1688 617 1728 in
647 1702 718 1729 eos
749 1688 940 1729 invidiae.
988 1688 1126 1742 itaque
1151 1689 1352 1730 advocata
1376 1689 1564 1730 contione
1591 1703 1685 1730 cum

324 1748 530 1803 proditam
554 1748 671 1790 Veiis
702 1764 788 1790 rem
820 1749 1028 1804 publicam
1059 1764 1151 1791 esse
1176 1749 1228 1792 ab
1253 1750 1448 1800 ducibus,
1480 1751 1686 1805 proditum

325 1811 491 1860 deinde,
534 1811 631 1864 quia
666 1811 746 1852 illis
783 1812 936 1866 inpune
972 1811 1114 1862 fuerit,
1149 1812 1194 1852 in
1228 1811 1394 1853 Volscis
1431 1811 1482 1854 ab
1519 1812 1687 1854 consule

325 1873 570 1923 exercitum,
597 1874 768 1915 traditos
788 1875 841 1915 ad
860 1874 1028 1915 caedem
1048 1874 1296 1915 fortissimos
1323 1875 1499 1928 equites,
1526 1874 1689 1916 deserta

282 1949 299 1978 6
327 1935 448 1976 foede
474 1941 609 1977 eastra
634 1936 847 1977 vociferati
872 1946 1028 1986 essent,
1056 1935 1106 1978 C.
1131 1936 1277 1978 Iunius
1302 1951 1410 1977 unus
1437 1951 1488 1977 ex
1513 1935 1687 1978 tribunis

326 1997 603 2051 Tempanium
645 1999 826 2052 equitem
868 1999 1006 2040 vocari
1047 1998 1168 2040 iussit
1210 2013 1429 2052 coramque
1467 1998 1504 2039 ei
1542 1996 1689 2040 ‘Sexte

326 2059 560 2114 Tempani,’
585 2061 719 2115 inquit
744 2065 915 2115 ‘quaero
940 2062 991 2103 de
1012 2068 1071 2111 te,
1098 2061 1372 2110 arbitrerisne,
1395 2059 1548 2102 Gaium
1570 2058 1690 2102 Sem-

325 2122 516 2175 pronium
548 2123 761 2164 consulem
791 2130 862 2164 aut
890 2124 933 2164 in
958 2130 1142 2178 tempore
1166 2138 1350 2178 pugnam
1374 2122 1500 2164 inisse
1527 2128 1597 2163 aut
1620 2121 1689 2162 fir-

326 2199 463 2226 masse
485 2185 680 2227 subsidiis
695 2187 825 2227 aciem
840 2193 909 2228 aut
924 2187 1006 2228 ullo
1018 2186 1116 2228 boni
1130 2186 1310 2227 consulis
1324 2185 1513 2226 functum
1527 2184 1690 2226 officio?

283 2260 298 2287 7
326 2252 366 2287 et
390 2252 487 2288 tune
511 2248 601 2302 ipse
621 2248 738 2289 victis
758 2248 991 2304 legionibus
1006 2248 1204 2290 Romanis
1224 2254 1294 2289 tuo
1315 2247 1486 2288 consilio
1507 2247 1688 2300 equitem

327 2309 380 2350 ad
403 2310 531 2364 pedes
552 2310 771 2352 deduxeris
791 2311 1101 2364 restituerisque
1120 2309 1329 2366 pugnam?
1353 2309 1522 2350 excluso
1541 2309 1690 2350 deinde

327 2370 379 2412 ab
412 2372 499 2413 acie
529 2379 670 2414 nostra
700 2372 775 2414 tibi
804 2379 927 2427 atque
958 2372 1165 2426 equitibus
1197 2388 1297 2413 num
1328 2378 1399 2413 aut
1429 2371 1575 2413 consul
1599 2371 1690 2426 ipse

284 2446 303 2475 s
330 2434 568 2476 subvenerit
604 2443 675 2477 aut
711 2436 868 2477 miserit
903 2435 1180 2491 praesidium?
1220 2441 1384 2490 postero
1416 2434 1593 2488 denique
1624 2433 1690 2474 die

329 2498 476 2550 ecquid
495 2499 676 2552 praesidi
694 2513 872 2552 usquam
891 2497 1085 2539 habueris
1111 2513 1164 2539 an
1183 2504 1227 2538 tu
1246 2497 1475 2550 cohorsque
1495 2496 1537 2537 in
1556 2501 1690 2537 eastra

328 2566 465 2600 vestra
494 2561 642 2602 virtute
673 2561 957 2616 perruperitis,
995 2575 1168 2614 ecquem
1203 2560 1246 2600 in
1283 2560 1426 2601 castris
1464 2557 1687 2606 consulem,

330 2634 501 2674 ecquem
531 2623 756 2664 exercitum
786 2622 1023 2664 inveneritis
1060 2638 1112 2663 an
1144 2623 1306 2663 deserta
1337 2627 1489 2670 castra,
1524 2618 1686 2660 relictos

288 2693 305 2721 9
333 2683 493 2724 saucios
525 2685 702 2726 milites?
747 2685 850 2726 haee
879 2699 954 2739 pro
985 2685 1134 2726 virtute
1172 2692 1241 2725 tua
1276 2684 1457 2737 fideque,
1496 2695 1577 2735 qua
1607 2694 1684 2719 una

330 2742 408 2784 hoc
432 2744 539 2787 bello
564 2761 628 2788 res
654 2747 820 2802 publiea
845 2747 973 2796 stetit,
1000 2747 1173 2788 dicenda
1198 2745 1270 2787 tibi
1298 2752 1392 2786 sunt
1410 2743 1549 2790 hodie,
1575 2741 1688 2782 deni—

278 896 295 924 10
