1835 3226
359 201 439 242 104
687 207 840 242 LIBER
867 207 920 251 11,
946 207 999 240 43.
1028 207 1380 251 [a.u.c.272—274]

305 321 311 347 ¹
436 310 711 352 XXXXHI.
752 309 804 362 Q.
819 309 975 350 Fabius
995 309 1090 350 inde
1111 315 1150 350 et
1170 308 1219 350 C.
1234 309 1366 350 Iulius
1387 310 1577 351 consules
1597 311 1707 352 facti.

350 389 398 414 eo
424 388 530 413 anno
555 387 637 413 non
663 371 829 427 segnior
853 372 1059 413 discordia
1089 372 1200 413 domi
1225 378 1265 412 et
1294 371 1449 412 bellum
1479 372 1579 413 foris
1605 379 1708 414 atro·

349 436 435 476 cius
462 435 551 475 suit.
601 434 652 475 ab
677 433 839 488 Aequis
865 450 978 475 a1ma
1004 441 1179 489 sumpta.
1217 433 1414 476 Veientes
1440 449 1586 490 agrum
1610 449 1710 488 quo-

349 512 428 550 que
454 497 490 537 R
496 512 736 537 omanorum
762 497 1008 551 populantes
1033 497 1222 538 inicr.unt

434 557 623 610 Quorum
647 558 849 599 bellorum
875 566 1084 600 crescente
1109 573 1207 600 cura
1235 558 1371 600 Caeso
1389 558 1547 600 Fabius
1573 565 1613 600 et
1636 557 1708 614 Sp.

302 637 320 664 ρ
346 620 497 661 Furius
524 621 715 662 consules
741 621 857 662 fiunt.
909 620 1132 672 Ortonam,
1158 622 1355 663 Latinam
1379 622 1544 671 urbem,
1570 621 1711 676 Aequi

348 683 662 738 oppugnabant,
689 683 905 734 Veientes,
931 684 1042 739 pleni
1066 685 1149 726 iam
1173 685 1506 740 populationum,
1531 684 1710 726 Romam

303 759 321 788 3
347 746 481 800 ipsam
519 761 563 786 se
600 753 912 801 oppugnaturos
949 747 1224 788 minabantur.
1285 747 1356 800 qui
1397 753 1572 788 terrores
1615 761 1710 787 cum

345 823 592 862 conpescere
623 808 837 859 deberent,
870 824 1021 850 auxere
1051 810 1220 864 insuper
1245 809 1404 850 animos
1430 809 1582 864 plebis3
1617 809 1711 850 red-

344 869 511 924 ibatque
531 886 614 911 non
637 886 711 912 sua
731 878 876 926 sponte
895 872 1006 926 plebi
1026 887 1115 913 mos
1136 872 1391 913 detractandi
1410 871 1608 920 militiam,
1636 872 1710 912 sed

347 931 522 987 Spurius
547 933 756 984 Licinius,
794 934 984 976 tribunus
1014 935 1167 990 plebis,
1204 935 1370 975 venisse
1401 941 1564 988 tempus
1595 940 1708 975 ratus

343 1011 417 1051 per
446 997 632 1038 ultimam
663 998 953 1039 necessitatem
989 998 1093 1054 legis
1132 998 1317 1053 agrariae
1352 997 1538 1052 patribus
1575 996 1710 1037 iniun-

300 1071 319 1099 4
344 1059 516 1113 gendae,
545 1067 782 1114 susceperat
807 1075 894 1101 rem
919 1061 1137 1101 militarem
1162 1060 1481 1115 impediendam.
1526 1065 1707 1100 ceterum

344 1126 428 1160 tota
459 1120 615 1161 invidia
646 1121 887 1163 tribuniciae
920 1122 1136 1176 potestatis
1168 1137 1289 1163 versa
1318 1122 1361 1162 in
1387 1127 1595 1162 auctorem
1626 1127 1706 1170 est3

343 1196 419 1222 nec
449 1182 492 1222 in
523 1197 617 1223 eum
649 1184 840 1224 consules
873 1184 1007 1225 acrius
1039 1198 1165 1237 quam
1194 1184 1325 1238 ipsius
1358 1184 1542 1238 collegae
1579 1183 1705 1223 coorti

299 1258 317 1286 a
345 1252 440 1285 sunt
464 1246 699 1299 auxilioque
725 1262 866 1287 corum
891 1247 1086 1287 dilectum
1112 1246 1302 1287 eonsules
1329 1246 1494 1287 habent.
1545 1245 1598 1285 ad
1623 1245 1705 1286 (luo

344 1308 466 1348 simul
491 1308 598 1349 bella
624 1309 827 1350 exercitus
854 1309 1062 1350 scribitur:
1095 1309 1307 1349 ducendus
1333 1308 1464 1349 Fabio
1489 1307 1530 1347 in
1554 1306 1707 1349 Veien-

343 1377 423 1420 tes,
462 1370 504 1411 in
529 1370 701 1424 Aequos
732 1371 860 1412 Furio
891 1371 1021 1412 datur.
1072 1378 1111 1411 et
1142 1371 1183 1411 in
1213 1370 1374 1424 Aequis
1407 1371 1573 1424 quidem
1604 1369 1705 1411 nihil

297 1444 315 1474 6
342 1433 514 1487 dignum
540 1434 738 1475 memoria
762 1440 927 1489 gestum
949 1440 1029 1483 est3
1054 1433 1186 1475 Fabio
1207 1433 1416 1487 aliquanto
1435 1434 1528 1488 plus
1549 1432 1705 1488 negotii

342 1509 436 1535 cum
462 1495 621 1536 civibus
647 1510 770 1549 quam
797 1511 890 1536 cum
916 1495 1106 1536 hostibus
1132 1495 1222 1535 fuit.
1272 1510 1379 1536 unus
1405 1495 1473 1536 ille
1506 1496 1582 1544 vir,
1615 1495 1704 1549 ipse

341 1556 496 1605 consul,
523 1572 609 1597 rem
634 1557 843 1611 publicam
870 1557 1081 1606 sustinuit,
1108 1571 1233 1610 quam
1259 1557 1462 1598 exercitus
1488 1558 1582 1598 odio
1607 1571 1705 1597 con-

297 1632 313 1660 ῖ
341 1617 459 1667 sulis,
499 1625 699 1671 quantum
734 1619 778 1659 in
815 1633 858 1659 se
895 1619 991 1668 fuit,
1029 1618 1242 1673 prodebat.
1296 1634 1392 1659 nam
1429 1634 1524 1659 cum
1559 1617 1704 1660 consul

338 1686 500 1734 praeter
524 1687 679 1721 ceteras
706 1681 988 1735 imperatorias
1015 1687 1137 1730 artes,
1165 1695 1268 1734 quas
1293 1680 1477 1735 parando
1503 1681 1704 1736 gerendo-

338 1756 418 1795 que
443 1741 550 1783 bello
577 1743 704 1783 edidit
727 1743 945 1797 plurimas,
983 1743 1041 1783 ita
1064 1743 1329 1784 instruxisset
1359 1742 1508 1792 aciem,
1546 1748 1591 1782 ut
1616 1742 1703 1783 solo

338 1804 523 1857 equitatu
547 1805 699 1846 emisso
726 1806 951 1846 exercitum
976 1805 1157 1846 hostium
1176 1805 1379 1854 funderet,
1405 1804 1568 1858 insequi
1586 1804 1703 1845 fusos

293 1878 312 1908 8
338 1867 464 1921 pedes
495 1867 638 1908 noluit.
688 1883 764 1909 nec
793 1868 904 1918 illos,
942 1868 1019 1909 etsi
1050 1883 1133 1909 non
1158 1867 1387 1908 adhortatio
1418 1867 1541 1908 invisi
1572 1866 1702 1916 ducis,

338 1944 458 1969 suum
486 1929 630 1971 saltem
656 1931 857 1986 flagitium
883 1937 924 1971 et
946 1930 1159 1986 publicum
1183 1930 1226 1970 in
1249 1929 1483 1984 praesentia
1506 1929 1701 1978 dedecus,

336 1993 556 2046 postmodo
581 1993 828 2048 periculum,
855 1993 890 2034 si
915 1994 1076 2034 animus
1103 1993 1212 2034 hosti
1235 1993 1428 2042 redisset,
1457 2006 1605 2047 cogere
1628 2006 1703 2046 po-

336 2054 430 2104 tuit,
463 2055 638 2110 gradum
664 2055 892 2097 accelerare
918 2062 1006 2105 aut,
1040 2055 1075 2097 si
1101 2055 1213 2096 aliud
1236 2054 1356 2104 nihil,
1395 2062 1502 2095 stare
1527 2054 1702 2095 instruc-

293 2129 310 2157 9
338 2122 413 2156 tos.
450 2116 611 2159 iniussu
626 2118 746 2172 signa
758 2118 954 2167 referunt,
980 2117 1209 2170 maestique
1223 2142 1277 2146 —
1292 2116 1479 2157 crederes
1500 2115 1631 2156 victos
1646 2140 1700 2144 —

337 2186 576 2221 execrantes
613 2194 723 2221 nunc
759 2180 1049 2234 imperatorem
1085 2193 1194 2220 nunc
1230 2185 1424 2219 navatam
1467 2177 1519 2219 ab
1564 2177 1700 2230 equite

271 2255 311 2283 lo
337 2256 516 2296 operam,
543 2243 716 2283 redeunt
729 2242 772 2282 in
787 2249 933 2283 eastra.
970 2257 1046 2283 nec
1065 2241 1161 2282 huie
1180 2248 1264 2282 tam
1283 2240 1491 2296 pestilenti
1510 2239 1699 2294 exemplo

335 2304 517 2345 remedia
540 2304 624 2345 ulla
648 2304 699 2345 ab
725 2304 971 2359 imperatore
996 2304 1185 2358 quaesita
1204 2309 1316 2344 sunt:
1343 2303 1445 2344 adeo
1466 2301 1700 2343 excellenti-

335 2364 413 2405 bus
439 2366 615 2421 ingeniis
641 2367 761 2407 citius
787 2366 965 2408 defuerit.
989 2382 1074 2416 ars,
1107 2381 1189 2420 qua
1214 2365 1346 2406 civem
1371 2370 1536 2419 regant,
1574 2378 1699 2417 quam

273 2441 306 2469 11
337 2441 418 2480 qua
442 2427 604 2469 hostem
630 2435 835 2483 superent.
869 2429 1013 2470 consul
1031 2429 1210 2470 Romam
1233 2427 1366 2476 rediit,
1392 2442 1473 2467 non
1499 2432 1582 2466 tam
1602 2425 1698 2466 belli

336 2489 466 2543 gloria
479 2497 600 2531 aucta
613 2506 737 2544 quam
751 2491 915 2532 inritato
930 2490 1257 2543 exacerbatoque
1276 2490 1320 2530 in
1339 2504 1383 2530 se
1397 2488 1575 2529 militum
1589 2487 1695 2528 odio.

423 2550 653 2594 Obtinuere
678 2560 817 2594 tamen
840 2560 992 2608 patres,
1017 2560 1063 2594 ut
1086 2553 1128 2594 in
1152 2552 1285 2593 Fabia
1309 2557 1431 2606 gente
1458 2549 1696 2591 consulatus

337 2621 536 2655 maneret:
551 2615 612 2655 M.
622 2615 800 2657 Fabium
814 2616 1026 2658 consulem
1040 2622 1191 2664 creant,
1206 2613 1338 2655 Fabio
1355 2613 1514 2668 collega
1525 2610 1694 2654 Gnaeus

339 2672 521 2716 Manlius
549 2677 679 2718 datur.
