1780 3204
573 247 727 282 LIBER.
749 248 795 292 V,
822 248 874 281 11.
904 250 951 291 [a.
966 246 1006 282 o.
1020 246 1106 291 401]
1434 237 1517 279 263

159 354 393 407 vidiamque
419 353 483 394 die
509 352 618 393 dicta
642 357 842 393 avertunt.
880 350 1030 405 quibus
1056 350 1247 400 dilectus,
1273 349 1424 404 quibus
1450 350 1518 391 tri-

159 417 316 465 butum,
332 415 482 469 quibus
497 415 654 455 diutina
666 414 810 455 militia
822 414 1184 469 longinquitasque
1198 413 1293 454 belli
1307 413 1357 454 sit
1366 413 1517 468 gravis,

159 478 229 532 qui
249 478 363 518 clade
383 483 551 532 accepta
570 477 621 517 ad
636 476 763 517 Veios
784 476 967 525 doleant,
988 476 1059 529 qui
1077 475 1240 517 amissis
1260 475 1418 523 liberis,
1438 475 1520 516 sra-

160 539 309 588 tribus,
333 539 574 594 propinquis
583 570 593 588 ,
620 537 823 579 adfinibus
843 537 1040 593 lugubres
1061 538 1205 579 domos
1231 537 1429 587 habeant,
1454 537 1519 577 his

160 601 313 656 publici
333 601 561 656 privatique
582 601 732 642 doloris
753 600 1006 654 exsequendi
1029 600 1093 641 ius
1117 607 1444 655 potestatemque
1469 614 1521 640 ex

161 663 322 704 duobus
349 663 482 704 noxiis
509 662 712 717 capitibus
737 663 874 703 datam
901 662 952 704 ab
978 677 1021 704 se
1045 669 1287 704 memorant.
1336 662 1519 703 omnium

161 740 339 779 namque
364 725 567 766 malorum
590 725 633 765 in
654 723 802 780 Sergio
823 724 1104 780 Verginioque
1131 740 1277 766 causas
1304 739 1414 775 esse3
1444 739 1520 765 nee

161 788 203 828 id
228 793 507 828 accusatorem
532 787 666 842 magis
691 801 863 842 arguere
889 801 1013 840 quam
1038 787 1158 827 fateri
1182 801 1293 836 reos,
1321 786 1391 840 qui
1409 786 1522 827 noxii

162 849 302 898 ambo,
340 849 441 889 alter
470 849 511 889 in
542 849 714 889 alterum
751 863 919 889 causam
956 849 1186 897 conferant,
1224 848 1367 904 fugam
1400 847 1523 903 Sergi

162 910 403 965 Verginius,
433 909 604 966 Sergius
630 910 903 965 proditionem
927 911 1144 965 increpans
1171 910 1370 965 Verginii.
1421 924 1523 963 quo-

162 988 252 1013 rum
279 973 381 1013 adeo
405 972 687 1013 incredibilem
712 972 932 1013 amentiam
957 972 1106 1022 fuisse,
1133 979 1178 1013 ut
1203 973 1332 1013 multo
1358 972 1443 1012 veri
1469 972 1523 1012 si—

163 1035 299 1075 milius
326 1034 394 1083 sit,
422 1041 619 1089 conpecto
644 1049 735 1075 eam
759 1049 847 1075 rem
872 1041 911 1075 et
936 1035 1146 1075 communi
1170 1034 1315 1075 fraude
1332 1034 1524 1088 patricio-

165 1111 257 1137 rum
288 1102 435 1137 actam.
484 1096 536 1137 ab
567 1096 630 1137 his
663 1103 700 1136 et
731 1097 844 1150 prius
870 1096 1012 1136 datum
1036 1096 1174 1136 locum
1200 1095 1445 1136 Veientibus
1471 1095 1524 1135 ad

164 1158 421 1199 incendenda
451 1172 575 1211 opera
605 1157 699 1197 belli
731 1157 918 1197 trahendi
949 1171 1075 1197 eausa
1106 1164 1145 1196 et
1175 1171 1285 1197 nune
1315 1157 1523 1210 proditum

165 1220 401 1268 exereitum,
428 1219 576 1259 tradita
594 1218 769 1259 Faliscis
790 1218 980 1259 Romana
1006 1225 1151 1258 castra.
1186 1218 1323 1259 omnia
1347 1217 1452 1267 fieri,
1480 1224 1524 1258 ut

163 1286 431 1322 consenescat
461 1281 514 1320 ad
540 1279 666 1321 Veios
697 1280 890 1321 iuventus
920 1295 996 1321 nee
1021 1280 1072 1320 de
1103 1280 1213 1335 agris
1245 1294 1321 1320 nee
1352 1280 1403 1320 de
1434 1280 1524 1321 aliis

162 1343 388 1383 commodis
413 1341 546 1396 plebis
572 1341 677 1382 ferre
703 1342 755 1383 ad
779 1342 979 1397 populum
1005 1342 1176 1392 tribuni,
1203 1342 1434 1396 frequentia
1458 1357 1525 1382 ur-

161 1403 269 1445 bana
299 1403 505 1445 celebrare
531 1404 712 1445 actiones
739 1411 778 1445 et
802 1404 992 1445 resistere
1018 1404 1310 1459 conspirationi
1335 1404 1526 1459 patricio-

161 1482 252 1508 rum
271 1466 444 1521 possint.
487 1466 786 1521 praeiudicium
805 1468 887 1507 iam
913 1467 965 1508 de
988 1467 1068 1508 reis
1096 1474 1134 1508 et
1160 1466 1211 1508 ab
1238 1473 1384 1508 senatu
1409 1472 1449 1507 et
1473 1466 1524 1508 ab

163 1529 316 1584 populo
341 1528 531 1569 Romano
557 1535 597 1569 et
621 1527 673 1569 ab
698 1528 882 1583 ipsorum
907 1529 1078 1585 collegis
1103 1529 1261 1570 sactum
1286 1543 1396 1570 esse:
1428 1544 1523 1570 nam

165 1598 206 1632 et
231 1596 398 1632 senatus
424 1590 611 1631 consulto
638 1605 708 1631 eos
734 1590 786 1632 ab
810 1605 854 1631 re
878 1591 1046 1646 publica
1069 1598 1249 1632 remotos
1276 1605 1366 1631 esse
1393 1597 1433 1631 et
1462 1605 1525 1631 re-

164 1659 356 1694 cusantes
382 1651 574 1693 abdicare
594 1667 638 1693 se
658 1653 902 1708 magistratu
922 1653 1130 1694 dictatoris
1151 1660 1264 1694 metu
1284 1653 1335 1694 ab
1356 1652 1525 1707 collegis

164 1714 362 1756 coercitos
388 1729 480 1755 esse
506 1721 544 1754 et
569 1714 768 1769 populum
786 1714 1023 1756 Romanum
1043 1715 1229 1757 tribunos
1249 1729 1429 1764 creasse,
1456 1715 1526 1768 qui

165 1791 249 1817 non
265 1776 410 1817 Idibus
430 1776 756 1826 Decembribus,
783 1777 849 1817 die
875 1777 1081 1826 sollemni,
1109 1777 1182 1818 sed
1202 1776 1408 1831 extemplo
1426 1777 1525 1817 Kal.

168 1836 420 1879 Octobribus
446 1837 736 1892 magistratum
761 1838 1011 1892 oeeiperent,
1039 1838 1136 1891 quia
1161 1845 1268 1879 stare
1288 1838 1441 1879 (liutius
1460 1853 1526 1879 res

168 1899 334 1955 publica
352 1899 416 1940 his
436 1899 696 1940 manentibus
716 1900 759 1940 in
777 1901 1021 1955 magistratu
1040 1915 1123 1941 non
1141 1907 1293 1955 posset.
1331 1907 1370 1942 et
1389 1908 1525 1943 tamen
1573 1921 1579 1926 ·

171 1976 241 2002 eos
257 1968 315 2002 tot
328 1961 489 2001 iudiciis
504 1961 720 2002 confossos
740 1963 1139 2016 praedamnatosque
1158 1963 1297 2003 venire
1316 1963 1369 2004 ad
1386 1963 1528 2018 populi

172 2023 369 2069 iudicium
395 2030 434 2063 et
460 2023 712 2073 existimare,
740 2023 957 2065 defunctos
984 2039 1027 2065 se
1053 2039 1144 2065 esse
1171 2025 1352 2078 satisque
1377 2040 1529 2079 poena-

169 2101 260 2126 rum
280 2085 454 2134 dedisse,
483 2085 593 2138 quod
611 2085 771 2126 duobus
791 2085 1003 2127 mensibus
1024 2086 1142 2127 eitius
1156 2086 1304 2141 privati
1317 2087 1415 2127 sacti
1434 2087 1526 2136 sint,

170 2161 303 2200 neque
322 2147 570 2201 intellegere,
591 2147 767 2187 nocendi
787 2147 865 2189 sibi
884 2148 1036 2189 diutius
1054 2154 1140 2189 tum
1153 2155 1398 2203 potestatem
1414 2156 1528 2203 erep-

170 2215 255 2249 tam
279 2223 389 2258 esse,
416 2223 498 2249 non
522 2223 698 2263 poenam
716 2209 964 2264 inrogatam:
990 2210 1141 2264 quippe
1162 2217 1201 2250 et
1220 2210 1389 2265 collegis
1409 2209 1528 2251 abro-

171 2277 312 2326 gatum
326 2271 554 2325 imperium,
570 2271 640 2324 qui
653 2277 761 2312 certe
775 2272 875 2312 nihil
889 2272 1169 2326 deliquissent.
1195 2272 1286 2313 illos
1300 2278 1529 2326 repeterent

172 2333 330 2374 animos
346 2332 540 2385 QuiriteS,
562 2348 668 2386 quos
678 2334 831 2374 recenti
844 2333 959 2375 clade
973 2341 1141 2389 accepta
1160 2334 1414 2384 habuissent,
1435 2349 1529 2375 eum

173 2395 274 2449 fuga
287 2394 504 2449 trepidum,
523 2394 692 2449 plenum
706 2395 919 2437 volnerum
933 2410 980 2436 ac
998 2410 1151 2450 pavore
1170 2396 1418 2436 incidentem
1435 2410 1530 2450 por-

173 2458 224 2497 tis
244 2457 469 2498 exereitum
482 2457 658 2497 viderint
676 2472 759 2498 non
771 2457 979 2499 fortunam
999 2465 1070 2499 aut
1083 2473 1332 2512 quemquam
1346 2458 1527 2508 deorum,

175 2520 248 2560 sed
271 2519 347 2560 hos
373 2520 498 2560 duces
525 2526 799 2560 accusantem.
842 2535 916 2575 pro
935 2527 1045 2561 certo
1065 2535 1109 2561 se
1127 2520 1297 2570 habere,
1323 2519 1529 2561 neminem

173 2581 214 2622 in
240 2581 428 2622 contione
454 2587 579 2630 stare,
606 2581 676 2634 qui
694 2581 764 2622 illo
784 2582 849 2622 die
867 2597 950 2623 non
970 2589 1111 2637 eaput,
1138 2582 1306 2623 domum
1325 2582 1531 2624 fortunas-

174 2658 254 2697 que
272 2644 326 2684 L.
348 2642 536 2698 Verginii
561 2658 609 2684 ae
627 2642 700 2684 M'.
723 2641 845 2698 Sergi
886 2644 938 2684 sit
972 2652 1183 2685 execratus
1209 2644 1528 2699 detestatusque.

175 2707 341 2748 minime
368 2707 603 2757 convenire,
630 2706 779 2761 quibus
798 2707 923 2749 iratos
943 2707 1118 2761 quisque
1138 2707 1236 2748 deos
1256 2713 1445 2762 precatus
1465 2707 1528 2757 sit,

1546 676 1564 705 6

1549 925 1564 953 7

1549 1108 1567 1137 8

1549 1234 1566 1260 ‘J

1554 1480 1593 1509 10

1554 1545 1588 1572 11

1557 2161 1595 2190 13

1557 2286 1593 2314 ll

1558 2535 1596 2564 15

1561 2722 1596 2750 16
