1780 3204
424 274 580 310 LIBER
605 275 659 319 11,
685 275 741 309 47.
760 274 814 309 48.
843 276 890 318 [a.
906 272 1130 318 C.480.479]
1373 265 1453 306 109

96 381 244 423 Tuscis
282 380 428 422 crescit
463 379 654 428 audacia,
692 378 903 420 Romanos
934 384 1062 418 terror
1097 392 1171 432 per
1205 384 1291 418 tota
1321 384 1455 419 eastra
1480 389 1499 420 8

93 445 273 499 trepidos
299 443 385 498 agit
410 449 449 483 et
474 442 527 483 ad
553 448 735 482 extrema
759 448 928 481 ventum
952 440 1076 489 foret,
1103 440 1146 480 ni
1169 439 1312 495 legati,
1338 447 1456 494 rapto

94 506 273 547 consulis
306 519 492 559 corpore,
530 503 823 558 patefecissent
853 517 936 542 una
964 509 1083 556 porta
1111 502 1300 543 hostibus
1332 503 1454 543 viam.

93 583 141 609 ea
178 574 395 622 erumpunt
404 583 415 616 3
459 572 801 618 consternatoque
845 565 1010 620 agmine
1052 564 1250 605 abeuntes
1287 564 1330 605 in
1371 565 1455 605 vic·
1481 576 1498 605 9

92 638 220 671 torem
246 630 419 670 alterum
444 628 629 669 incidunt
655 627 879 668 consulem.
916 626 974 668 ibi
992 627 1141 667 iterum
1161 627 1270 668 caesi
1288 627 1454 681 fusique

92 692 260 746 passim.

175 753 360 794 Victoria
385 752 551 808 egregia
576 758 704 806 parta,
731 751 857 792 tristis
884 758 1022 792 tamen
1047 751 1208 792 duobus
1229 758 1313 792 tam
1333 751 1452 794 claris

91 815 316 857 funeribus.
365 815 503 868 itaque
535 814 696 863 consul,
734 814 978 854 decernente
1009 821 1155 855 senatu
1185 814 1451 870 triumphum,
1481 825 1521 854 10

92 878 126 918 si
152 878 355 918 exercitus
382 877 469 917 sine
495 877 738 931 imperatore
762 875 1014 930 triumphare
1038 876 1183 930 possit,
1209 891 1283 931 pro
1303 877 1454 918 eximia
1514 885 1519 887 ⁷

91 954 138 980 eo
164 938 271 980 bello
297 954 420 993 opera
445 938 565 979 facile
590 952 810 992 passurum
836 938 1067 992 respondit3
1105 953 1168 987 se,
1200 939 1357 980 familia
1388 939 1453 980 su-

92 1008 210 1041 nesta
236 1000 380 1053 Quinti
403 999 509 1040 Fabi
534 999 670 1040 fratris
698 1005 844 1048 morte,
876 1014 919 1039 re
944 999 1110 1054 publica
1136 1015 1187 1040 ex
1210 1007 1326 1054 parte
1351 1000 1452 1042 orba

90 1062 256 1103 consule
283 1062 408 1103 altero
433 1061 598 1110 amisso,
624 1060 790 1115 publico
815 1061 1058 1115 privatoque
1083 1061 1313 1102 deformem
1337 1062 1452 1103 luctu

88 1124 271 1165 lauream
296 1139 379 1165 non
409 1130 685 1178 accepturum.
735 1123 846 1163 omni
877 1133 968 1164 acto
999 1123 1206 1177 triumpho
1237 1124 1450 1178 depositus
1480 1141 1512 1169 11

87 1186 318 1241 triumphus
345 1186 490 1227 clarior
514 1186 610 1234 fuit,
649 1185 752 1226 adeo
778 1191 916 1239 spreta
945 1185 988 1225 in
1018 1193 1201 1239 tempore
1232 1185 1365 1240 gloria
1388 1187 1450 1228 in-

86 1248 246 1288 terdum
272 1248 516 1289 cumulatior
539 1247 656 1288 redit.
694 1247 840 1287 funera
865 1247 1012 1288 deinde
1038 1247 1119 1288 duo
1146 1247 1340 1302 deinceps
1367 1249 1451 1290 eol-

85 1309 202 1364 legae
238 1309 458 1362 fratrisque
494 1308 624 1357 (lucit,
662 1309 772 1349 idem
807 1309 850 1349 in
885 1315 1060 1362 utroque
1096 1309 1302 1360 laudator,
1340 1325 1447 1361 cum,

86 1371 346 1412 concedendo
371 1372 451 1412 illis
478 1386 574 1412 suas
594 1371 751 1421 laudes,
779 1371 868 1426 ipse
887 1372 1110 1413 maximam
1129 1379 1287 1427 partem
1308 1388 1449 1415 earum

85 1432 221 1474 ferret.
269 1448 402 1487 neque
438 1433 641 1474 inmemor
677 1433 784 1482 eius,
823 1433 935 1486 quod
964 1433 1079 1475 initio
1112 1434 1349 1477 consulatus
1386 1436 1448 1476 in·
1476 1450 1514 1480 12

87 1494 255 1544 biberat,
281 1495 570 1536 reconciliandi
595 1495 753 1536 animos
774 1494 920 1550 plebis,
948 1496 1110 1537 saucios
1131 1497 1281 1538 milites
1302 1512 1448 1539 curan-

86 1557 160 1598 dos
185 1558 330 1599 dividit
353 1557 551 1613 patribus.
588 1557 730 1599 Fabiis
756 1558 922 1612 plurimi
947 1558 1042 1607 dati,
1069 1574 1145 1600 nec
1171 1559 1269 1600 alibi
1293 1561 1447 1603 maiore

88 1633 185 1660 eura
208 1619 348 1661 habiti.
396 1620 492 1660 inde
522 1619 742 1674 populares
772 1620 855 1660 iam
886 1634 978 1661 esse
1002 1620 1123 1662 Fabii
1153 1636 1229 1662 nec
1253 1621 1332 1664 hoc
1364 1623 1447 1665 ulla

87 1695 142 1729 re,
167 1681 247 1721 nisi
272 1681 426 1722 salubri
449 1682 508 1722 rei
531 1681 722 1736 publicae
747 1688 846 1722 arte.

169 1742 487 1784 XXXXVHI.
534 1743 668 1798 Igitur
692 1758 774 1784 non
798 1750 962 1798 patrum
986 1744 1120 1799 magis
1153 1758 1279 1797 quam
1309 1745 1441 1799 plebis
1473 1761 1487 1789 1

86 1803 232 1845 studiis
256 1804 313 1845 K.
333 1803 489 1846 Fabius
515 1819 610 1846 eum
636 1804 732 1846 Tito
754 1804 953 1859 Verginio
979 1805 1124 1846 consul
1148 1806 1284 1848 factus
1309 1822 1444 1861 neque

86 1865 193 1906 bella
227 1880 360 1919 neque
396 1866 568 1907 dilectus
600 1881 733 1919 neque
769 1866 896 1906 ullam
932 1866 1053 1906 aliam
1089 1867 1267 1921 priorem
1304 1883 1445 1910 curam

86 1942 226 1982 agere,
259 1942 383 1980 quam
407 1934 470 1977 ut,
502 1928 584 1968 iarn
609 1928 746 1980 aliqua
771 1942 822 1968 ex
845 1934 961 1982 parte
985 1928 1177 1970 inchoata
1203 1931 1443 1972 concordiae

88 2004 172 2043 spe,
199 1990 329 2044 primo
343 2004 505 2059 quoqu-e
519 1996 701 2059 tempore
716 2004 810 2030 cum
823 1989 1007 2044 patribus
1023 1990 1299 2032 coalescerent
1319 1993 1444 2034 animi

84 2051 229 2104 plebis
266 2051 404 2104 itaque
428 2051 628 2106 principio
654 2051 749 2091 anni
769 2051 938 2100 censuit,
964 2052 1204 2106 priusquam
1224 2053 1443 2108 quisquam

85 2113 268 2168 agrariae
297 2113 402 2168 lewis
441 2120 582 2154 auctor
618 2112 806 2154 tribunus
844 2113 1055 2163 existeret,
1093 2122 1341 2169 occuparent
1370 2132 1445 2172 pa-

84 2182 165 2215 tres
190 2175 270 2229 ipsi
295 2191 416 2216 suum
440 2190 590 2216 munus
616 2175 764 2224 facere,
791 2175 926 2230 captiv
930 2191 998 2216 um
1024 2191 1169 2231 agrum
1188 2177 1300 2231 plebi
1319 2193 1444 2232 quam

84 2237 262 2277 maxime
287 2237 511 2290 aequaliter
536 2238 696 2278 darent:
733 2251 878 2277 verum
904 2252 1014 2287 esse,
1045 2237 1198 2280 habere
1223 2254 1312 2289 eos,
1339 2255 1442 2294 quo-

83 2314 174 2339 lum
200 2299 400 2354 sanguine
425 2314 473 2340 ac
499 2300 647 2340 sudore
672 2292 813 2354 partus
840 2300 904 2340 sit.
941 2301 1149 2355 aspernati
1172 2308 1310 2356 patres
1331 2310 1437 2353 sunt,
1465 2318 1484 2347 3

84 2360 218 2413 questi
248 2375 412 2414 quoque
443 2362 629 2415 quidam,
667 2362 793 2402 nimia
823 2361 953 2417 gloria
983 2363 1191 2404 luxuriare
1221 2370 1262 2404 et
1293 2378 1442 2406 evane-

84 2437 196 2463 scere
221 2423 404 2464 vividum
429 2425 637 2477 quondam
662 2425 764 2465 illud
791 2423 992 2466 Caesonis
1022 2426 1248 2482 ingenium.
1302 2428 1438 2469 nullae

82 2484 228 2525 deinde
255 2485 434 2527 urbanae
459 2486 658 2528 factiones
683 2487 811 2528 fuere.
854 2487 1112 2529 vexabantur
1134 2489 1437 2532 incursionibus
1463 2504 1483 2534 4

80 2545 323 2600 Aequorum
359 2548 521 2598 Latini3
567 2563 615 2590 eo
653 2564 747 2589 cum
784 2550 966 2590 exercitu
1004 2549 1139 2592 Caeso
1170 2551 1342 2602 missus,
1395 2553 1438 2593 in

79 2608 262 2662 ipsorum
288 2610 532 2663 Aequorum
557 2626 702 2666 agrum
727 2611 1063 2665 depopulandum
1087 2613 1244 2654 transit.
1298 2613 1438 2668 Aequi

80 2684 123 2710 se
153 2670 195 2710 in
220 2671 371 2725 oppida
400 2680 643 2727 receperunt
672 2673 882 2727 murisque
914 2688 958 2714 se
989 2674 1194 2717 tenebant.
1245 2690 1293 2718 eo
1322 2677 1437 2718 nulla

78 2745 218 2787 pugna
241 2733 518 2775 memorabilis
544 2734 635 2775 fuit.

1469 2070 1487 2100 {0
