1835 3226
246 514 284 542 14

245 637 283 665 15

245 943 283 972 16

269 1184 287 1212 {0

271 2047 286 2074 —1

270 2230 288 2256 ὃ

272 2413 289 2441 9

309 207 391 247 516
665 210 817 245 LIBER
842 210 895 252 x,
921 209 975 242 20.
993 208 1047 242 21.
1075 210 1171 251 [a.u.
1188 207 1316 250 e.45s]

311 315 471 357 edidere
497 313 676 361 facinus,
707 326 803 351 nam
830 309 990 352 Staium
1014 309 1242 350 Minacium
1267 309 1415 349 ducem
1439 308 1655 350 adeuntem

309 376 471 417 ordines
497 374 806 424 hortantemque
830 372 1046 420 invadunt3
1083 371 1291 425 dissipatis
1317 370 1410 410 inde
1436 369 1654 422 equitibus,

308 437 377 489 qui
408 450 500 476 eum
532 449 580 475 eo
611 434 796 481 aderant,
832 433 968 487 ipsum
998 432 1302 473 circumsistunt
1331 431 1656 483 insidentemque

311 512 415 550 equo
441 502 605 550 captum
631 495 683 535 ad
708 494 919 535 consulem
933 494 1164 534 Romanum
1189 493 1363 547 rapiunt.
1399 498 1590 533 revocata
1608 505 1656 532 eo

308 557 483 598 tumultu
501 557 632 610 prima
652 556 770 610 signa
786 554 1050 604 Samnitium3
1070 553 1450 608 proeliumque-iam
1468 552 1659 607 profliga-

309 627 395 659 tum
419 619 665 672 integratum
692 623 765 666 est,
790 631 866 656 nec
885 616 1036 656 diutius
1063 616 1251 656 sustineri
1275 615 1418 669 potuit.
1463 628 1582 655 caesa
1606 613 1659 654 ad

308 696 380 722 sex
396 680 504 720 milia
518 679 741 727 hominum,
756 678 837 719 duo
852 678 960 718 milia
974 684 1012 718 et
1025 677 1237 732 quingenti
1251 677 1369 731 capti,
1383 677 1423 717 in
1438 676 1495 717 eis
1509 675 1659 716 tribuni

308 742 481 782 militum
506 748 708 794 quattuor,
736 741 854 794 signa
877 740 1066 780 militaria
1089 740 1255 794 triginta
1279 747 1329 787 et,
1351 739 1462 792 quod
1485 738 1660 779 laetissi-

307 819 420 844 mum
435 802 656 843 victoribus
670 802 759 850 fuit,
775 801 1027 855 captivorum
1041 808 1204 855 recepta
1219 808 1374 855 septem
1388 800 1498 841 milia
1511 806 1550 841 et
1565 814 1661 853 qua-

309 864 523 919 dringenti,
550 863 701 918 praeda
725 863 870 917 ingens
891 862 1112 903 sociorum:
1140 863 1338 915 accitique
1357 862 1488 902 edicto
1508 861 1661 902 domini

309 926 361 966 ad
379 941 444 966 res
465 940 560 966 suas
580 925 808 966 noscendas
833 924 1181 978 recipiendasque.
1218 923 1458 978 praestituta
1476 924 1541 963 die
1560 937 1660 976 qua-

308 1003 398 1027 rum
417 1002 553 1027 rerum
577 1001 659 1027 non
679 986 810 1026 extitit
835 986 1024 1026 dominus
1049 985 1167 1025 militi
1192 999 1423 1033 concessae,
1451 984 1660 1037 coactique

310 1048 486 1089 vendere
504 1048 711 1102 praedam,
726 1062 777 1088 ne
796 1047 891 1088 alibi
906 1061 1028 1100 quam
1048 1047 1088 1087 in
1109 1047 1231 1087 armis
1251 1047 1431 1087 animum
1451 1045 1659 1087 haberent.

395 1109 526 1150 XXI.
563 1109 770 1163 Magnum
795 1123 841 1149 ea
866 1108 1075 1163 populatio
1103 1107 1305 1162 Campani
1330 1108 1418 1162 agri
1443 1106 1660 1148 tumultum

312 1171 469 1212 Romae
494 1170 754 1224 praebuerat;
781 1177 819 1210 et
847 1185 920 1224 per
945 1184 1014 1211 eos
1040 1170 1144 1210 forte
1170 1170 1257 1210 dies
1286 1184 1336 1210 ex
1360 1169 1525 1210 Etruria
1551 1168 1662 1209 adla-

311 1239 397 1272 tum
429 1239 531 1280 erat,
568 1238 661 1285 post
697 1231 917 1272 deductum
952 1232 1046 1271 inde
1079 1231 1400 1272 Volumnianum
1437 1231 1659 1271 exereitum

311 1293 519 1333 Etruriam
544 1293 743 1333 concitam
769 1293 810 1332 in
835 1308 947 1332 arma
972 1300 1011 1332 et
1032 1291 1211 1333 Gellium
1229 1292 1468 1346 Egnatium,
1497 1290 1660 1332 Samni-

312 1355 414 1394 tium
439 1355 598 1403 ducem,
625 1362 664 1394 et
688 1353 870 1394 Umbros
898 1353 950 1393 ad
974 1353 1246 1393 defectionem
1270 1353 1424 1401 vocari,
1451 1360 1489 1393 et
1516 1351 1659 1393 Gallos

312 1415 442 1469 pretio
472 1415 627 1469 ingenti
659 1415 878 1456 sollicitari.
932 1415 995 1454 his
1027 1415 1179 1454 nuntiis
1217 1421 1381 1454 senatus
1420 1413 1658 1454 conterritus

311 1476 512 1516 iustitium
539 1476 680 1524 indici,
707 1476 900 1515 dilectum
927 1476 1058 1516 omnis
1089 1475 1249 1530 generis
1276 1475 1486 1515 hominum
1518 1473 1658 1514 haberi

312 1537 442 1578 iussit.
492 1551 567 1577 nee
591 1537 760 1591 ingenui
789 1537 911 1577 modo
936 1544 1005 1577 aut
1030 1537 1207 1577 iuniores
1234 1544 1487 1577 sacramento
1513 1535 1657 1583 adacti,

314 1598 386 1639 sed
412 1598 616 1638 seniorum
641 1599 763 1638 etiam
783 1598 970 1638 cohortes
995 1597 1128 1638 factae
1153 1597 1409 1650 libertinique
1435 1597 1658 1638 centuriati.

315 1668 354 1701 et
390 1659 672 1700 defendendae
707 1658 819 1700 urbis
863 1659 1033 1699 consilia
1076 1658 1352 1713 agitabantur,
1397 1672 1661 1710 summaeque

314 1737 450 1762 rerum
486 1728 648 1775 praetor
682 1720 732 1761 P.
766 1719 1036 1774 Sempronius
1072 1727 1269 1774 praeerat.
1335 1726 1513 1760 ceterum
1549 1726 1662 1773 parte

313 1798 433 1824 curae
459 1789 728 1823 exonerarunt
755 1789 941 1823 senatum
966 1782 1019 1822 L.
1045 1781 1258 1822 Yolunmii
1287 1780 1466 1822 consulis
1491 1780 1660 1828 litterae,

313 1844 462 1897 quibus
489 1859 631 1885 caesos
658 1845 855 1896 fusosque
881 1843 1143 1898 populatores
1171 1842 1423 1896 Campaniae
1454 1842 1663 1896 cognitum

314 1914 387 1947 est.
424 1907 561 1959 itaque
581 1913 620 1946 et
645 1905 962 1960 supplicationes
982 1903 1035 1945 ob
1060 1919 1146 1945 rem
1170 1903 1275 1945 bene
1299 1910 1459 1958 gestam
1485 1903 1662 1943 consulis

313 1968 477 2009 nomine
502 1967 745 2016 decernunt3
782 1967 984 2007 iustitium
1014 1966 1250 2015 remittitur,
1277 1965 1388 2018 quod
1419 1965 1551 2005 suerat
1575 1964 1662 2004 dies

313 2047 423 2080 xvm,
456 2030 783 2085 supplicatioque
812 2029 994 2083 perlaeta
1022 2028 1112 2069 fuit.
1161 2035 1248 2069 tum
1278 2029 1329 2068 de
1364 2027 1567 2081 praesidio
1602 2040 1665 2066 re-

314 2093 448 2147 gionis
474 2091 745 2146 depopulatae
770 2090 821 2132 ab
839 2089 1093 2131 Samnitibus
1119 2090 1265 2144 agitari
1289 2096 1490 2143 coeptum.
1527 2088 1664 2141 itaque

313 2154 476 2207 placuit,
491 2161 535 2193 ut
549 2153 654 2207 duae
674 2152 856 2193 coloniae
875 2152 982 2192 eirca
995 2151 1219 2192 Vescinum
1234 2158 1273 2191 et
1286 2150 1506 2191 Falernum
1520 2163 1665 2203 agrum

314 2215 622 2263 deducerentur,
637 2229 717 2255 una
731 2214 783 2254 ad
795 2213 945 2254 ostium
956 2213 1069 2253 Liris
1083 2212 1208 2261 fluvii,
1224 2226 1327 2265 quae
1336 2211 1581 2251 Menturnae
1595 2224 1666 2264 ap-

313 2277 474 2330 pellata,
490 2277 615 2317 altera
629 2276 672 2317 in
686 2275 792 2316 saltu
805 2274 985 2316 Vescino
999 2274 1218 2315 Falernum
1234 2273 1493 2327 contingente
1507 2286 1664 2326 agrum,

314 2338 385 2378 ubi
417 2337 570 2392 Sinope
601 2338 747 2378 dicitur
778 2335 938 2377 Graeca
973 2335 1070 2376 urbs
1102 2335 1249 2383 fuisse,
1284 2334 1484 2376 Sinuessa
1519 2333 1665 2373 deinde

316 2399 366 2439 ab
397 2399 552 2440 colonis
582 2399 780 2440 Romanis
811 2397 1027 2452 appellata.
1082 2396 1254 2438 tribunis
1287 2395 1418 2451 plebis
1455 2394 1665 2449 negotium

316 2461 455 2500 datum
475 2468 547 2509 est,
569 2467 613 2501 ut
636 2459 770 2514 plebei
796 2460 897 2500 scito
923 2452 1131 2499 iuberetur
1147 2458 1195 2498 P.
1213 2456 1480 2512 Sempronius
1505 2462 1667 2510 praetor

254 2534 293 2563 10
318 2522 548 2563 triumviros
567 2522 609 2562 in
628 2536 676 2562 ea
692 2521 781 2561 loca
795 2520 950 2561 colonis
964 2520 1214 2562 deducendis
1234 2533 1383 2560 creare.
1416 2531 1491 2558 nee
1504 2516 1575 2569 qui
1593 2530 1667 2556 no-

318 2584 427 2623 mina
447 2584 589 2625 darent
608 2584 727 2624 facile
747 2582 1070 2631 inveniebantur,
1085 2581 1181 2635 quia
1193 2581 1236 2621 in
1250 2581 1466 2622 stationem
1481 2593 1524 2619 se
1538 2591 1665 2632 prope

318 2652 555 2697 perpetuam
581 2646 754 2686 infestae
780 2644 978 2698 regionis,
1010 2658 1090 2684 non
1116 2643 1157 2683 in
1182 2657 1303 2697 agros
1329 2640 1433 2682 mitti
1457 2639 1663 2680 rebantur.
