1835 3226
308 330 325 358 ¹.)

285 576 325 603 10

284 699 319 727 11

287 1319 324 1347 14

287 1692 295 1719 1
307 1691 324 1718 .”)

287 1817 324 1844 115

285 2314 321 2342 12]

284 2561 324 2589 20

349 204 433 245 478
649 210 801 243 LIBER
827 209 957 253 VIIII,
983 209 1036 242 34.
1065 211 1162 251 [a.u.
1181 209 1342 254 e.444';'›]

354 315 482 356 tenuit
507 312 687 354 Aemilia
718 311 784 352 lex
815 311 1015 352 violentos
1047 311 1138 352 illos
1170 325 1360 352 censores
1394 311 1442 352 C.
1468 312 1640 354 Furium
1671 323 1709 355 et

350 376 410 416 M.
439 375 693 429 Geganium,
731 373 802 427 qui
839 374 939 427 quid
973 374 1050 414 iste
1088 373 1355 428 magistratus
1392 374 1434 414 in
1468 389 1511 415 re
1546 375 1711 429 publica

350 437 455 478 male
485 436 622 477 facere
654 442 795 489 posset
827 436 1077 485 indicarunt,
1115 449 1208 476 cum
1239 435 1298 476 ira
1327 435 1466 477 finitae
1496 438 1709 491 potestatis

349 499 480 539 Mam.
506 497 752 547 Aemilium,
790 498 1017 552 principem
1054 499 1198 539 aetatis
1236 512 1335 538 suae
1371 497 1467 538 belli
1504 499 1709 552 domique,

351 561 551 602 aerarium
582 560 787 611 fecerunt,
825 561 955 601 tenuit
985 561 1177 614 deinceps
1210 560 1341 601 omnis
1363 575 1569 607 ,censores
1606 561 1712 602 intra

350 630 514 664 centum
551 637 752 663 annorum
790 623 994 677 spatium,
1038 629 1149 663 tenet
1181 621 1230 663 C.
1264 622 1472 663 Plautium
1511 623 1710 678 collegam

350 692 465 725 tuum
490 685 623 725 isdem
649 685 864 739 auspiciis,
892 685 1037 725 eodem
1062 685 1148 725 iure
1175 691 1368 725 creatum.
1419 700 1472 725 an
1495 684 1604 725 hunc
1629 700 1711 726 non

350 754 393 787 ut
424 747 494 799 qui
526 746 680 800 optimo
712 746 798 787 iure
830 761 976 787 censor
1006 753 1165 787 creatus
1193 754 1301 787 esset
1332 747 1509 801 populus
1536 747 1712 788 creavit?

349 819 392 850 tu
417 825 523 850 1111113
551 809 725 850 eximius
752 824 814 859 es,
846 809 887 849 in
912 824 992 863 quo
1024 809 1102 851 1100
1131 810 1398 864 praecipuum
1431 824 1478 851 30
1505 810 1710 865 singulare

306 891 320 913 '-
349 872 507 912 valeat‘?
532 886 652 924 quem
675 878 718 911 tu
737 886 877 926 regem
898 871 1190 912 sacrificiorum
1205 872 1344 913 crees?
1361 872 1576 927 amplexus
1596 873 1712 927 regni

349 949 498 975 nomen
524 940 569 974 ut
593 934 663 987 qui
689 934 844 988 optimo
870 934 956 975 iure
982 950 1055 975 rex
1079 934 1238 975 Romae
1264 941 1424 975 creatus
1452 935 1503 976 sit
1528 948 1709 976 creatum

351 1011 394 1037 se
420 996 540 1036 dicet.
590 1010 713 1049 quem
741 996 927 1037 semestri
953 997 1166 1046 dictatura,
1193 1011 1316 1050 quem
1341 997 1574 1053 interregno
1595 997 1713 1051 quin-

349 1072 429 1111 que
455 1058 613 1098 dierum
639 1064 876 1098 contentum
901 1058 988 1099 fore
1013 1058 1160 1113 putes?
1191 1073 1314 1112 quem
1340 1058 1445 1099 clavi
1469 1059 1623 1114 figendi
1642 1065 1712 1100 aut

307 1133 324 1161 :3
350 1119 541 1160 ludorum
567 1134 693 1160 031133
718 1120 958 1161 dictatorcm
983 1121 1178 1161 audacter
1203 1121 1342 1162 crees?
1376 1135 1502 1174 quam
1532 1121 1599 1162 isti
1631 1133 1712 1162 sto-

350 1181 454 1222 lidos
481 1195 527 1222 30
555 1182 746 1222 30001·(103
772 1182 902 1222 videri
927 1183 1090 1223 creditis
1118 1197 1206 1232 eos,
1240 1183 1309 1236 qui
1340 1183 1446 1223 intra
1470 1182 1712 1223 vicesimum

351 1244 459 1284 diem
484 1243 720 1298 ingentibus
746 1243 868 1285 rebus
894 1245 1022 1299 gestis
1044 1245 1245 1286 dictatura
1265 1260 1308 1286 se
1329 1245 1623 1286 abdicaverunt
1641 1257 1712 1286 aut

351 1306 420 1359 qui
445 1306 543 1346 vitio
569 1305 693 1345 creati
719 1305 906 1346 abierunt
930 1306 1200 1361 magistratu?
1230 1307 1329 1360 quid
1354 1322 1432 1361 ego
1457 1307 1625 1360 antiqua
1648 1321 1711 1347 rc-

349 1367 512 1422 petam?
536 1381 667 1421 nuper
685 1367 790 1407 intra
809 1367 951 1408 decem
971 1383 1100 1408 annos
1117 1367 1166 1408 C.
1182 1367 1374 1408 Maenius
1395 1368 1579 1416 dictator,
1601 1368 1708 1421 quia,

350 1444 442 1469 cum
469 1429 730 1482 quaestiones
757 1429 939 1470 severius
966 1444 1088 1483 quam
1109 1429 1357 1483 quibusdam
1382 1429 1618 1484 potentibus
1647 1437 1711 1470 tu-

350 1497 437 1530 tum
477 1497 563 1530 erat
599 1497 826 1539 exerceret,
865 1492 1056 1545 contagio
1093 1492 1180 1532 eius
1218 1491 1327 1544 quod
1363 1491 1585 1545 quaerebat
1622 1492 1710 1546 ipse

351 1551 533 1592 criminis
560 1550 763 1592 obiectata
789 1552 841 1593 ab
866 1553 1041 1594 inimicis
1068 1559 1142 1602 031,
1168 1560 1213 1593 111
1237 1553 1420 1607 privatus
1447 1552 1610 1594 obviam
1636 1554 1711 1594 iret

350 1613 528 1662 crimini,
561 1613 763 1654 dictatura
789 1629 832 1654 se
858 1613 1076 1655 abdicavit.
1125 1614 1220 1655 nolo
1246 1629 1323 1669 cgo
1348 1615 1469 1655 istam
1494 1616 1535 1655 in
1561 1622 1599 1655 te
1624 1630 1711 1656 1110-

351 1675 549 1716 destiam:
598 1690 649 1716 ne
688 1676 1002 1730 degeneraveris
1040 1691 1064 1716 a
1099 1675 1256 1716 familia
1297 1676 1635 1730 imperiosissima
1672 1684 1712 1718 et

351 1736 666 1792 superbissima,
698 1753 782 1778 non
807 1738 890 1786 die,
922 1753 1005 1779 non
1029 1737 1130 1779 hora
1155 1738 1274 1779 citius
1300 1753 1423 1791 quam
1454 1753 1624 1780 11000330
1649 1746 1711 1780 031

352 1800 596 1854 magistratu
621 1799 784 1849 abieris,
806 1800 929 1841 modo
949 1815 999 1840 110
1021 1800 1197 1841 excedas
1217 1800 1376 1840 finitum
1397 1807 1572 1854 tempus.
1612 1801 1710 1841 satis

349 1870 411 1903 est
436 1869 505 1903 aut
525 1862 633 1903 diem
654 1870 723 1903 aut
749 1877 935 1904 mensem
960 1877 1158 1903 censurae
1183 1862 1369 1903 adicere?
1400 1862 1632 1911 triennium,
1652 1862 1713 1902 in-

350 1925 456 1977 quit,
484 1931 524 1966 et
550 1939 624 1966 sex
649 1940 813 1966 menses
838 1925 945 1966 ultra
969 1940 1094 1979 quam
1119 1925 1214 1966 licet
1238 1924 1419 1965 Aemilia
1448 1924 1541 1979 lege
1567 1939 1713 1965 censu-

350 2002 436 2027 ram
461 2001 615 2042 geram,
637 1993 677 2028 et
697 1987 808 2028 solus
835 2003 989 2043 geram.
1033 1987 1111 2028 hoe
1131 1987 1298 2041 quidem
1322 1987 1403 2027 iam
1430 2001 1558 2042 regno
1580 1986 1712 2027 simile

350 2056 423 2089 031.
467 2064 519 2089 311
539 2049 739 2104 collegam
767 2050 1026 2105 subrogabis,
1047 2064 1171 2103 quem
1190 2065 1241 2090 ne
1260 2049 1302 2090 in
1321 2049 1524 2089 demortui
1544 2048 1712 2102 quidem

349 2111 485 2152 locum
512 2110 737 2166 subrogare
762 2111 826 2152 fas
853 2112 940 2153 est?
975 2112 1155 2166 paenitet
1182 2112 1308 2161 enim,
1341 2111 1452 2164 quod
1477 2110 1713 2163 antiquissi-

350 2188 464 2213 mum
497 2173 693 2214 sollemne
720 2180 759 2213 01
786 2173 916 2214 solum
944 2173 995 2214 ab
1026 2174 1135 2228 ipso,
1168 2173 1234 2214 cui
1264 2173 1327 2222 fit,
1358 2172 1589 2213 institutum
1620 2172 1711 2220 deo,

350 2234 401 2275 ab
428 2234 696 2276 nobilissimis
722 2234 972 2276 antistitibus
993 2235 1080 2276 eius
1101 2235 1206 2276 sacri
1221 2235 1272 2275 ad
1291 2249 1503 2276 servorum
1528 2233 1712 2274 ministe-

348 2297 452 2336 rium
478 2297 697 2352 religiosus
718 2312 863 2338 censor
881 2297 1101 2346 deduxisti,
1127 2311 1230 2352 gens
1257 2296 1461 2350 antiquior
1485 2295 1710 2350 originibus

350 2359 463 2400 urbis
489 2360 631 2410 huius,
658 2360 836 2414 hospitio
862 2360 1032 2400 deorum
1057 2359 1334 2400 inmortalium
1361 2365 1520 2408 sancta,
1545 2365 1712 2413 propter

350 2428 388 2462 10
414 2437 461 2463 30
486 2429 601 2463 tuam
627 2437 843 2464 censuram
874 2423 980 2462 intra
1011 2437 1164 2463 annum
1190 2421 1241 2462 ab
1269 2422 1392 2476 stirpe
1425 2421 1604 2462 extincta
1635 2427 1709 2469 est,

348 2484 426 2525 nisi
452 2486 688 2527 universam
713 2501 801 2526 rem
826 2485 1034 2540 publicam
1055 2500 1102 2526 co
1122 2485 1279 2526 nefario
1299 2485 1579 2533 obstrinxeris,
1601 2484 1711 2537 quod

350 2547 521 2590 ominari
553 2549 675 2590 etiam
714 2549 954 2589 reformidat
991 2548 1164 2589 animus.
1214 2547 1313 2588 urbs
1345 2562 1393 2589 eo
1424 2547 1553 2588 lustro
1591 2553 1710 2600 capta

350 2615 429 2657 031,
462 2624 562 2663 quo,
589 2611 804 2652 demortuo
831 2611 989 2665 collega
1016 2610 1064 2651 C.
1091 2610 1198 2651 Iulio
1224 2625 1410 2659 censore,
1437 2609 1490 2650 L.
1517 2608 1707 2662 Papirius

352 2669 518 2721 Cursor,
545 2688 595 2715 ne
615 2674 743 2715 abiret
770 2673 1026 2729 magistratu,
1040 2673 1101 2714 M.
1119 2672 1357 2713 Cornelium
1371 2671 1707 2725 Maluginensem
