1835 3226
284 363 302 392 6

284 1038 300 1064 21

269 1160 304 1188 ΙΟ

268 1538 300 1565 11

272 2284 308 2313 13

328 236 381 278 36
672 244 823 278 LIBER
841 244 876 287 1,
901 244 956 277 32.
983 244 1334 288 [a.u.e.114-13s]

410 348 599 401 Legatus
631 345 701 386 ubi
731 345 783 385 ad
815 345 916 386 fines
943 359 1084 385 eorum
1109 345 1238 393 venit,
1270 345 1378 385 unde
1403 360 1468 387 res
1492 354 1682 401 repetun-

326 415 408 457 tur,
441 407 572 461 0311110
598 407 732 447 velato
757 406 826 447 filo
851 431 904 435 —
929 406 1047 446 lanae
1072 405 1259 446 velamen
1285 413 1348 447 est
1366 431 1419 435 —
1447 407 1561 447 ‘audi
1586 408 1684 463 Iup-

326 469 460 524 piter‚'
496 468 628 521 inquit
659 468 816 509 ‘audite
845 467 966 508 fines'
991 493 1044 496 —
1076 467 1372 520 cuiuscumque
1409 468 1543 522 gentis
1577 477 1682 518 sunt,

326 531 509 571 nominat
535 556 588 560 —
609 530 766 570 ‘audiat
792 529 876 570 fas!
915 545 992 585 ego
1019 545 1110 570 sum
1136 529 1326 583 publicus
1351 530 1519 570 nuntius
1545 531 1685 584 populi

327 592 525 641 Romani,
563 592 669 632 iuste
699 592 848 646 pieque
878 591 1039 646 legatus
1066 592 1185 632 venio
1211 591 1430 645 verbisque
1455 592 1557 633 meis
1582 592 1684 633 fides

327 654 403 695 sit?
451 654 611 709 peragit
641 653 789 695 deinde
819 654 1036 708 postulata.
1085 653 1180 693 inde
1211 653 1532 694 Iovem-testem
1568 653 1684 694 facit':

328 717 382 757 ‘si
413 731 492 772 ego
522 716 672 757 iniuste
696 715 904 770 impieque
929 715 1020 756 illos
1046 715 1233 756 homines
1258 714 1432 768 illasque
1456 730 1521 756 res
1548 715 1687 756 dedier

326 778 426 818 mihi
458 792 656 832 exposco,
693 785 780 818 tum
810 777 966 832 patriae
997 783 1228 831 compotem
1252 791 1318 817 me
1343 791 1569 830 numquam
1595 777 1685 818 siris

327 840 444 881 esse.'
492 840 593 880 hace
625 854 718 880 cum
748 839 852 880 fines
884 839 1188 893 suprascandit,
1227 838 1330 879 haee
1365 838 1613 892 quicumque
1650 839 1687 880 ei

327 902 483 956 primus
520 901 582 942 vir
613 901 760 942 obvius
790 900 933 950 fuerit,
970 900 1072 941 11300
1102 907 1263 955 portam
1293 900 1548 955 ingrediens,
1585 899 1687 940 11300

327 964 463 1004 forum
504 964 717 1018 ingressus
759 963 902 1017 paucis
945 961 1083 1003 verbis
1121 962 1312 1003 carminis
1349 961 1687 1016 concipiendique

327 1026 426 1067 iuris
457 1024 618 1066 iurandi
649 1025 816 1066 mutatis
846 1024 1019 1080 peragit.
1070 1024 1105 1065 si
1135 1039 1218 1065 non
1247 1023 1452 1064 deduntur
1482 1038 1586 1077 quos
1618 1037 1688 1064 ex-

326 1088 478 1142 poscit,
517 1087 663 1128 diebus
700 1086 830 1127 tribus
869 1094 908 1127 et
944 1086 1111 1141 triginta
1143 1111 1196 1115 —
1229 1091 1289 1125 tot
1325 1085 1433 1125 enim
1470 1084 1687 1125 sollemnes

331 1155 426 1190 sunt
451 1174 504 1178 —
535 1148 712 1202 peractis
743 1147 897 1188 bellum
927 1148 985 1188 ita
1014 1147 1174 1188 indicit:
1214 1146 1328 1187 ‘audi
1358 1146 1544 1200 Iuppiter
1574 1153 1614 1187 et
1644 1154 1688 1186 tu

328 1211 451 1260 Iuno,
491 1209 663 1263 Quirine
699 1210 836 1262 diique
874 1224 1017 1250 omnes
1054 1208 1252 1250 caelestes
1289 1222 1446 1261 vosque
1476 1214 1688 1248 terrestres

329 1288 485 1326 vosque
510 1272 659 1313 inferni
683 1271 840 1312 audite!
884 1286 961 1326 ego
987 1286 1061 1312 vos
1087 1278 1227 1319 testor,
1258 1269 1457 1324 populum
1482 1268 1614 1309 illum'
1634 1294 1688 1298 ——

329 1335 578 1389 quicumque
604 1341 684 1384 est,
710 1334 895 1375 nominat
920 1359 973 1363 —
995 1334 1210 1374 ‘iniustum
1236 1347 1327 1373 esse
1352 1346 1484 1385 neque
1510 1332 1572 1372 ius
1599 1346 1689 1385 pcr-

331 1398 502 1439 solvcre.
558 1397 632 1438 sed
662 1397 712 1437 de
745 1397 835 1437 istis
866 1395 990 1437 rebus
1021 1396 1061 1435 in
1093 1395 1224 1449 patria
1253 1394 1428 1435 maiores
1458 1401 1558 1434 natu
1594 1408 1688 1434 eon-

331 1460 533 1508 sulemus‚
571 1473 652 1512 quo
682 1465 804 1513 pacto
834 1458 898 1499 ius
936 1465 1123 1498 nostrum
1159 1455 1460 1511 adipiscamur.'
1509 1469 1602 1496 cum
1638 1454 1688 1495 iis

331 1522 498 1563 nuntius
517 1521 694 1562 Romam
720 1521 772 1561 ad
798 1520 1095 1561 consulendum
1120 1519 1236 1559 redit,
1286 1517 1503 1558 confestim
1527 1531 1600 1557 rex
1624 1516 1688 1557 his

334 1584 463 1625 ferme
493 1582 629 1624 verbis
661 1589 798 1636 patres
831 1581 1088 1623 consulebat:
1128 1585 1321 1633 ‘quarum
1350 1594 1505 1627 10111111,
1542 1578 1689 1627 111111111,

331 1660 549 1687 causarum
574 1644 756 1686 condixit
774 1650 890 1698 pater
907 1650 1093 1697 patratus
1113 1641 1256 1697 populi
1273 1641 1452 1682 Romani
1467 1639 1690 1693 Quiritium

330 1708 435 1762 patri
466 1713 625 1761 patrato
655 1705 885 1760 priscorum
913 1705 1160 1745 Latinorum
1190 1702 1508 1755 hominibusque
1543 1701 1690 1756 priscis

331 1770 512 1819 Latinis,
539 1783 642 1822 quas
662 1783 727 1809 res
748 1782 822 1808 nec
843 1767 1044 1808 dederunt
1063 1781 1138 1807 nee
1161 1765 1369 1807 solverunt
1393 1779 1469 1805 nee
1493 1764 1690 1812 fecerunt,

332 1847 434 1886 quas
459 1846 524 1873 res
551 1831 657 1881 dari,
690 1830 814 1880 solvi,
847 1830 934 1870 fieri
959 1829 1157 1883 oportuit,
1189 1827 1285 1877 dic:
1321 1826 1452 1880 inquit
1479 1826 1533 1875 ei,
1570 1840 1692 1878 quem

333 1894 512 1949 primum
538 1894 782 1934 sententiam
800 1891 975 1947 rogabat
1001 1891 1118 1944 ‘quid
1145 1889 1329 1931 censes?'
1366 1897 1453 1929 tum
1478 1888 1546 1929 ille
1573 1892 1693 1942 ‘puro

332 1957 482 2011 pioque
508 1956 645 1997 duello
665 1956 921 2009 quaerendas
942 1968 1091 1995 censeo
1111 1953 1249 2006 itaque
1275 1950 1487 1993 consentio
1513 1950 1694 1991 conscis-

335 2018 491 2072 coque.’
522 2018 616 2059 inde
637 2018 777 2059 ordine
803 2017 871 2058 alii
896 2015 1148 2070 rogabantur
1174 2014 1420 2068 quandoque
1445 2027 1540 2067 pars
1565 2012 1695 2053 maior

333 2094 473 2120 eorum
515 2080 585 2133 qui
622 2080 791 2120 aderant
826 2079 869 2119 in
905 2077 1076 2119 eandem
1114 2075 1357 2117 sententiam
1394 2074 1498 2122 ibat,
1541 2073 1693 2114 bellum

334 2149 420 2183 erat
445 2156 705 2183 consensum.
743 2141 831 2182 fieri
857 2140 1041 2203 soli-tum,
1068 2146 1113 2179 ut
1139 2138 1289 2179 fetialis
1314 2137 1476 2177 hastam
1500 2135 1693 2176 ferratam

335 2212 405 2245 aut
432 2204 702 2259 sanguineam
726 2210 962 2258 praeustam
989 2201 1040 2242 ad
1065 2201 1167 2241 fines
1194 2214 1334 2240 eorum
1364 2198 1487 2239 ferret
1519 2205 1577 2246 et,
1614 2212 1694 2237 non

334 2267 470 2308 minus
489 2265 619 2307 tribus
639 2265 863 2320 puberibus
890 2262 1196 2318 praesentibus,
1223 2261 1374 2302 diceret
1402 2259 1530 2313 ‘quod
1554 2259 1694 2313 populi

334 2331 562 2385 priscorum
593 2328 838 2369 Latinorum
871 2327 1143 2378 hominesque
1174 2324 1298 2379 prisci
1323 2323 1466 2364 Latini
1496 2322 1694 2363 adversus

334 2391 534 2447 populum
548 2391 782 2431 Romanum
805 2388 1031 2442 Quiritium
1052 2387 1255 2435 fecerunt,
1282 2385 1558 2438 deliquerunt,
1585 2382 1695 2436 quod

335 2453 512 2508 populus
543 2452 758 2493 Romanus
786 2450 1011 2504 Quiritium
1041 2448 1195 2490 bellum
1227 2463 1321 2488 cum
1351 2446 1498 2501 priscis
1530 2444 1694 2485 Latinis

334 2516 453 2557 iussit
484 2530 576 2556 csse
608 2522 855 2567 senatusque
886 2512 1027 2568 populi
1057 2511 1236 2552 Romani
1267 2509 1491 2562 Quiritium
1523 2506 1693 2553 censuit,

336 2578 559 2627 consensit,
593 2576 809 2625 conscivit,
841 2583 886 2615 111
910 2574 1064 2615 1101111111
1090 2587 1183 2614 011111
1208 2572 1353 2627 priscis
1379 2570 1542 2611 Latinis
1567 2568 1692 2614 fieret,

337 2639 388 2679 ob
420 2654 511 2680 03111
536 2653 623 2679 10111
648 2653 726 2692 ego
751 2637 1013 2692 populusque
1038 2635 1252 2676 Romanus
1277 2632 1441 2688 populis
1466 2631 1693 2685 priscorum

336 2700 582 2741 Latinorum
624 2699 944 2752 hominibusque
986 2697 1132 2752 priscis
1169 2695 1333 2737 Latinis
1370 2693 1523 2735 bellum
1558 2689 1693 2731 indico
