1780 3204
449 286 601 320 LIBER.
626 286 658 329 1,
685 286 738 320 56.
758 286 811 320 57.
839 285 1151 329 [a.c.534-510]
1428 280 1482 320 59

127 391 203 441 bit,
229 390 300 444 qui
318 396 501 430 vestrum
520 390 695 443 primus,
721 404 745 430 o
764 390 951 439 iuvenes,
979 389 1166 430 osculum
1185 391 1303 431 matri
1323 391 1482 433 tulerit.⁹

127 451 377 505 Tarquinius
405 450 577 501 Sextus,
605 452 674 504 qui
693 451 851 492 Romae
876 451 1041 492 relictus
1067 451 1218 502 fuerat,
1245 459 1291 493 ut
1314 453 1481 508 ignarus

125 514 313 569 responsi
339 528 568 568 expersque
592 514 753 568 imperii
783 520 910 562 esset,
947 528 1034 554 rem
1066 529 1228 555 summa
1258 530 1335 569 ope
1360 516 1484 556 taceri

124 575 285 626 iubent,
323 576 403 630 ipsi
438 576 543 616 inter
574 590 636 625 se,
674 581 765 616 uter
793 576 920 630 prior,
959 590 1052 616 cum
1083 576 1260 617 Romam
1296 577 1481 627 redisset,

125 639 246 678 matri
271 638 459 679 osculum
484 638 616 686 daret,
650 638 748 678 sorti
772 638 1023 692 permittunt.
1084 638 1240 680 Brutus
1266 639 1345 680 alio
1369 646 1481 681 ratus

126 707 311 754 spectare
341 699 561 754 Pythicam
591 714 755 749 vocem,
791 700 905 740 velut
935 700 969 740 si
998 700 1215 754 prolapsus
1253 701 1481 750 cecidisset,

125 768 276 802 terram
306 761 447 802 osculo
479 761 668 816 contigit,
707 761 862 802 scilicet
891 762 1001 814 quod
1028 776 1075 802 ea
1101 763 1329 804 communis
1354 769 1484 803 mater

126 823 308 864 omnium
333 823 566 864 mortalium
597 829 716 863 esset.
765 823 942 863 reditum
972 823 1067 863 inde
1090 823 1286 873 Romam,
1318 823 1389 865 ubi
1413 825 1485 865 ad-

125 901 269 927 versus
295 886 472 927 Rutulos
498 885 651 926 bellum
677 900 839 926 summa
863 885 904 924 vi
928 885 1160 938 parabatur.

209 947 351 988 LVII.
400 946 586 988 Ardeam
609 946 753 987 Rutuli
783 945 1007 995 habebant,
1045 961 1147 1001 gens
1156 959 1167 995 3
1205 954 1250 986 ut
1282 947 1325 986 in
1349 961 1398 987 ea
1421 962 1484 988 re-

124 1011 248 1065 gione
273 1017 398 1063 atque
422 1010 465 1050 in
489 1024 537 1050 ea
562 1016 712 1058 aetate,
739 1008 891 1049 divitiis
915 1009 1188 1062 praepollens.
1238 1023 1367 1061 eaque
1393 1009 1484 1063 ipsa

125 1087 251 1113 causa
280 1071 378 1112 belli
407 1071 503 1120 fuit,
541 1071 653 1124 quod
682 1085 754 1111 rex
778 1070 991 1111 Romanus
1024 1085 1117 1111 cum
1147 1070 1236 1124 ipse
1268 1070 1389 1110 ditari
1414 1085 1484 1110 ex-

126 1134 297 1175 haustus
334 1134 639 1188 magnificentia
673 1133 932 1187 publicorum
969 1147 1157 1186 operum,
1206 1140 1294 1172 tum
1331 1133 1484 1186 praeda

125 1195 304 1236 delenire
323 1195 583 1249 popularium
603 1195 762 1235 animos
783 1193 992 1243 studebat,
1018 1202 1181 1248 praeter
1200 1194 1322 1234 aliam
1343 1209 1484 1248 super-

123 1256 233 1297 biam
258 1271 386 1310 regno
410 1255 584 1297 infestos
605 1256 745 1305 etiam,
772 1256 884 1309 quod
904 1270 947 1296 se
966 1255 1008 1295 in
1027 1255 1239 1297 fabrorum
1259 1256 1483 1296 ministerio

123 1332 171 1359 ac
203 1318 340 1358 servili
370 1325 455 1358 tam
485 1318 556 1358 diu
585 1317 748 1359 habitos
780 1332 903 1372 opere
934 1317 985 1358 ab
1016 1332 1113 1372 rege
1149 1317 1481 1372 indignabantur.

124 1386 321 1434 temptata
339 1394 404 1420 res
426 1386 500 1429 est,
527 1380 562 1420 si
579 1380 712 1434 primo
731 1380 888 1434 impetu
907 1379 998 1434 capi
1011 1379 1153 1420 Ardea
1166 1388 1319 1434 posset.
1351 1379 1423 1420 ubi
1442 1380 1483 1420 id

121 1457 268 1496 parum
290 1442 510 1497 processit,
544 1442 758 1484 obsidione
782 1442 1162 1495 munitionibusque
1189 1442 1323 1496 coepti
1354 1443 1484 1496 premi

122 1504 275 1545 hostes.
323 1504 364 1544 in
396 1504 574 1554 stativis,
612 1511 657 1545 ut
686 1505 731 1545 fit
761 1504 885 1559 longo
916 1505 1050 1559 magis
1082 1519 1206 1558 quam
1243 1504 1326 1545 acri
1363 1504 1482 1553 bello,

123 1566 222 1607 satis
257 1565 376 1607 liberi
412 1573 666 1608 commeatus
705 1574 837 1616 erant,
884 1566 1132 1622 primoribus
1174 1574 1312 1608 tamen
1348 1567 1481 1622 magis

123 1643 247 1682 quam
282 1629 480 1671 militibus
491 1646 501 1679 3
549 1631 652 1685 regii
693 1631 860 1684 quidem
901 1631 1072 1672 iuvenes
1108 1632 1315 1672 interdum
1352 1632 1480 1673 otium

124 1691 321 1731 conviviis
347 1692 766 1745 comisationibusque
790 1693 896 1733 inter
921 1707 964 1733 se
990 1693 1188 1734 terebant.

206 1752 331 1793 Forte
366 1753 603 1807 potantibus
640 1754 704 1795 his
742 1755 853 1808 apud
885 1753 982 1795 Sex.
1016 1755 1305 1807 Tarquinium,
1343 1754 1414 1795 ubi
1445 1763 1484 1795 et

126 1812 354 1854 Collatinus
391 1814 564 1856 cenabat
599 1815 868 1869 Tarquinius,
905 1815 1049 1870 Egerii
1084 1816 1212 1864 filius,
1255 1816 1398 1856 incidit
1434 1816 1484 1856 de

124 1875 322 1916 uxoribus
347 1877 518 1925 mentio3
545 1892 662 1917 suam
687 1878 862 1930 quisque
885 1877 1053 1918 laudare
1072 1877 1184 1918 miris
1205 1878 1351 1918 modis.
1387 1878 1482 1918 inde

127 1937 347 1978 certamine
373 1952 546 1978 accenso
567 1937 798 1979 Collatinus
823 1944 948 1992 negat
966 1938 1103 1979 verbis
1123 1953 1227 1992 opus
1248 1953 1358 1988 esse,
1384 1954 1484 1993 pau-

1512 469 1547 496 11

1509 1211 1527 1239 10

1510 1892 1525 1919 *i

127 1998 184 2039 cis
210 1998 253 2038 id
277 1998 444 2051 quidem
468 1998 579 2040 horis
604 2014 727 2053 posse
760 2000 872 2049 sciri,
905 2006 1105 2052 quantum
1135 2001 1280 2041 ceteris
1304 2007 1485 2055 praestet
1505 2051 1508 2055 ἦ

125 2060 323 2101 Lucretia
348 2075 434 2101 sua.
485 2061 620 2113 ‘quin,
659 2061 694 2102 si
724 2061 842 2115 vigor
870 2062 1061 2102 iuventae
1085 2062 1210 2110 inest,
1244 2062 1484 2103 conscendi-

126 2137 218 2162 mus
256 2136 383 2174 equos
419 2122 718 2176 invisimusque
753 2129 990 2177 praesentes
1027 2131 1260 2164 nostrarum
1295 2124 1485 2178 ingenia?

125 2183 166 2223 id
198 2183 345 2236 cuique
382 2183 730 2238 spectatissimum
767 2184 838 2233 sit,
875 2185 986 2237 quod
1021 2185 1264 2239 necopinato
1301 2185 1377 2226 viri
1413 2185 1484 2226 ad—

124 2252 251 2285 ventu
287 2245 507 2287 occurrerit
543 2245 697 2287 oculis.'
755 2246 1009 2288 incaluerant
1044 2247 1153 2288 vino.
1215 2251 1311 2302 ‘age
1347 2246 1483 2289 sanel'

126 2321 284 2348 omnes.

212 2368 359 2409 Citatis
397 2369 513 2422 equis
550 2369 714 2410 avolant
745 2370 934 2412 Romam.
984 2385 1066 2425 quo
1103 2386 1198 2412 cum
1258 2372 1400 2426 primis
1438 2387 1482 2414 se

126 2430 432 2471 intendentibus
458 2430 636 2472 tenebris
686 2433 989 2485 pervenissent,
1020 2440 1198 2488 pergunt
1222 2433 1318 2474 inde
1345 2433 1483 2475 Colla-

126 2491 242 2540 tiam,
269 2491 341 2532 ubi
364 2492 605 2533 Lucretiam
639 2493 950 2547 hautquaquam
974 2502 1019 2535 ut
1042 2496 1178 2550 regias
1203 2510 1350 2545 niu-us,
1377 2510 1479 2550 quas

125 2553 167 2593 in
198 2553 386 2594 convivio
417 2553 599 2607 luxuque
630 2569 723 2595 cum
754 2556 994 2609 aequalibus
1025 2557 1212 2597 viderant
1237 2563 1398 2612 tempus
1424 2564 1484 2599 te-

125 2621 279 2664 rentes,
324 2615 397 2656 sed
432 2622 551 2657 nocte
587 2630 678 2657 sera
713 2616 894 2658 deditam
928 2618 1046 2659 lanae
1081 2619 1186 2659 inter
1220 2619 1481 2661 lucubrantes

126 2676 293 2717 ancillas
324 2677 366 2717 in
396 2677 532 2718 medio
563 2678 726 2718 aedium
758 2679 968 2721 sedentem
996 2680 1223 2721 inveniunt.
1273 2681 1481 2723 muliebris

127 2738 359 2779 certaminis
385 2738 475 2780 laus
501 2753 628 2793 penes
653 2740 892 2781 Lucretiam
918 2741 1014 2791 fuit3
1047 2742 1268 2783 adveniens
1294 2743 1356 2783 vir
1381 2743 1482 2784 Tar-

1509 2696 1550 2724 10
