1835 3226
332 658 370 687 10

331 783 367 812 11

351 1217 369 1246 [0

395 225 478 266 442
730 231 884 265 LlssER
909 231 1039 274 vnn,
1067 232 1096 264 1.
1116 232 1147 264 2.
1179 234 1275 274 [a.u.
1291 242 1320 265 ο.
1333 232 1416 276 433]

395 337 475 376 iras
501 349 597 376 suas
618 340 777 374 vertant
796 333 837 373 in
856 347 944 382 eos,
972 333 1121 386 quibus
1142 349 1224 374 non
1244 348 1342 374 suae
1361 334 1544 376 redditae
1562 351 1645 386 res,
1671 353 1753 379 non

395 397 552 437 alienae
572 394 858 435 adcumulatae
879 395 978 435 satis
1001 395 1093 444 sint,
1117 410 1290 449 quorum
1311 396 1525 437 saevitiam
1543 412 1624 438 non
1643 414 1752 440 mors

394 457 630 505 noxiorum,
656 471 738 497 non
763 456 916 497 deditio
936 456 1262 498 exanima-torum
1283 472 1518 512 corporum,
1544 474 1628 500 non
1645 459 1754 502 bona

397 519 609 572 sequentia
640 517 795 559 domini
825 518 1075 559 deditionem
1108 520 1328 570 exsatient,
1365 520 1520 574 placari
1549 529 1754 575 nequeant

395 580 474 621 nisi
515 580 788 620 hauriendum
832 581 1077 635 sanguinem
1111 580 1386 635 laniandaque
1421 583 1581 623 viscera
1615 590 1755 625 nostra.

394 642 717 698 praebuerimus.
767 643 922 684 iustum
954 649 1016 684 est
1047 642 1218 693 bellurn,
1249 642 1476 694 Samnites,
1509 645 1658 698 quibus
1685 660 1755 686 ne-

395 705 639 755 cessarium,
673 712 712 746 et
741 706 810 760 pia
840 721 971 755 arma,
1005 705 1155 759 quibus
1181 706 1292 747 nulla
1317 707 1395 747 nisi
1419 707 1461 747 in
1486 708 1609 748 armis
1634 708 1756 748 relin-

394 767 533 821 quitur
564 782 671 821 spes.
732 767 903 822 proinde
935 782 1026 808 cum
1059 782 1193 808 rerum
1225 768 1497 809 humanarum
1528 770 1754 810 maximum

394 836 648 870 momentum
676 829 745 878 sit,
772 844 896 882 quam
926 830 1112 884 propitiis
1138 844 1241 878 rem,
1269 844 1394 883 quam
1419 831 1603 872 adversis
1630 838 1754 885 agant

395 892 490 941 diis,
528 906 602 946 pro
634 897 744 932 certo
774 891 942 940 habete,
974 891 1110 946 priora
1141 891 1248 932 bella
1273 892 1469 933 adversus
1496 893 1594 934 deos
1620 893 1753 947 magis

394 968 518 1006 quam
539 953 725 994 homines
746 953 946 1008 gessisse,
974 953 1051 994 1100
1071 954 1182 1007 quod
1200 953 1325 995 instat
1350 954 1524 996 ducibus
1549 954 1650 1009 ipsis
1676 955 1753 996 diis

396 1015 619 1070 gesturos.’

479 1077 536 1118 Π.
575 1077 693 1118 Haec
713 1093 794 1118 non
812 1078 919 1119 laeta
939 1078 1072 1133 magis
1091 1092 1216 1132 quam
1236 1093 1333 1119 vera
1350 1079 1613 1128 vaticinatus,
1640 1093 1754 1120 excr-

396 1140 478 1180 citu
498 1140 645 1180 educto
667 1140 773 1180 circa
795 1139 1002 1181 Caudium
1023 1147 1156 1182 castra
1176 1156 1298 1194 quam
1318 1148 1454 1195 potest
1479 1141 1753 1183 occultissime

394 1201 512 1242 locat.
550 1201 644 1241 inde
665 1201 716 1241 ad
733 1200 948 1251 Calatiam,
976 1201 1045 1242 ubi
1065 1202 1146 1242 iam
1167 1203 1356 1243 consules
1371 1203 1581 1244 Romanos
1602 1210 1754 1244 castra-

395 1278 475 1316 que
508 1277 598 1303 esse
630 1262 840 1311 audiebat,
873 1263 1021 1304 milites
1048 1264 1190 1304 decem
1215 1271 1425 1318 pastorum
1459 1265 1601 1306 habitu
1631 1265 1754 1305 mittit

394 1340 624 1380 pecoraque
656 1325 840 1366 diversos
873 1325 997 1366 alium
1030 1325 1126 1366 alibi
1156 1325 1266 1366 haud
1291 1327 1434 1380 procul
1458 1327 1657 1368 Romanis
1682 1341 1754 1381 pa-

397 1402 509 1429 scere
540 1387 653 1428 iubet
684 1387 917 1441 praesidiis:
955 1387 1025 1428 ubi
1061 1388 1276 1428 inciderint
1312 1388 1355 1428 in
1391 1389 1671 1442 praedatores,
1711 1395 1754 1428 ut

395 1450 504 1490 idem
530 1449 720 1490 omnibus
747 1464 880 1490 sermo
901 1457 1077 1498 constet,
1103 1450 1285 1504 legiones
1309 1449 1555 1491 Samnitium
1575 1451 1614 1490 111
1635 1450 1754 1505 Apu-

395 1511 493 1552 liam
523 1526 633 1560 esse,
670 1511 893 1552 Luceriam
931 1511 1121 1552 omnibus
1159 1512 1286 1566 copiis
1325 1512 1639 1561 circumsedere,
1678 1527 1752 1553 1100

396 1573 537 1627 procul
569 1572 734 1622 abesse,
774 1573 872 1626 quin
903 1573 944 1613 vi
975 1574 1150 1627 capiant.
1200 1574 1282 1614 iam
1313 1574 1389 1614 iste
1419 1589 1558 1614 rumor
1582 1582 1675 1615 ante
1701 1574 1751 1614 de

395 1635 596 1676 industria
621 1635 812 1690 volgatus
839 1642 1006 1676 venerat
1031 1636 1083 1676 ad
1103 1635 1334 1685 Romanos,
1363 1636 1435 1676 scd
1454 1636 1577 1676 fidem
1603 1651 1753 1676 auxere

396 1698 545 1752 captivi
577 1712 625 1738 eo
656 1697 854 1746 maxime,
887 1697 998 1750 quod
1030 1712 1164 1738 sermo
1189 1697 1293 1738 inter
1319 1713 1460 1739 omncs
1487 1697 1750 1753 congruebat.

395 1760 494 1800 haut
521 1767 606 1801 erat
631 1760 820 1809 dubium,
854 1760 954 1813 quin
978 1759 1197 1800 Lucerinis
1225 1774 1346 1814 opem
1372 1759 1585 1801 Romanus
1616 1760 1751 1808 ferret,

395 1822 513 1863 bonis
540 1836 587 1862 ac
611 1821 802 1862 fidelibus
830 1822 969 1871 sociis,
998 1821 1120 1862 simul
1146 1836 1197 1861 110
1222 1820 1378 1876 Apulia
1405 1821 1536 1862 omnis
1563 1821 1614 1861 ad
1639 1836 1754 1875 prae-

395 1892 553 1925 sentem
579 1891 773 1925 ter-rorem
801 1884 1003 1924 deficeret.
1054 1898 1101 1924 ea
1126 1884 1268 1933 modo,
1295 1898 1377 1937 qua
1403 1883 1524 1932 irent,
1551 1883 1755 1924 consulta-

395 1946 450 1987 tio
476 1939 720 1988 fuit.>'‘duae
746 1946 797 1986 ad
823 1945 1047 1986 Luceriam
1072 1945 1259 1986 serebant
1289 1945 1399 1995 viae,
1438 1945 1564 1986 altera
1596 1952 1756 2000 praeter

395 2024 507 2050 oram
546 2009 684 2064 superi
720 2009 844 2049 maris
875 2016 1019 2063 patens
1052 2015 1291 2062 apertaque,
1331 2008 1404 2049 sed
1434 2014 1586 2062 quanto
1618 2008 1752 2057 tutior,

395 2078 508 2112 tanto
538 2071 625 2112 fere
655 2071 829 2125 longior,
868 2071 996 2111 altera
1024 2085 1098 2125 per
1128 2070 1308 2111 furculas
1336 2069 1547 2111 Caudinas
1579 2069 1751 2111 brevior.

353 2149 367 2177 ῖ
395 2134 469 2175 sed
498 2134 554 2174 ita
584 2140 705 2174 natus
731 2134 846 2175 locus
873 2140 952 2174 est:
985 2133 1112 2174 saltus
1139 2133 1220 2174 duo
1246 2132 1316 2173 alti
1341 2133 1506 2188 angusti
1533 2132 1753 2186 silvosique

395 2203 506 2245 sunt,
534 2195 742 2237 montibus
770 2196 877 2237 eirca
901 2195 1110 2250 perpetuis
1135 2195 1240 2236 inter
1265 2210 1308 2236 se
1333 2195 1472 2236 iuncti.
1521 2195 1626 2235 iacet
1650 2194 1754 2236 inter

394 2274 464 2300 eos
491 2259 590 2300 satis
615 2265 762 2313 patens
790 2258 956 2299 clausus
981 2258 1023 2299 in
1048 2258 1184 2299 medio
1210 2272 1380 2312 campus
1406 2257 1601 2298 herbidus
1627 2271 1753 2310 aquo-

395 2336 567 2375 susque,
593 2336 666 2376 per
690 2335 814 2374 quem
838 2321 1020 2362 medium
1044 2321 1121 2361 iter
1146 2327 1219 2361 est.
1270 2320 1344 2361 sed
1369 2327 1586 2374 antequam
1612 2319 1752 2360 venias

394 2384 447 2424 ad
478 2399 591 2433 011111,
629 2384 842 2424 intrandae
873 2383 1028 2438 primae
1060 2383 1274 2437 angustiae
1306 2389 1401 2423 sunt
1432 2390 1470 2423 et
1501 2389 1571 2423 aut
1596 2381 1750 2429 eadem,

394 2460 478 2498 qua
506 2452 544 2487 te
576 2446 867 2495 insinuaveris,
899 2452 1006 2486 retro
1031 2445 1098 2486 via
1123 2445 1345 2499 repetenda
1370 2451 1458 2494 aut,
1493 2444 1527 2485 si
1551 2445 1609 2485 ire
1633 2457 1752 2498 porro

395 2523 564 2563 pergas,
601 2524 675 2563 per
705 2508 831 2549 alium
864 2508 1012 2549 saltum
1044 2507 1234 2548 artiorem
1266 2507 1633 2562 inpeditioremque
1659 2520 1752 2546 eva-

395 2570 588 2611 dendum.
637 2571 680 2611 111
705 2586 798 2611 cum
825 2585 1016 2625 campum
1042 2570 1109 2610 via
1133 2569 1212 2610 alia
1237 2584 1309 2624 per
1334 2584 1477 2610 cavam
1502 2583 1645 2623 rupem
1668 2567 1752 2608 Ro-

396 2633 505 2673 mani
537 2634 717 2674 demisso
749 2634 931 2689 agmine,
970 2648 1065 2674 cum
1097 2632 1149 2673 ad
1181 2632 1281 2673 alias
1318 2631 1531 2687 angustias
1566 2629 1750 2685 protinus

395 2703 626 2747 pergerent,
655 2703 816 2750 saeptas
838 2696 997 2737 deiectu
1018 2694 1208 2736 arborum
1230 2707 1504 2747 saxorumque
1523 2690 1749 2747 ingentium
