1835 3226
284 245 367 286 294
624 250 778 285 LIBER
801 250 848 295 v,
873 249 1020 284 43-45.
1048 252 1096 293 [a.
1111 260 1145 283 u.
1162 261 1190 284 ρ.
1205 251 1286 294 364]

238 373 257 402 8
285 356 507 411 cepissent,
534 354 605 408 qui
629 353 709 394 alia
732 352 840 394 bella
864 351 1010 394 fortius
1037 366 1200 406 semper
1223 367 1345 406 quam
1366 353 1524 395 felicius
1543 369 1637 410 ges-

283 419 449 466 sissent,
475 422 642 470 rcpente
662 415 776 455 audit
796 412 1012 456 Gallorum
1031 414 1256 455 exercitum
1276 415 1496 456 adventare
1515 422 1636 469 atque

282 481 332 520 de
363 493 411 519 eo
441 477 613 532 pavidos
637 475 843 518 Ardeates
875 476 1117 518 consultare.
1166 491 1242 517 nec
1273 491 1392 518 secus
1423 492 1547 531 quam
1578 478 1639 518 di-

282 542 376 582 vino
403 539 549 594 spiritu
573 545 725 589 tactus,
760 554 854 580 cum
880 554 924 580 se
948 539 990 580 in
1015 538 1194 580 mediam
1218 539 1450 581 contionem
1480 540 1639 581 intulis-

283 610 362 652 set,
390 602 594 643 abstinere
621 608 762 643 suetus
789 608 883 642 ante
908 601 1059 643 talibus
1087 601 1289 643 eoneiliis:
1333 611 1337 614 “

240 680 251 707 1
364 664 664 705 XXXXIHI.
716 663 967 714 ‘Ardeates,'
997 664 1129 718 inquit
1160 668 1337 706 ‘veteres
1369 665 1508 714 amici,
1540 664 1636 705 novi

282 727 405 768 etiam
435 726 546 767 cives
578 726 676 776 mei,
714 726 879 780 quando
910 733 949 767 et
979 733 1163 767 vestrum
1192 725 1436 767 beneficium
1466 726 1524 767 ita
1548 726 1638 766 tulit

282 795 321 829 et
345 788 510 830 fortuna
533 788 612 829 hoc
637 788 721 844 egit
745 803 855 838 mea,
887 803 1008 830 nemo
1034 795 1215 829 vestrum
1242 788 1492 830 condicionis
1523 802 1638 828 meae

281 851 453 893 oblitum
483 866 549 892 me
580 851 661 892 huc
690 851 944 907 processisse
974 858 1102 906 putet.
1153 852 1225 893 sed
1249 866 1314 892 res
1340 865 1388 892 ac
1412 850 1638 905 perieulum

282 929 496 956 commune
528 914 655 969 cogit,
694 914 806 967 quod
835 914 1010 968 quisque
1041 914 1172 971 possit
1201 914 1244 954 in
1272 928 1315 954 re
1341 913 1499 968 trepida
1523 927 1640 968 prae-

282 976 375 1017 sidii
398 977 440 1017 in
465 977 649 1017 medium
673 976 873 1017 conferre.
916 983 956 1017 et
981 976 1145 1030 quando
1171 991 1248 1031 ego
1273 975 1391 1017 vobis
1416 989 1490 1030 pro
1515 975 1638 1016 tantis

281 1038 427 1080 vestris
453 1038 495 1079 in
519 1053 585 1079 me
610 1038 765 1079 meritis
791 1038 967 1094 gratiam
991 1037 1186 1086 referam,
1213 1037 1248 1078 si
1272 1051 1381 1078 nunc
1399 1037 1640 1078 cessavero?

281 1107 350 1140 aut
374 1100 446 1140 ubi
469 1115 570 1141 usus
603 1101 678 1141 erit
706 1101 788 1141 mei
818 1100 955 1150 vobis,
994 1100 1029 1142 si
1058 1100 1100 1141 in
1130 1099 1238 1142 bello
1269 1114 1352 1141 non
1381 1099 1528 1140 fuerit?
1562 1099 1640 1139 hae

281 1169 367 1202 arte
396 1161 439 1202 in
468 1162 600 1216 patria
631 1163 724 1203 steti
755 1169 795 1203 et
824 1163 1002 1203 invictus
1033 1162 1159 1212 bello,
1191 1162 1233 1203 in
1258 1176 1359 1217 paee
1385 1161 1436 1203 ab
1467 1162 1638 1217 ingratis

237 1239 254 1266 :3
281 1224 439 1266 civibus
465 1225 610 1280 pulsus
637 1240 741 1266 sum.
790 1225 908 1267 vobis
934 1231 1089 1274 autem,
1121 1225 1346 1275 Ardeates,
1378 1225 1544 1266 fortuna
1567 1224 1640 1266 ob-

280 1287 363 1328 lata
387 1293 450 1328 est
474 1293 513 1327 et
537 1302 611 1342 pro
630 1287 753 1328 tantis
772 1287 914 1342 populi
932 1287 1110 1328 Romani
1129 1286 1356 1336 beneficiis,
1383 1293 1536 1340 quanta
1560 1285 1639 1340 ipsi

280 1349 524 1390 meministis
550 1374 603 1378 —
628 1363 704 1390 nec
740 1349 849 1389 enim
885 1348 1171 1403 exprobranda
1207 1363 1255 1389 ea
1290 1349 1401 1403 apud
1436 1362 1637 1388 memores

282 1417 378 1452 sunt
395 1435 463 1460 —-,
489 1410 645 1465 gratiae
670 1410 910 1451 referendae
935 1417 974 1450 et
999 1410 1093 1450 huie
1118 1409 1210 1450 urbi
1231 1410 1357 1451 decus
1376 1409 1522 1463 ingens
1542 1408 1637 1450 belli

237 1487 257 1515 4
283 1487 335 1514 ex
359 1472 476 1513 hoste
502 1472 710 1514 communi
734 1472 931 1527 pariendi.
969 1472 1039 1526 qui
1065 1472 1198 1513 effuso
1218 1472 1381 1527 agmine
1401 1471 1634 1520 adventant,

281 1549 385 1590 gens
408 1541 482 1584 est,
509 1534 575 1576 cui
593 1542 739 1575 natura
759 1548 930 1589 corpora
949 1534 1189 1587 animosque
1203 1549 1353 1589 magna
1367 1533 1499 1588 magis
1514 1547 1636 1586 quam

280 1597 398 1637 firma
417 1597 585 1637 dederit.
624 1611 672 1637 eo
691 1597 734 1637 in
752 1603 958 1637 certamen
976 1610 1096 1637 omne
1120 1596 1215 1650 plus
1241 1596 1404 1637 terroris
1430 1610 1554 1649 quam
1579 1594 1638 1635 vi-

236 1674 254 1701 ῑ)
279 1659 385 1699 rium
409 1658 558 1700 ferunt.
602 1665 846 1714 argumento
874 1658 926 1698 sit
952 1658 1089 1699 clades
1109 1658 1314 1698 Romana:
1339 1664 1547 1712 patentem
1573 1671 1637 1697 ee-

279 1735 376 1775 pere
412 1719 575 1770 urbem3
620 1735 671 1761 ex
702 1735 793 1761 aree
828 1719 1115 1774 Capitolioque
1151 1719 1215 1760 his
1252 1719 1401 1774 exigua
1436 1719 1639 1760 resistitur

279 1797 416 1822 manu.
470 1782 553 1822 iam
579 1782 804 1824 obsidionis
830 1781 965 1823 taedio
990 1781 1087 1821 victi
1112 1780 1340 1822 abscedunt
1364 1781 1540 1835 vagique
1565 1795 1639 1835 per

237 1860 254 1888 6
280 1859 402 1899 agros
432 1844 633 1898 palantur.
684 1843 775 1885 cibo
806 1844 984 1897 vinoque
1014 1843 1163 1898 raptim
1193 1842 1340 1883 hausto
1369 1841 1532 1896 repleti,
1568 1841 1639 1882 ubi

280 1922 362 1947 nox
387 1906 560 1960 adpetit,
592 1921 720 1961 prope
750 1906 860 1947 rivos
891 1920 1090 1959 aquarum
1124 1904 1210 1945 sine
1241 1904 1514 1953 munimento,
1552 1904 1639 1945 sine

282 1968 528 2010 stationibus
560 1983 608 2009 ac
640 1968 856 2018 custodiis,
892 1967 1049 2023 passim
1080 1967 1259 2008 ferarum
1284 1967 1365 2007 ritu
1391 1972 1637 2015 sternuntur,

237 2045 255 2074 7
280 2045 391 2071 nunc
416 2046 440 2071 a
465 2030 657 2072 secundis
682 2029 807 2072 rebus
826 2030 960 2085 magis
982 2029 1105 2070 etiam
1125 2028 1243 2070 solito
1262 2029 1427 2070 incauti.
1466 2028 1500 2069 si
1520 2027 1637 2070 vobis

279 2093 321 2133 in
352 2093 488 2134 animo
520 2100 599 2143 est,
638 2093 743 2134 tueri
773 2092 936 2134 moenia
965 2098 1102 2134 vestra
1133 2105 1209 2132 nec
1244 2091 1329 2145 pati
1364 2090 1466 2131 haec
1503 2090 1638 2131 onmia

282 2153 460 2196 Galliam
491 2156 596 2205 fieri,
633 2155 767 2210 prima
802 2154 944 2210 vigilia
974 2154 1106 2209 eapite
1138 2168 1252 2194 arma
1281 2153 1535 2206 frequentes,
1573 2166 1637 2193 me

281 2217 500 2271 sequimini
525 2218 577 2259 ad
603 2218 784 2266 eaedem,
810 2231 893 2258 non
913 2216 965 2257 ad
982 2231 1178 2271 pugnam.
1216 2215 1294 2255 nisi
1315 2215 1472 2255 vinctos
1493 2228 1638 2256 somno

280 2280 392 2320 velut
421 2280 602 2335 pecudes
634 2279 898 2321 trucidandos
930 2278 1152 2327 tradidero,
1184 2293 1267 2318 non
1291 2291 1435 2318 recuso
1461 2276 1638 2317 cundem

280 2341 445 2382 Ardeae
470 2356 607 2382 rerum
631 2356 817 2382 mearum
842 2340 1016 2389 exitum,
1043 2354 1166 2394 quem
1190 2339 1349 2380 Romae
1374 2338 1525 2380 habui.'

239 2417 250 2445 1
363 2403 611 2445 XXXXV.
652 2402 813 2457 Aequis
833 2403 1067 2456 iniquisque
1085 2416 1330 2457 persuasum
1351 2408 1453 2450 erat,
1480 2406 1636 2441 tantum

280 2465 387 2507 bello
407 2466 540 2507 virum
559 2466 765 2507 neminem
784 2480 959 2519 usquam
982 2479 1029 2506 ea
1049 2471 1291 2519 tempestate
1311 2478 1415 2504 esse.
1448 2463 1637 2504 contione

280 2528 450 2569 dimissa
475 2544 645 2583 corpora
663 2534 807 2569 curant
825 2527 988 2576 intenti,
1014 2542 1139 2581 quam
1157 2541 1255 2567 mox
1275 2526 1439 2581 signum
1459 2525 1634 2566 daretur.

281 2605 361 2642 quo
386 2591 480 2632 dato
505 2591 661 2646 primae
688 2590 849 2631 silentio
873 2590 1005 2630 noetis
1031 2590 1083 2630 ad
1107 2595 1246 2644 portas
1273 2587 1449 2629 Camillo
1474 2593 1636 2642 praesto

237 2664 255 2692 ‘2
282 2652 408 2692 suere.
458 2653 614 2707 egressi
644 2653 756 2694 haud
786 2652 929 2707 procul
959 2651 1079 2701 urbe,
1118 2651 1222 2692 sicut
1251 2651 1505 2706 praedictum
1536 2656 1633 2695 erat,

281 2720 413 2754 castra
445 2712 659 2756 Gallorum
690 2715 822 2756 intuta
851 2714 1120 2770 neglectaque
1152 2713 1203 2754 ab
1235 2713 1345 2754 omni
1376 2717 1490 2765 parte
1524 2708 1634 2749 nacti

236 991 254 1020 10
