1780 3204
438 251 591 285 LIBER
615 250 706 295 vn,
731 249 784 284 25.
803 250 857 285 26.
886 252 933 294 [a.
950 250 1079 284 esso,
1100 250 1181 293 349]
1406 241 1488 283 375

138 356 456 413 populabantur3
498 369 609 396 mare
645 354 841 395 infestum
877 353 1079 396 classibus
1112 353 1365 395 Graecorum
1402 361 1516 395 erat.

139 433 289 473 oraque
314 418 441 459 litoris
461 416 642 458 Antiatis
662 417 934 470 Laurensque
960 422 1112 457 tractus
1133 423 1172 457 et
1186 416 1347 458 Tiberis
1368 417 1486 467 ostia,

139 489 183 522 ut
206 481 434 536 praedones
460 479 651 520 maritimi
677 494 769 520 cum
795 478 1053 520 terrestribus
1080 479 1291 534 congressi
1321 480 1488 534 ancipiti

141 543 267 584 semel
292 543 445 597 proelio
471 543 741 590 decertarent,
773 541 968 594 dubiique
993 541 1257 582 discesserint
1282 542 1324 582 in
1355 549 1488 583 castra

143 603 272 655 Galli,
306 603 455 646 Graeci
478 611 585 645 retro
611 604 662 645 ad
686 618 832 652 naveS,
865 604 995 644 victos
1023 618 1066 644 se
1092 619 1144 644 an
1172 603 1344 644 victores
1369 610 1489 659 puta-

138 675 241 708 rent.
296 667 402 708 inter
435 666 511 707 hos
547 666 668 721 longe
705 665 910 706 maximus
953 665 1085 706 extitit
1126 672 1271 715 terror,
1316 666 1488 707 concilia

137 729 382 785 populorum
417 729 662 771 Latinorum
705 728 757 769 ad
798 728 936 768 lucum
971 728 1215 770 Ferentinae
1252 728 1392 770 habita
1425 744 1490 770 re-

139 806 417 846 sponsumque
442 791 552 831 haud
577 790 817 845 ambiguum
842 790 1138 844 imperantibus
1165 791 1313 832 milites
1334 791 1489 832 Roma-

137 855 200 895 nis
227 855 386 903 datum,
419 853 662 895 absisterent
686 853 886 907 imperare
910 853 978 902 iis,
1011 867 1186 906 quorum
1211 854 1362 894 auxilio
1394 868 1489 909 ege-

136 923 244 957 rent:
282 916 456 956 Latinos
487 930 560 970 pro
593 930 667 956 sua
698 914 884 956 libertate
914 915 1052 969 potius
1085 930 1210 968 quam
1244 930 1318 970 pro
1356 916 1488 957 alieno

134 978 309 1033 imperio
339 977 492 1018 laturos
524 992 649 1018 arma.
697 977 803 1017 inter
833 977 915 1017 duo
947 977 1068 1017 simul
1094 977 1202 1018 bella
1226 984 1394 1019 externa
1419 978 1490 1019 de-

135 1041 311 1081 fectione
331 1040 451 1081 etiam
471 1040 674 1080 sociorum
695 1045 860 1080 senatus
880 1040 1026 1080 anxius
1047 1054 1140 1079 cum
1161 1046 1355 1089 cerneret,
1377 1047 1489 1081 metu

135 1103 352 1152 tenendos,
385 1116 488 1155 quos
513 1102 614 1142 fides
641 1116 723 1142 non
748 1101 964 1150 tenuisset,
998 1101 1216 1143 extendere
1241 1116 1384 1142 omnes
1413 1102 1489 1142 im-

133 1165 236 1220 perii
265 1165 371 1205 vires
404 1163 592 1205 consules
624 1163 774 1204 dilectu
804 1162 994 1204 habendo
1023 1163 1162 1204 iussit:
1201 1163 1310 1204 civili
1336 1164 1488 1219 quippe

134 1226 326 1267 standum
357 1226 538 1266 exercitu
570 1239 679 1274 esse,
718 1224 883 1278 quando
911 1224 1072 1266 socialis
1099 1231 1240 1266 coetus
1267 1225 1485 1267 desereret.

133 1288 313 1341 undique
338 1302 420 1328 non
444 1286 602 1328 urbana
626 1292 803 1335 tantum,
836 1286 909 1327 sed
939 1286 1062 1327 etiam
1094 1287 1247 1342 agresti
1276 1287 1487 1329 iuventute

131 1349 274 1390 decem
309 1348 494 1404 legiones
532 1348 706 1402 scriptae
744 1348 935 1388 dicuntur
970 1355 1215 1402 quaternum
1251 1349 1411 1390 milium
1448 1357 1488 1391 et

131 1411 383 1451 ducenorum
407 1410 592 1464 peditum
617 1409 883 1463 equitumque
909 1417 1185 1460 trecenorum,
1224 1425 1347 1465 quem
1378 1427 1487 1452 nune

131 1487 284 1514 novum
309 1472 552 1521 exercitum,
585 1472 620 1513 si
650 1487 732 1526 qua
763 1479 931 1513 externa
960 1472 1022 1513 vis
1054 1473 1236 1528 ingruat,
1274 1473 1351 1514 hae
1381 1474 1489 1515 vires

133 1534 274 1590 populi
294 1534 490 1584 Romani,
518 1548 619 1587 quas
646 1534 715 1574 vix
741 1541 939 1575 terrarum
965 1535 1074 1589 capit
1099 1535 1228 1584 orbis,
1255 1542 1487 1577 contractae

131 1597 173 1637 in
203 1611 331 1637 unum
362 1596 474 1637 haud
504 1596 625 1637 facile
657 1596 854 1636 efficiant:
893 1596 996 1637 adeo
1031 1597 1074 1637 in
1110 1611 1215 1650 quae
1251 1597 1486 1639 laboramus

132 1658 219 1700 sola
243 1659 466 1708 crevimus,
494 1659 656 1699 divitias
680 1658 980 1712 luxuriamque.

216 1720 330 1761 Inter
354 1727 489 1761 cetera
513 1721 643 1761 tristia
669 1720 756 1761 eius
782 1720 877 1761 anni
898 1720 1043 1761 consul
1061 1720 1163 1761 alter
1181 1719 1264 1775 Ap.
1284 1720 1484 1762 Claudius

132 1784 173 1823 in
199 1783 290 1837 ipso
315 1782 411 1823 belli
437 1790 636 1836 apparatu
660 1783 843 1831 moritur,
870 1783 1156 1836 redieruntque
1175 1798 1239 1825 res
1261 1784 1313 1824 ad
1334 1783 1488 1825 Camil-

132 1845 235 1892 lum,
274 1844 340 1884 cui
369 1844 490 1884 unico
521 1844 680 1885 consuli
715 1844 781 1884 vel
816 1844 867 1885 ob
905 1845 1025 1885 aliam
1062 1846 1340 1900 dignationem
1377 1846 1489 1887 haud

135 1906 416 1947 subiciendam
442 1906 665 1946 dictaturae
690 1905 756 1946 vel
781 1906 833 1947 ob
860 1921 981 1947 omen
1005 1907 1188 1948 faustum
1208 1908 1261 1949 ad
1281 1906 1487 1950 Gallicum

135 1967 357 2007 tumultum
389 1968 645 2022 cognominis
677 1968 917 2009 dictatorem
943 1969 1132 2024 adrogari
1158 1969 1268 2010 haud
1293 1971 1392 2011 satis
1419 1971 1488 2011 de-

136 2044 277 2070 corum
302 2029 437 2071 visum
463 2036 524 2070 est
548 2029 744 2084 patribus.
789 2031 932 2071 consul
958 2031 1117 2072 duabus
1144 2031 1375 2087 legionibus
1397 2033 1487 2074 urbi
1538 2054 1552 2076 ·.

136 2092 400 2146 praepositis,
436 2099 527 2132 octo
553 2106 646 2132 cum
671 2092 724 2132 L.
751 2091 916 2133 Pinario
943 2100 1128 2147 praetore
1159 2094 1301 2135 divisis
1333 2110 1488 2147 memor

135 2160 328 2207 paternae
342 2153 503 2194 virtutis
526 2151 732 2194 Gallicum
753 2153 830 2195 sibi
855 2154 1008 2195 bellum
1035 2162 1149 2196 extra
1174 2163 1325 2197 sortem
1351 2158 1486 2207 sumit,

135 2221 364 2269 praetorem
390 2215 636 2256 maritimam
661 2230 774 2256 oram
799 2216 920 2257 tutari
948 2215 1211 2271 Graecosque
1238 2233 1374 2259 arcere
1398 2219 1489 2260 lito-

136 2275 251 2317 ribus
281 2276 414 2317 iussit.
475 2283 515 2317 et
545 2292 638 2318 cum
663 2277 703 2318 in
730 2293 873 2333 agrum
898 2278 1167 2334 Pomptinum
1193 2281 1486 2331 descendisset,

137 2339 234 2392 quia
257 2353 390 2391 neque
415 2339 456 2379 in
482 2340 637 2393 campis
663 2340 857 2394 congredi
882 2341 995 2381 nulla
1013 2349 1184 2397 cogente
1203 2357 1246 2383 re
1266 2342 1429 2384 volebat
1449 2350 1489 2384 et

137 2400 391 2454 prohibendo
421 2401 773 2456 populationibus,
810 2418 912 2456 quos
944 2411 1059 2458 rapto
1090 2405 1227 2446 vivere
1263 2406 1487 2448 necessitas

139 2470 320 2518 cogeret,
360 2464 459 2504 satis
496 2465 653 2505 domari
690 2465 881 2507 credebat
910 2466 1089 2517 hostem,
1126 2467 1261 2509 locum
1293 2469 1486 2510 idoneum

139 2525 297 2565 stativis
324 2525 487 2581 delegit.

221 2588 394 2630 XXVI.
445 2589 531 2630 Ubi
561 2605 654 2630 cum
686 2590 928 2632 stationibus
960 2593 1085 2646 quieti
1111 2600 1272 2648 tempus
1298 2600 1484 2644 tererent,

137 2648 283 2691 Gallus
308 2652 509 2705 processit
538 2653 819 2708 magnitudine
851 2660 972 2707 atque
1004 2655 1126 2696 armis
1157 2656 1348 2712 insignis,
1387 2671 1486 2710 qua-

135 2712 321 2766 tiensque
359 2720 521 2755 scutum
557 2714 675 2756 hasta
706 2729 798 2756 cum
832 2715 1037 2758 silentium
1068 2717 1252 2768 fecisset,
1290 2732 1485 2774 provocat

1515 992 1532 1020 Ᾰ]

1516 1737 1553 1765 10

1518 1863 1549 1890 11

1518 2236 1555 2263 13
