1835 3226
268 636 274 663 l
294 636 301 662 1

326 202 408 243 468
653 207 806 242 LIBER
832 207 961 251 vnn,
986 207 1041 241 24.
1059 207 1114 241 25.
1141 207 1380 252 [a.u.e.440]

331 312 590 354 semisomnis
617 325 663 350 ac
683 310 863 350 maxima
886 316 1000 363 parte
1025 309 1250 351 inermibus
1276 308 1567 365 refringuntur,
1587 326 1687 365 qua-

329 390 419 415 rum
449 388 522 427 per
553 387 676 412 unam
706 371 958 426 praesidium
989 371 1224 412 Romanum
1256 371 1433 413 clamore
1465 373 1685 414 excitatum

286 450 302 477 :3
329 435 521 488 inrmnpit
541 442 579 474 et
599 440 891 474 concursantes
912 448 985 487 per
1004 434 1091 474 vias
1109 434 1282 488 pavidos
1303 434 1448 475 caedit.
1485 434 1568 475 iam
1584 432 1689 476 Sora

329 503 447 551 capta
473 502 569 544 erat,
591 509 684 535 cum
711 495 900 536 consules
926 496 1057 550 prima
1082 495 1173 536 luce
1199 496 1414 544 advenere,
1435 502 1472 536 et
1498 510 1601 549 quos
1626 511 1689 536 re-

330 559 462 612 liquos
488 558 652 599 fortuna
679 572 731 598 ex
755 565 957 598 nocturna
982 558 1106 598 caede
1132 572 1178 598 ac
1205 557 1304 612 fuga
1331 557 1483 605 fecerat
1507 558 1551 598 in
1575 558 1689 598 dedi-

331 621 483 661 tionem
515 619 733 674 accipiunt.
789 634 839 659 ex
871 619 934 660 his
965 620 1165 660 ducentos
1196 619 1342 674 viginti
1379 620 1578 672 quinque,
1617 619 1687 673 qui

329 683 512 722 omnium
532 696 738 722 consensu
752 681 1062 722 destinabantur
1075 690 1113 722 et
1131 680 1325 722 infandae
1346 681 1582 722 colonorum
1597 695 1688 722 cae-

328 745 390 785 dis
417 751 456 784 et
481 743 723 784 defectionis
750 750 957 792 auctores,
984 744 1146 784 vinctos
1171 743 1349 784 Romam
1375 743 1595 792 deducunt,
1623 757 1689 784 ce-

328 814 455 847 teram
492 806 795 846 multitudinem
831 805 1078 846 ineolumem
1112 806 1318 860 praesidio
1349 805 1526 860 inposito
1559 804 1687 846 Sorae

285 886 297 910 .·
328 870 575 922 relinquunt.
626 883 786 917 omnes,
819 869 890 922 qui
914 869 1092 910 Romam
1123 869 1289 910 deducti
1320 875 1450 917 erant,
1489 868 1615 923 virgis
1645 868 1687 908 in

328 933 418 973 foro
445 932 555 973 eaesi
580 946 626 972 ac
654 932 787 972 securi
811 932 998 986 percussi
1024 946 1186 972 summo
1211 931 1363 986 gaudio
1387 930 1538 985 plebis,
1571 930 1686 971 0111115

329 995 506 1035 maxime
532 995 741 1043 intererat,
770 1001 899 1035 tutam
925 993 1098 1047 ubique,
1124 1008 1229 1047 quae
1254 993 1410 1048 passim
1441 992 1483 1032 in
1507 991 1686 1033 colonias

329 1057 567 1104 mitteretur,
595 1056 899 1096 multitudinem
927 1068 1030 1096 csse.

413 1117 563 1158 XXV.
604 1117 811 1159 Consules
837 1117 888 1158 ab
917 1116 1021 1159 Sora
1051 1117 1226 1172 profecti
1255 1117 1297 1157 in
1328 1131 1449 1172 agros
1475 1128 1596 1170 atquc
1622 1131 1687 1156 ur·-

328 1179 401 1220 bes
415 1179 636 1220 Ausonum
662 1179 815 1220 bellum
841 1179 1076 1220 intulerunt.
1120 1186 1232 1220 mota
1255 1194 1433 1232 namque
1454 1179 1591 1219 omnia.
1615 1177 1688 1219 ad—

327 1248 453 1282 ventu
475 1240 734 1290 Samnitium,
762 1256 855 1282 cum
881 1242 990 1296 apud
1005 1241 1208 1282 Lautulas
1235 1241 1472 1282 dimicatum
1499 1247 1572 1289 est,
1598 1240 1687 1281 fue-

285 1316 302 1342 3
328 1311 417 1344 111111
437 1303 820 1356 coniurationesque
841 1303 947 1344 circa
963 1303 1234 1357 Campaniam
1253 1303 1408 1358 passim
1429 1303 1574 1343 saetae.
1610 1317 1685 1343 nec-

330 1364 476 1419 Capua
512 1365 601 1419 ipsa
632 1365 799 1405 erimine
831 1365 971 1405 caruit.
1026 1365 1125 1418 quin
1155 1365 1333 1406 Romam
1365 1379 1528 1418 quoquc
1559 1372 1598 1406 et
1633 1365 1686 1404 ad

327 1426 558 1480 principum
584 1426 785 1479 quosdam
809 1426 1053 1479 inquirendo
1078 1433 1248 1466 ventum
1273 1434 1347 1467 051.
1391 1434 1569 1466 0010111111
1595 1426 1686 1467 Au-

329 1503 475 1529 sonum
501 1502 603 1542 gens
628 1488 858 1542 proditione
886 1488 1065 1536 urbium,
1093 1488 1196 1528 sieut
1225 1487 1346 1537 Sora,
1374 1488 1415 1528 in
1440 1495 1684 1542 potestatem

326 1550 450 1589 venit.
487 1549 662 1590 Ausona
681 1556 721 1589 et
734 1548 971 1590 Minturnae
991 1549 1195 1590 etVescia
1219 1549 1341 1590 urbes
1369 1557 1493 1598 erant,
1521 1564 1572 1590 ex
1597 1550 1686 1603 qui-

326 1610 404 1650 bus
430 1610 636 1664 principes
661 1610 884 1651 iuventutis
911 1611 1128 1651 duodecim
1153 1626 1322 1651 numero
1346 1612 1388 1651 in
1413 1612 1684 1665 proditionem

327 1672 488 1713 urbium
511 1687 677 1712 suarum
697 1672 896 1713 coniurati
916 1672 968 1712 ad
987 1673 1177 1713 consules
1193 1673 1373 1713 veniunt.
1411 1674 1571 1722 docent,
1587 1689 1683 1714 suos

327 1735 408 1775 iam
425 1734 584 1789 pridem
599 1741 839 1789 exoptantes
857 1732 1105 1775 Samnitium
1119 1734 1355 1784 adventum,
1372 1734 1493 1775 simul
1506 1735 1558 1775 ad
1571 1735 1685 1776 Lau-

328 1797 434 1837 tulas
465 1804 695 1852 pugnatum
721 1797 956 1845 audierunt,
988 1811 1062 1850 pro
1087 1797 1206 1838 victis
1232 1796 1444 1838 Romanos
1475 1796 1683 1844 habuisse,

294 1873 301 1880 ¹
328 1859 556 1908 iuventute,
583 1859 706 1900 armis
735 1857 965 1900 Samnitem
990 1859 1144 1899 iuvisse
1154 1875 1164 1908 3
1195 1858 1350 1914 fugatis
1376 1859 1469 1899 inde
1492 1857 1687 1900 Samniti-

328 1921 407 1962 bus
432 1922 586 1962 ineerta
613 1936 712 1976 pace
739 1936 860 1976 agere
885 1936 961 1962 1100
988 1921 1215 1962 claudentis
1240 1928 1380 1976 portas
1395 1921 1607 1971 Romanis,
1634 1935 1685 1961 ne

329 1990 539 2024 arcessant
564 1983 737 2032 bellum,
765 1991 804 2024 et
830 1982 1057 2024 obstinatos
1084 1983 1292 2033 claudere,
1326 1983 1360 2024 si
1386 1982 1589 2024 exereitus
1615 1983 1687 2024 ad-

328 2054 560 2087 moveatur:
597 2046 638 2086 in
664 2061 713 2087 ea
736 2045 1001 2086 fluctuatione
1033 2046 1264 2086 animorum
1295 2045 1469 2100 opprimi
1499 2045 1684 2086 incautos

286 2123 300 2148 ῖ
329 2123 464 2162 posse.
507 2108 570 2149 his
592 2108 828 2149 auctoribus
849 2115 959 2149 mota
978 2108 1146 2162 propius
1167 2115 1299 2149 castra
1325 2107 1521 2160 missique
1541 2107 1686 2148 eodem

284 2371 302 2395 b*

329 2178 510 2225 tempore
537 2170 644 2211 eirca
669 2171 745 2211 tria
770 2170 922 2225 oppida
946 2170 1115 2219 milites,
1148 2170 1297 2224 partim
1329 2170 1490 2218 armati,
1524 2169 1593 2223 qui
1619 2184 1687 2210 oc-

328 2232 425 2272 culti
460 2233 691 2287 propinqua
720 2232 936 2273 moenibus
968 2232 1191 2273 insiderent
1226 2232 1334 2281 loca,
1373 2232 1519 2286 partim
1556 2231 1685 2286 togati

330 2296 445 2336 tectis
471 2303 584 2336 veste
609 2295 771 2350 gladiis,
791 2295 861 2349 qui
886 2294 963 2336 sub
988 2295 1123 2335 lucem
1149 2295 1299 2350 apertis
1325 2295 1453 2349 portis
1479 2294 1600 2335 urbes
1626 2295 1686 2334 in-

328 2357 606 2411 grederentur.
651 2357 702 2398 ab
722 2357 785 2398 his
812 2357 934 2397 simul
960 2357 1152 2397 custodes
1179 2357 1372 2398 trucidari
1397 2356 1543 2411 coepti,
1565 2356 1685 2397 simul

327 2419 469 2459 datum
490 2419 655 2474 signum
675 2419 854 2468 armatis,
869 2425 914 2459 ut
934 2433 983 2459 ex
1004 2418 1162 2459 insidiis
1183 2425 1482 2459 concurrerent.
1519 2418 1576 2458 ita
1593 2432 1687 2472 por-

328 2487 391 2520 tae
411 2488 633 2536 occupatae
655 2482 811 2535 triaque
826 2481 977 2535 oppida.
997 2481 1140 2521 eadem
1160 2480 1262 2521 hora
1275 2480 1501 2533 eodemque
1516 2479 1685 2520 consilio

285 2556 302 2580 f·
329 2550 458 2596 capta.
497 2543 570 2583 sed
589 2543 684 2596 quia
706 2543 945 2584 absentibus
961 2541 1134 2583 ducibus
1155 2542 1333 2597 impetus
1354 2549 1414 2582 est
1434 2542 1581 2590 factus,
1596 2541 1686 2581 nu]-

329 2602 390 2643 lus
411 2604 557 2644 modus
572 2604 766 2645 caedibus
787 2605 881 2645 fuit:
903 2604 1118 2657 deletaque
1126 2603 1346 2645 Ausonum
1361 2618 1476 2659 gens,
1491 2603 1561 2643 vix
1574 2609 1683 2643 certo

330 2663 568 2706 defectionis
584 2666 764 2716 erimine,
779 2667 948 2721 perinde
969 2681 1015 2707 ac
1036 2666 1070 2707 si
1090 2666 1340 2707 internecivo
1355 2665 1460 2707 bello
1474 2670 1680 2706 certasset.
