1780 3204
447 265 599 299 Lissfflz
622 265 732 309 vm,
758 265 811 298 ρο.
830 265 884 298 ⁶21.
913 267 960 308 [a.
977 263 1015 298 c.
1029 258 1114 299 3309
1125 265 1207 308 329]
1420 256 1503 297 419

156 376 317 424 captam
336 368 478 409 urbem
497 368 813 420 Vitruviumque
833 367 972 407 vivum
991 368 1033 411 in
1056 373 1300 421 potestatem
1324 369 1499 417 venisse,

157 431 236 480 alii,
264 431 502 485 priusquam
522 430 663 470 ultima
683 429 942 470 adhiberetur
960 429 1035 478 vis,
1056 430 1168 483 ipsos
1189 444 1232 470 se
1250 429 1293 470 in
1307 430 1498 470 ditionem

157 492 335 533 consulis
367 492 588 532 caduceum
620 490 896 544 praeferentes
927 491 1163 544 permisisse
1195 497 1380 532 auctores
1407 500 1501 531 sunt

158 553 473 605 Vitruviumque
499 552 549 593 ab
577 553 660 592 suis
686 552 890 592 traditum.
941 558 1105 592 senatus
1131 552 1181 592 de
1201 551 1390 593 Vitruvio
1410 552 1500 593 Pri-

156 615 475 668 vernatibusque
512 614 721 655 consultus
758 613 968 654 consulem
998 613 1207 654 Plautium
1238 614 1380 654 dirutis
1411 614 1502 655 Pri—

157 677 269 717 verni
305 677 430 716 muris
466 676 750 729 praesidioque
787 675 922 715 valido
959 675 1136 729 inposito
1168 676 1220 715 ad
1251 675 1501 730 triumphum

157 739 347 787 accersit,
383 738 616 778 Vitruvium
652 737 694 777 in
730 752 933 777 carcerem
970 737 1178 777 adservari
1212 737 1331 777 iussit
1366 737 1502 790 quoad

158 800 300 840 consul
324 800 513 848 redisset,
540 806 627 840 tum
652 798 909 839 verberatum
934 798 1082 839 necari.
1136 798 1258 839 aedes
1284 798 1371 839 eius
1397 813 1501 851 quae

158 868 294 901 essent
318 861 360 900 in
382 860 542 900 Palatio
568 860 803 908 diruendas,
836 859 945 900 bona
971 858 1141 900 Semoni
1168 858 1303 900 Sanco
1334 873 1502 900 censue-

156 929 249 962 runt
273 922 565 970 consecranda,
598 922 789 975 quodque
814 922 918 962 aeris
945 936 996 961 ex
1021 922 1078 962 eis
1104 922 1313 962 redactum
1339 929 1418 970 est,
1451 936 1502 961 ex

158 999 205 1024 eo
242 984 358 1024 aenei
393 983 512 1024 orbes
548 983 646 1023 facti
681 983 803 1037 positi
838 983 881 1022 in
917 983 1066 1023 sacello
1105 981 1266 1024 Sancus
1303 983 1500 1023 adversus

157 1045 298 1085 aedem
321 1044 493 1096 Quirini.
538 1045 588 1085 de
614 1052 756 1085 senatu
774 1044 1012 1084 Privernate
1037 1045 1094 1084 ita
1118 1045 1337 1093 decretum,
1364 1050 1409 1084 ut
1433 1044 1502 1097 qui
1528 1054 1545 1083 9

157 1112 319 1147 senator
342 1106 527 1146 Priverni
558 1113 650 1159 post
675 1106 944 1146 defectionem
971 1105 1022 1145 ab
1047 1105 1245 1145 Romanis
1270 1105 1501 1153 mansisset,

156 1175 266 1207 trans
299 1167 480 1207 Tiberim
518 1168 609 1222 lege
646 1168 789 1207 eadem
825 1182 906 1219 qua
936 1166 1134 1206 Veliterni
1171 1166 1383 1206 habitaret.
1438 1166 1501 1206 his
1531 1176 1569 1204 10

155 1229 211 1268 ita
235 1229 407 1268 decretis
433 1243 563 1282 usque
588 1228 640 1268 ad
665 1227 915 1281 triumphum
939 1226 1076 1267 Plauti
1103 1227 1308 1268 silentium
1335 1228 1385 1267 de
1410 1227 1501 1267 Pri-

155 1290 388 1330 vernatibus
420 1289 513 1329 fuit:
550 1295 644 1343 post
674 1289 926 1342 triumphum
957 1288 1100 1329 consul
1137 1296 1281 1330 necato
1312 1288 1502 1330 Vitruvio

155 1351 357 1403 sociisque
389 1350 474 1390 eius
505 1364 637 1390 noxae
669 1350 779 1404 apud
811 1350 979 1390 satiatos
1010 1350 1090 1390 iam
1117 1350 1328 1404 suppliciis
1353 1365 1504 1391 nocen-

154 1412 255 1451 tium
280 1417 409 1451 tutam
434 1411 681 1452 mentionem
707 1412 756 1451 de
781 1410 1090 1452 Privernatibus
1122 1419 1252 1452 ratus:
1292 1412 1502 1465 ‘quoniam
1531 1422 1566 1451 11

154 1479 339 1513 auctores
365 1473 622 1514 defectionis’
648 1473 779 1526 inquit
804 1474 990 1514 ‘meritas
1016 1488 1170 1528 poenas
1197 1480 1235 1514 et
1260 1473 1311 1515 ab
1337 1474 1414 1514 diis
1439 1474 1501 1514 in-

153 1534 390 1575 mortalibus
418 1541 457 1575 et
481 1550 505 1575 a
529 1534 646 1576 vobis
672 1534 841 1583 habent,
868 1542 1002 1589 patres
1029 1535 1265 1590 conscripti,
1293 1536 1391 1589 quid
1416 1535 1502 1589 pla-

154 1603 216 1636 cet
235 1596 284 1636 de
303 1596 468 1637 innoxia
486 1597 745 1637 multitudine
764 1597 874 1637 fieri?
900 1597 1109 1650 equidem,
1137 1597 1213 1637 etsi
1231 1611 1345 1637 meae
1365 1603 1500 1650 partes
1529 1609 1566 1637 12

154 1658 428 1710 exquirendae
459 1659 591 1713 magis
624 1658 847 1699 sententiae
873 1672 997 1711 quam
1022 1659 1179 1698 dandae
1206 1664 1318 1706 sunt,
1351 1664 1499 1706 tamen,

154 1733 245 1759 cum
283 1720 445 1760 videam
475 1720 736 1760 Privernates
768 1720 922 1760 vicinos
957 1718 1211 1760 Samnitibus
1244 1734 1353 1767 esse,
1390 1719 1500 1759 unde

153 1795 261 1820 nunc
290 1781 407 1821 nobis
439 1781 709 1822 incertissima
738 1796 820 1835 pax
852 1788 930 1829 est,
963 1795 1087 1833 quam
1111 1781 1324 1821 minimum
1348 1780 1499 1821 irarum

156 1842 259 1881 inter
283 1856 358 1881 nos
382 1842 555 1894 illosque
580 1842 754 1895 relinqui
780 1842 927 1882 velim?

238 1902 369 1942 XXI.
426 1902 534 1943 Cum
570 1903 660 1957 ipsa
694 1918 767 1957 per
803 1918 892 1943 sese
929 1917 993 1943 res
1030 1917 1180 1957 anceps
1218 1910 1344 1953 esset,
1382 1910 1501 1958 prout
1528 1918 1542 1947 1

155 1963 352 2016 cuiusque
372 1964 582 2019 ingenium
603 1971 686 2004 erat
706 1964 880 2004 atrocius
901 1964 1091 2005 mitiusve
1107 1964 1386 2014 suadentibus,
1414 1971 1500 2005 tum

154 2025 369 2065 incertiora
393 2026 528 2065 onmia
553 2041 658 2066 unus
685 2040 736 2066 ex
760 2025 1068 2066 Privernatibus
1093 2025 1239 2080 legatis
1265 2026 1381 2075 feeit,
1414 2042 1500 2067 ma-

155 2087 218 2141 gis
245 2087 512 2136 condicionis,
545 2087 587 2127 in
611 2102 691 2140 qua
716 2093 835 2127 natus
861 2094 987 2136 esset,
1019 2102 1143 2140 quam
1172 2088 1398 2142 praesentis
1429 2103 1500 2129 ne-

154 2148 355 2188 cessitatis
383 2163 549 2197 memor,
576 2149 645 2202 qui
669 2149 940 2203 interrogatus
961 2164 984 2189 a
1003 2150 1182 2202 quodam
1201 2149 1388 2190 tristioris
1410 2144 1500 2190 s'en-
1525 2163 1544 2192 2

156 2209 304 2249 tentiae
323 2216 498 2258 auctore,
520 2224 642 2263 quam
657 2224 831 2264 poenam
844 2210 1008 2250 meritos
1023 2210 1282 2251 Privernates
1297 2218 1481 2252 censeret

156 2270 295 2318 ‘eam,'
320 2270 450 2323 inquit
477 2275 617 2323 ‘quam
637 2277 842 2311 merentur
861 2271 930 2324 qui
956 2286 999 2311 se
1023 2271 1208 2312 libertate
1234 2272 1380 2327 dignos
1405 2287 1500 2313 een-

157 2331 270 2371 sent.’
313 2332 427 2372 euius
455 2346 546 2372 cum
572 2332 698 2373 feroci
722 2348 919 2387 responso
943 2333 1173 2374 infestiores
1193 2333 1324 2374 factos
1345 2334 1500 2375 videret
1523 2348 1542 2377 3

156 2392 299 2432 consul
331 2408 418 2441 eos,
457 2393 527 2445 qui
557 2400 649 2434 ante
674 2393 973 2434 Privernatium
1007 2408 1173 2435 causam
1202 2395 1497 2450 inpugnabant,

155 2460 199 2492 ut
223 2453 311 2506 ipse
335 2453 513 2509 benigna
536 2455 851 2509 interrogatione
877 2455 1014 2496 mitius
1045 2470 1287 2509 responsum
1318 2457 1497 2498 eliceret:

157 2515 290 2567 ‘quid,
324 2515 357 2554 si
382 2516 572 2569 poenam’
602 2516 733 2569 inquit
765 2517 1025 2557 ‘remittimus
1056 2517 1192 2566 vobis,
1231 2518 1392 2571 qualem
1422 2534 1497 2560 nos
1524 2533 1543 2562 4

155 2590 298 2629 pacem
322 2576 534 2617 vobiscum
559 2577 768 2618 habituros
795 2577 1045 2631 speremus?’
1089 2579 1143 2618 ‘si
1166 2578 1316 2619 bonam
1341 2579 1499 2620 dederi-

155 2637 238 2686 tis,'
269 2637 399 2690 inquit
427 2642 484 2678 ‘et
507 2639 631 2679 fidam
657 2645 697 2679 et
720 2646 978 2693 perpetuam3
1017 2639 1050 2680 si
1074 2640 1242 2689 malam,
1274 2640 1384 2682 haud
1409 2641 1498 2681 diu-

157 2700 340 2739 turnam?
389 2706 475 2739 tum
499 2714 596 2741 vero
620 2700 782 2750 minari,
814 2715 889 2741 nee
913 2701 954 2740 id
979 2700 1189 2756 ambigue,
1215 2702 1496 2744 Privernatem
1523 2716 1541 2744 5

1205 2765 1275 2800 27*

1527 807 1546 837 CL>
