1780 3204
459 301 611 336 Lim-:R
637 303 681 346 v,
707 301 761 335 33.
782 301 836 335 34.
864 300 1062 345 [a.c.391]
1354 290 1437 332 285

86 413 231 455 terras,
268 406 381 460 prius
418 405 476 447 cis
507 404 802 460 Appenninum
834 405 885 446 ad
921 404 1099 445 inferum
1128 419 1258 454 mare,
1295 410 1440 458 postca

86 474 196 508 trans
216 466 513 522 Appenninum
538 467 719 516 totidem,
747 474 846 521 quot
870 467 1003 521 capita
1028 466 1197 522 originis
1219 472 1345 515 erant,
1373 480 1440 506 co-

84 529 202 570 loniis
229 529 385 578 missis,
425 544 530 582 quae
557 536 667 570 trans
693 529 856 570 Padum
883 529 1020 570 omnia
1043 528 1135 569 loca
1160 534 1331 582 excepto
1357 526 1440 568 Ve-
1494 541 1500 543 ·

85 601 271 631 netorum
297 591 460 646 angulo,
488 591 557 644 qui
584 591 718 631 sinum
743 590 1037 631 circumcolunt
1061 590 1205 639 maris,
1231 604 1363 643 usque
1388 589 1441 630 ad

85 653 215 707 Alpes
247 660 425 694 tenuere.
485 652 650 707 Alpinis
683 667 846 706 quoquc
878 667 926 693 ea
956 651 1148 708 gentibus
1180 651 1291 692 haud
1316 650 1438 691 dubie

85 715 199 770 origo
225 721 305 765 est,
337 715 515 756 maxime
540 715 697 756 Raetiis
707 731 717 765 3
755 729 858 768 quos
883 714 974 756 loca
997 714 1087 769 ipsa
1113 713 1352 762 efferarunt,
1389 727 1440 753 ne

84 777 184 829 quid
209 792 259 817 ex
284 778 452 830 antiquo
483 784 644 831 praeter
674 792 822 818 sonum
852 776 1038 831 linguae,
1075 790 1152 817 nec
1183 791 1278 816 eum
1307 775 1440 816 incor-

85 845 263 893 ruptum,
288 839 519 880 retinerent.

167 901 418 941 XXXHH.
460 900 529 941 De
554 900 728 940 transitu
753 900 795 940 in
818 900 983 941 Italiam
1005 898 1219 941 Gallorum
1245 899 1347 940 haec
1373 913 1440 939 ac-

84 962 281 1016 cepimus.
340 962 485 1003 Prisco
522 962 747 1015 Tarquinio
782 961 941 1003 Romae
977 968 1175 1017 regnante
1214 961 1437 1010 Celtarum,

83 1039 189 1078 quae
212 1040 307 1079 pars
336 1024 496 1067 Galliae
520 1025 637 1065 tertia
669 1031 748 1074 cst,
779 1039 908 1079 penes
933 1024 1143 1079 Bituriges
1175 1039 1336 1065 summa
1364 1023 1441 1063 im-

83 1087 185 1140 perii
214 1087 303 1127 fuit.
358 1088 387 1127 ii
415 1102 556 1142 regem
589 1086 747 1127 Celtico
779 1086 943 1127 dabant.
998 1084 1251 1140 Ambigatus
1282 1085 1317 1125 is
1349 1084 1438 1132 fuit,

85 1148 230 1189 virtute
256 1149 501 1201 fortunaque
527 1163 620 1188 cum
647 1163 721 1188 sua
740 1154 826 1187 tum
845 1147 1011 1201 publica
1029 1146 1301 1201 praepollens,
1329 1145 1440 1198 quod

82 1210 123 1250 in
153 1211 324 1265 imperio
355 1210 442 1251 eius
470 1208 607 1251 Gallia
637 1209 740 1249 adeo
770 1208 938 1262 frugum
968 1208 1263 1260 hominumque
1293 1206 1438 1247 fertilis

1466 1097 1483 1125 ἱ)

81 1271 170 1320 suit,
197 1279 241 1312 ut
266 1271 479 1313 abundans
505 1270 723 1311 multitudo
749 1270 818 1310 vix
842 1269 931 1324 regi
955 1269 1162 1310 videretur
1185 1283 1322 1323 posse.
1372 1268 1437 1308 hic
1465 1282 1481 1308 ε’,

81 1348 230 1387 magno
249 1339 348 1373 natu
366 1333 455 1387 ipse
474 1334 556 1373 iam
576 1346 798 1372 exonerare
818 1343 1116 1386 praegravante
1132 1330 1251 1371 turba
1263 1345 1437 1385 regnum

80 1394 247 1449 cupiens
272 1394 538 1436 Bellovesum
565 1408 612 1435 ac
639 1392 900 1448 Segovesum
926 1393 1076 1434 sororis
1102 1393 1225 1442 filios,
1251 1392 1436 1447 inpigros

79 1457 266 1505 iuvenes,
304 1456 527 1497 missurum
553 1470 597 1497 se
623 1470 714 1496 esse
739 1455 782 1496 in
806 1470 909 1509 quas
935 1456 990 1496 dii
1016 1455 1228 1496 dedissent
1253 1455 1435 1510 auguriis

80 1519 198 1559 sedes
223 1519 418 1560 ostendit:
455 1525 654 1572 quantum
684 1517 765 1572 ipsi
794 1517 946 1558 vellent
975 1532 1193 1558 numerum
1222 1517 1435 1558 hominum

79 1580 271 1630 excirent,
297 1595 348 1621 ne
373 1595 456 1634 qua
478 1595 581 1635 gens
607 1594 743 1621 arcere
769 1579 1034 1621 advenientes
1058 1585 1212 1634 posset.
1251 1586 1338 1620 tum
1360 1577 1436 1620 Se-

79 1657 233 1698 goveso
253 1643 431 1684 sortibus
451 1642 535 1683 dati
548 1641 757 1696 Hercynei
777 1642 925 1691 saltus3
951 1641 1172 1682 Belloveso
1190 1641 1291 1682 haut
1310 1640 1433 1695 paulo

78 1704 287 1746 laetiorem
311 1705 353 1745 in
377 1704 540 1745 Italiam
564 1704 674 1744 viam
699 1703 740 1743 di
765 1703 929 1744 dabant.
967 1704 1015 1752 is,
1042 1703 1154 1756 quod
1179 1703 1266 1743 eius
1294 1717 1345 1743 cx
1362 1716 1435 1756 po·
1462 1725 1467 1741 ;

79 1767 184 1820 pulis
211 1765 464 1815 abundabat,
490 1766 720 1820 Bituriges,
747 1764 980 1814 Arvernos,
1010 1764 1215 1813 Senones,
1249 1764 1435 1811 Aeduos,

79 1827 328 1876 Ambarros,
356 1826 578 1876 Carnutes,
605 1827 809 1868 Aulercos
835 1827 997 1867 excivit.
1057 1826 1266 1880 profectus
1291 1825 1436 1880 ingen-

81 1888 189 1929 tibus
230 1888 415 1942 peditum
456 1888 722 1941 equitumque
764 1888 892 1942 copiis
935 1888 977 1927 in
1014 1886 1269 1927 Tricastinos
1311 1887 1435 1927 venit.

80 1950 211 2004 Alpes
247 1950 342 1990 inde
379 1949 591 2004 oppositae
628 1957 761 2000 erant3
798 1964 900 2003 quas
937 1948 1288 2003 inexsuperabiles
1324 1948 1435 1990 visas

81 2012 191 2052 haud
216 2012 406 2065 equidem
430 2012 571 2060 miror,
604 2012 816 2052 nulladum
842 2011 910 2051 via
933 2035 987 2040 -
1012 2011 1124 2063 quod
1149 2011 1315 2064 quidem
1340 2025 1437 2051 con-

81 2074 213 2114 tinens
233 2073 428 2114 memoria
449 2072 513 2121 sit,
539 2073 619 2113 nisi
637 2074 687 2114 de
706 2072 889 2114 Hercule
909 2071 1060 2113 fabulis
1081 2072 1244 2112 credere
1263 2071 1363 2113 libet
1382 2097 1436 2102 -

81 2141 307 2190 superatas.
344 2134 401 2175 ibi
427 2149 521 2175 cum
545 2135 658 2176 velut
684 2142 846 2190 saeptos
873 2135 1071 2175 montium
1091 2134 1261 2175 altitudo
1281 2140 1437 2175 teneret

82 2196 238 2246 Gallos,
266 2197 747 2251 circumspectarentque,
775 2212 952 2250 quanam
965 2211 1038 2251 per
1050 2196 1189 2237 iuncta
1207 2196 1320 2237 caelo
1338 2196 1437 2251 iuga

80 2259 121 2299 in
146 2258 270 2299 alium
295 2259 437 2300 orbem
461 2266 659 2300 terrarum
690 2259 925 2308 transirent,
963 2259 1106 2314 religio
1137 2259 1260 2299 etiam
1291 2259 1433 2307 tenuit,

80 2321 191 2375 quod
210 2321 391 2361 adlatum
411 2327 485 2370 est,
512 2321 692 2362 advenas
712 2327 954 2375 quaerentes
976 2336 1121 2376 agrum
1135 2320 1186 2361 ab
1204 2319 1436 2362 Salluvium

79 2389 199 2438 gente
225 2383 466 2438 oppugnari.
525 2382 812 2425 Massilienses
844 2389 959 2424 erant
987 2383 1034 2432 ii,
1066 2382 1242 2423 navibus
1274 2398 1298 2423 a
1321 2382 1433 2423 Pho-

79 2459 178 2485 caea
200 2444 386 2499 profecti.
440 2445 483 2486 id
509 2443 620 2487 Galli
644 2445 832 2487 fortunae
858 2459 956 2486 suae
981 2459 1101 2486 omen
1125 2445 1203 2486 rati
1227 2445 1432 2493 adiuvere,

79 2513 123 2546 ut
153 2521 276 2559 quem
305 2506 486 2561 primum
516 2507 558 2547 in
589 2514 738 2548 terram
769 2506 926 2562 egressi
962 2513 1262 2561 occupaverant
1296 2506 1433 2548 locum

78 2567 311 2622 patentibus
338 2568 451 2609 silw's
477 2569 787 2610 communirent.
846 2569 927 2623 ipsi
950 2583 1024 2622 per
1049 2568 1253 2609 Taurinos
1285 2568 1434 2610 saltus-

78 2645 156 2683 quc
176 2630 305 2671 Iuliae
325 2629 447 2685 Alpis
473 2631 811 2672 transcenderunt
835 2630 1022 2684 fusisque
1048 2630 1134 2671 acie
1154 2630 1303 2671 Tuscis
1323 2630 1433 2671 haud

77 2692 219 2745 procul
238 2692 383 2733 Ticino
408 2692 587 2742 flumine,
615 2707 709 2734 cum
732 2694 776 2734 in
800 2707 882 2746 quo
902 2691 1171 2733 consederant
1196 2707 1341 2747 agrum
1362 2692 1432 2733 In-

78 2753 262 2795 subrium
288 2754 482 2809 appellari
513 2755 741 2804 audissent,
780 2754 1024 2810 cognomine
1047 2753 1293 2795 Insubribus
1323 2768 1432 2809 pago

1464 2148 1479 2176 *ἦ

1460 2643 1477 2673 9
