1780 3204
463 275 615 310 LIBER
639 275 729 320 vn,
753 275 807 309 36.
826 274 880 308 37.
907 277 956 318 [a.
971 273 1104 318 0313]
1377 265 1458 305 389

111 381 220 422 hosti
256 380 396 421 cessit:
447 386 547 433 quot
588 379 693 420 intra
729 378 883 419 vallum
919 384 1058 433 egerat
1091 392 1221 433 pavor
1256 403 1310 407 ——
1344 377 1460 419 fuere

111 450 248 483 autem
273 442 325 482 ad
350 442 515 495 triginta
538 441 650 482 milia
674 465 728 470 ———
753 455 895 482 omnes
921 440 1048 490 caesi,
1075 446 1209 481 eastra
1233 440 1402 494 direpta.

194 503 440 544 XXXVII.
489 504 554 544 Ita
577 503 699 544 rebus
725 503 852 558 gestis
879 502 1022 544 consul
1047 503 1245 543 advocata
1271 502 1458 543 contione

110 567 158 607 P.
185 566 307 607 Decii
342 581 425 607 non
461 572 627 619 coeptas
665 565 796 606 solum
834 571 945 613 ante,
984 565 1057 605 sed
1088 564 1316 606 cumulatas
1351 579 1460 605 nova

110 629 257 668 virtute
286 628 429 668 laudes
459 627 618 681 peragit
643 632 682 667 et
706 634 866 680 praeter
889 626 1078 667 militaria
1103 626 1181 667 alia
1205 627 1313 668 dona
1337 640 1461 667 aurea

111 705 259 731 corona
284 704 377 730 eum
403 696 443 729 et
468 695 632 730 centum
656 687 791 729 bubus
823 687 1054 740 eximioque
1085 703 1166 728 uno
1198 687 1291 729 albo
1322 688 1459 742 opimo

111 753 261 793 auratis
299 751 488 792 cornibus
526 751 662 790 donat.
722 750 889 798 milites,
928 749 999 802 qui
1028 749 1071 789 in
1100 750 1305 804 praesidio
1337 749 1459 790 simul

110 814 290 862 fuerant,
340 813 493 867 duplici
528 812 734 852 frumento
770 812 813 851 in
846 818 1109 866 perpetuum,
1152 812 1195 852 in
1228 811 1460 866 praesentia

109 876 320 930 (singulis)
345 875 480 916 bubus
505 874 631 928 privis
659 873 845 926 binisque
871 873 1018 914 tunicis
1044 874 1194 914 donati.
1233 874 1459 914 secundum

110 938 289 978 consulis
326 937 587 977 donationem
622 935 805 990 legiones
841 935 1096 990 gramineam
1127 949 1319 976 coronam
1350 934 1460 976 obsi-

109 999 259 1039 dialem
306 999 482 1039 clamore
535 998 689 1038 donum
742 996 1015 1050 adprobantes
1062 996 1196 1037 Decio
1243 997 1456 1050 inponunt.

108 1061 234 1101 altera
258 1076 424 1109 corona,
452 1060 635 1100 eiusdem
660 1059 825 1099 honoris
850 1059 992 1107 index,
1020 1074 1044 1099 a
1067 1058 1270 1112 praesidio
1297 1073 1372 1098 suo
1396 1058 1457 1097 in-

106 1123 242 1176 posita
267 1129 340 1163 051.
382 1122 446 1162 1115
469 1123 682 1162 decoratus
702 1120 932 1174 insignibus
950 1119 1099 1160 bovem
1120 1120 1316 1160 eximium
1329 1119 1456 1159 Marti

108 1184 353 1232 immolavit,
380 1189 544 1223 centum
564 1182 690 1223 boves
710 1181 907 1222 militibus
933 1181 1040 1221 dono
1066 1181 1195 1229 dedit,
1223 1181 1293 1234 qui
1318 1195 1458 1221 secum

105 1247 147 1285 in
184 1245 440 1299 expeditione
476 1244 650 1285 fuerant.
710 1244 856 1284 iisdem
888 1243 1086 1284 militibus
1117 1243 1301 1298 legiones
1332 1243 1457 1284 libras

104 1307 222 1347 farris
250 1314 289 1347 et
314 1306 512 1347 sextarios
544 1306 628 1346 vini
659 1306 935 1355 contulerunt3
974 1305 1191 1359 omniaque
1223 1320 1271 1346 ca
1300 1306 1458 1361 ingenti

104 1369 309 1409 alacritate
334 1383 407 1423 per
438 1368 658 1409 clamorem
687 1368 924 1417 militarem,
962 1368 1140 1409 indicem
1172 1368 1356 1410 omnium
1387 1369 1458 1409 ad-

104 1446 268 1479 sensus,
296 1430 555 1485 gerebantur.

188 1493 327 1534 Tertia
356 1509 497 1549 pugna
522 1494 574 1534 ad
601 1492 845 1535 Suessulam
871 1495 1093 1536 commissa
1118 1502 1198 1544 est,
1231 1510 1312 1549 qua
1338 1494 1456 1550 fuga-

103 1562 168 1595 tus
200 1571 223 1595 a
252 1555 313 1595 M.
340 1554 507 1596 Valerio
541 1554 790 1596 Samnitium
821 1557 1042 1606 exercitus,
1081 1557 1192 1597 omni
1221 1556 1367 1597 robore
1396 1557 1458 1596 iu-

103 1618 279 1659 ventutis
306 1618 428 1658 domo
454 1617 602 1666 accito,
636 1618 855 1658 certamine
881 1618 1024 1659 ultimo
1050 1618 1257 1658 fortunam
1283 1618 1457 1672 experiri

103 1680 255 1720 statuit.
311 1679 362 1720 ab
391 1678 590 1720 Suessula
614 1680 745 1720 nuntii
771 1680 918 1733 trepidi
944 1679 1151 1734 Capuam,
1178 1680 1272 1720 inde
1298 1680 1455 1732 equites

104 1742 216 1782 citati
241 1741 293 1781 ad
317 1740 531 1781 Valerium
557 1741 768 1782 consulem
794 1756 914 1795 opem
940 1749 1099 1781 oratum
1125 1742 1305 1781 veniunt.
1361 1756 1457 1782 con-

102 1803 240 1843 festim
266 1803 384 1856 signa
408 1809 537 1851 mota,
563 1803 796 1855 relictisque
821 1803 1110 1856 inpedimentis
1137 1810 1361 1843 castrorum
1387 1818 1458 1843 va-

102 1865 186 1904 lido
210 1864 416 1917 praesidio
440 1864 589 1917 raptim
615 1864 749 1918 agitur
780 1879 947 1918 agmen3
983 1879 1059 1905 nee
1089 1864 1232 1918 procul
1263 1863 1314 1905 ab
1338 1863 1456 1905 hoste

103 1926 238 1966 10011111
275 1925 563 1979 perexiguum,
602 1932 645 1965 ut
681 1925 830 1978 quibus
866 1932 1027 1980 praeter
1064 1941 1190 1979 equos
1228 1933 1456 1967 ceterorum

104 1988 379 2027 iumentorum
399 1986 669 2039 calonumque
690 1986 809 2027 turba
828 1986 1003 2037 abesset,
1025 1988 1169 2028 castris
1189 1988 1308 2042 cepit.
1337 1987 1456 2029 Sam-

104 2049 249 2089 nitium
286 2048 507 2097 exercitus,
550 2048 663 2089 velut
698 2048 810 2089 haud
844 2049 928 2090 ulla
963 2064 1077 2090 mora
1111 2064 1277 2104 pugnae
1318 2049 1458 2090 futura

104 2118 231 2159 esset,
258 2111 387 2151 aciem
407 2110 588 2159 instruit3
615 2110 779 2159 deinde,
805 2118 1025 2165 postquam
1045 2126 1165 2152 nemo
1186 2111 1332 2152 obvius
1357 2111 1455 2161 ibat,

104 2173 265 2213 infestis
291 2173 420 2227 signis
446 2172 498 2212 ad
524 2178 657 2212 castra
681 2172 862 2212 hostium
887 2174 1082 2214 succedit.
1136 2173 1193 2214 ibi
1217 2181 1263 2214 ut
1287 2174 1456 2215 militem

105 2235 147 2274 in
171 2234 278 2275 vallo
302 2235 405 2274 vidit
429 2234 625 2287 missique
652 2233 702 2274 ab
734 2234 845 2274 omni
875 2242 989 2288 parte
1021 2235 1295 2289 exploratum,
1332 2250 1457 2289 quam

104 2297 146 2336 111
184 2296 380 2350 exiguum
417 2295 557 2336 orbem
594 2302 801 2336 contracta
837 2303 970 2337 castra
1011 2304 1166 2346 essent,
1208 2298 1457 2352 paucitatem

105 2357 199 2398 inde
218 2358 397 2398 hostium
418 2358 674 2412 colligentes,
700 2358 959 2408 rettulerunt,
986 2359 1160 2400 fremere
1179 2361 1312 2401 omnis
1332 2360 1453 2410 acies,

105 2419 352 2473 conplendas
379 2434 470 2460 esse
494 2419 629 2460 fossas
656 2420 1006 2474 scindendumque
1032 2421 1186 2462 vallum
1205 2429 1244 2462 et
1262 2422 1304 2462 in
1323 2429 1458 2464 castra

105 2481 419 2536 inrumpendum
428 2497 439 2531 3
475 2487 808 2536 transactumque
834 2497 882 2523 ea
906 2483 1132 2524 temeritate
1157 2483 1310 2525 bellum
1335 2483 1452 2534 foret,

105 2544 146 2583 ni
172 2544 297 2583 duces
324 2543 622 2585 continuissent
650 2544 849 2598 impetum
879 2545 1066 2586 militum.
1128 2552 1327 2595 ceterum,
1359 2546 1456 2600 quia

106 2605 323 2645 multitudo
350 2621 424 2646 sua
455 2605 749 2647 commeatibus
780 2606 939 2661 gravis,
977 2614 1016 2647 et
1045 2607 1158 2661 prius
1192 2608 1372 2649 sedendo
1403 2609 1456 2650 ad

107 2666 350 2708 Suessulam
376 2674 414 2707 et
439 2674 525 2708 tum
551 2668 782 2709 certaminis
802 2683 934 2718 mora,
960 2669 1071 2709 haud
1088 2670 1231 2724 procul
1248 2669 1300 2711 ab
1318 2684 1455 2711 rerum

104 2730 286 2770 omnium
304 2729 442 2784 inopia
462 2736 588 2780 esset,
614 2730 778 2785 placuit,
806 2731 904 2772 dum
922 2731 1104 2774 inclusus
1123 2739 1291 2787 paveret
1309 2732 1451 2782 hostis,

1484 762 1502 791 2

1482 1693 1500 1721 5

1482 1755 1500 1784 6

1484 2005 1500 2033 7

1482 2189 1501 2218 8

1482 2375 1500 2404 9

1482 2560 1522 2589 10
