1780 3204
458 249 612 283 LIBER
632 248 705 293 111,
730 247 784 282 44.
804 247 859 281 45.
888 249 936 290 [a.
952 245 1085 290 e.449]
1368 236 1448 278 165

182 356 266 412 Ap.
294 353 515 396 Claudium
540 352 710 407 virginis
735 350 919 406 plebeiae
951 350 1198 404 stuprandae
1227 349 1354 390 libido
1385 364 1451 391 cc-

95 420 166 475 pit.
210 425 325 472 pater
348 415 519 470 virginis
544 415 597 455 L.
617 413 839 468 Verginius
864 412 1082 453 honestum
1107 411 1291 453 ordinem
1315 411 1357 451 in
1375 410 1452 451 Al-

96 481 192 536 gido
219 478 405 526 ducebat,
432 477 494 517 vir
518 475 695 530 exempli
718 475 819 516 recti
843 474 954 515 domi
978 473 1240 527 militiaeque.
1283 474 1451 528 perinde

99 557 199 583 uxer
222 540 407 581 instituta
431 539 564 579 fuerat
587 537 785 590 liberique
810 535 1139 577 instituebantur.
1177 535 1453 589 desponderat

96 604 222 644 filiam
240 602 294 642 L.
310 601 425 641 Icilio
451 599 681 648 tribunicio,
707 599 793 638 viro
819 598 902 638 acri
927 604 966 637 et
990 611 1063 651 pro
1090 612 1215 638 eausa
1232 596 1363 651 plebis
1383 612 1454 638 ex-

95 671 234 718 pertae
253 662 426 703 virtutis.
465 662 570 702 hanc
590 661 790 715 virginem
809 659 1003 708 adultam,
1030 658 1163 699 forma
1184 658 1452 699 excellentem

97 726 261 780 Appius
288 738 424 765 amore
443 724 590 764 ardens
610 723 740 777 pretio
760 737 807 762 ac
828 736 899 775 spe
920 720 1114 775 perlicere
1134 720 1315 769 adortus,
1341 728 1454 774 post-

94 802 217 839 quam
247 787 383 826 omnia
416 785 572 840 pudore
604 790 746 838 saepta
770 783 1130 832 animadverterat,
1169 782 1222 823 ad
1246 782 1451 823 crudelem

100 848 400 903 superbamque
430 848 513 887 vim
543 846 725 887 animum
758 845 967 885 convertit.
1021 843 1083 884 M.
1111 843 1286 885 Claudio
1318 843 1454 884 clienti

99 911 310 964 negotium
336 909 458 957 dedit,
485 915 530 949 ut
553 907 753 963 virginem
773 907 814 947 in
835 907 1074 947 servitutem
1095 906 1301 946 adsereret
1321 919 1453 958 neque

99 973 262 1012 cederet
288 971 513 1011 seeundum
531 968 760 1010 libertatem
779 966 1082 1022 postulantibus
1105 967 1318 1016 vindicias,
1345 967 1454 1020 quod

99 1039 214 1087 pater
242 1032 402 1087 puellae
434 1031 597 1072 abesset
626 1031 763 1071 locum
792 1029 962 1070 iniuriae
999 1043 1089 1069 esse
1125 1034 1251 1069 ratus.
1306 1027 1455 1082 virgini
1493 1042 1499 1068 ;

100 1094 278 1135 venienti
301 1094 343 1134 in
367 1094 503 1134 forum
526 1117 577 1121 —
595 1091 652 1133 ibi
671 1106 847 1144 namque
867 1091 907 1130 in
928 1090 1106 1130 tabernis
1125 1089 1351 1129 litterarum
1370 1089 1455 1128 ludi

100 1163 213 1197 erant
237 1180 292 1185 —
317 1155 502 1194 minister
526 1153 747 1194 decemviri
770 1152 951 1192 libidinis
970 1166 1139 1191 manum
1160 1150 1309 1198 iniecit,
1337 1165 1455 1191 serva

101 1233 174 1259 sua
186 1224 323 1257 natam
339 1229 579 1267 servamque
593 1214 818 1269 appellans,
846 1214 1044 1266 sequique
1059 1227 1102 1252 se
1122 1211 1306 1252 iubebat:
1333 1226 1456 1252 cunc—

1476 424 1495 453 [ὗ

99 1285 251 1320 tantem
275 1278 316 1317 vi
341 1277 652 1317 abstracturum.
701 1275 852 1330 pavida
882 1274 1020 1328 puella
1051 1280 1260 1328 stupente,
1293 1273 1346 1314 ad
1371 1273 1456 1314 cla·
1484 1287 1498 1314 ῖ

97 1354 252 1380 morem
276 1338 445 1378 nutricis
470 1337 593 1377 fidem
620 1336 843 1389 Quiritium
875 1335 1115 1390 inplorantis
1141 1335 1185 1375 fit
1211 1349 1454 1376 concursus.

98 1401 270 1456 Vergini
294 1399 420 1454 patris
448 1399 671 1453 sponsique
695 1398 786 1439 Icili
810 1398 1007 1452 populare
1038 1412 1189 1438 nomen
1220 1395 1456 1437 celebraba-

98 1470 173 1504 tur.
211 1469 328 1503 notos
353 1461 484 1517 gratia
509 1475 662 1508 eorum,
690 1460 851 1501 turbam
870 1460 1092 1515 indignitas
1112 1460 1170 1500 rei
1189 1459 1339 1514 virgini
1358 1473 1455 1499 con-

98 1525 217 1565 ciliat.
266 1524 348 1564 iam
380 1539 403 1564 a
433 1523 473 1563 vi
504 1529 590 1563 tuta
621 1529 724 1573 erat,
763 1537 857 1562 cuin
888 1523 1074 1563 adsertor
1102 1521 1202 1562 nihil
1234 1536 1336 1575 opus
1364 1534 1455 1561 esse

99 1586 358 1627 multitudine
384 1585 586 1625 concitata
611 1585 684 1625 ait:
724 1598 766 1625 se
792 1584 878 1625 iure
906 1584 1102 1638 grassari,
1129 1598 1211 1623 non
1236 1583 1288 1622 vi.
1337 1588 1458 1623 vocat

98 1648 275 1701 puellam
301 1647 343 1686 in
367 1647 449 1696 ius3
476 1646 725 1695 auctoribus,
752 1646 823 1699 qui
848 1646 1029 1694 aderant,
1056 1651 1100 1685 ut
1126 1650 1376 1697 sequeretur,
1404 1643 1455 1683 ad

99 1708 277 1748 tribunal
302 1707 415 1761 Appi
439 1714 682 1761 perventum
707 1714 780 1747 est.
829 1714 970 1747 notam
994 1706 1120 1747 iudici
1144 1704 1328 1745 fabulam
1354 1704 1456 1758 peti-

101 1777 174 1818 tor,
201 1770 351 1823 quippe
366 1770 476 1822 apud
487 1770 623 1823 ipsum
644 1775 851 1809 auctorem
872 1767 1114 1823 argumenti,
1140 1766 1317 1820 peragit:
1346 1765 1458 1819 puel-

101 1831 200 1880 lam,
239 1831 350 1871 domi
375 1845 472 1871 suae
498 1837 636 1871 natam
666 1830 856 1883 furtoque
881 1830 975 1869 inde
1005 1829 1048 1868 in
1078 1828 1246 1869 domum
1271 1827 1458 1882 Verginii

103 1891 358 1939 translatam,
398 1892 653 1945 suppositam
679 1891 716 1931 ei
749 1905 860 1939 esse3
897 1891 938 1930 id
965 1905 1008 1930 se
1039 1889 1188 1930 indicio
1220 1895 1458 1943 conpertum

103 1953 262 1993 adferre
286 1953 634 2006 probaturumque
661 1952 724 1992 vel
748 1952 839 2005 ipso
861 1951 1059 2006 Verginio
1084 1951 1230 1999 iudice,
1258 1951 1310 1991 ad
1335 1965 1456 2003 quem

103 2014 232 2054 maior
256 2028 350 2068 pars
375 2013 546 2054 iniuriae
572 2013 658 2054 eius
677 2013 896 2067 pertineat3
922 2012 1084 2053 interim
1110 2012 1322 2053 dominum
1343 2011 1458 2065 sequi

104 2075 293 2116 ancillam
326 2089 503 2128 aequum
534 2089 637 2115 esse.
686 2075 873 2115 advocati
903 2074 1064 2129 puellae
1095 2088 1188 2114 cum
1213 2073 1457 2128 Verginium

103 2137 160 2178 rei
184 2136 372 2191 publicae
398 2151 523 2177 causa
553 2137 752 2177 dixissent
778 2135 942 2185 abesse,
975 2135 1100 2177 biduo
1133 2135 1391 2184 adfuturum,
1424 2135 1458 2176 si

104 2199 337 2239 nuntiatum
363 2199 400 2238 ei
427 2199 496 2247 sit,
528 2198 714 2251 iniquum
740 2213 830 2239 esse
856 2198 1067 2239 absentem
1093 2198 1143 2238 de
1173 2196 1311 2237 liberis
1343 2197 1461 2237 dimi-

105 2274 215 2308 care,
246 2260 472 2313 postulant,
503 2266 549 2299 ut
572 2275 658 2300 rem
682 2260 883 2315 integram
907 2260 947 2300 in
974 2260 1101 2314 patris
1133 2259 1355 2300 adventum
1381 2258 1459 2300 dis-

105 2321 220 2370 serat,
246 2321 337 2376 lege
363 2321 413 2363 ab
438 2323 529 2376 ipso
554 2322 636 2363 lata
659 2322 858 2363 vindicias
883 2323 951 2363 det
977 2322 1205 2363 secundum
1229 2321 1457 2362 libertatem

105 2397 185 2423 neu
208 2384 403 2437 patiatur,
441 2384 642 2438 virginem
668 2384 849 2425 adultam
873 2384 1008 2425 famae
1039 2384 1152 2438 prius
1183 2398 1307 2437 quam
1337 2382 1459 2424 liber-

105 2446 198 2485 tatis
223 2445 450 2498 periculum
475 2447 599 2487 adire.

189 2506 437 2548 XXXXV.
485 2508 650 2562 Appius
675 2508 837 2549 decreto
867 2508 1095 2563 praefatus,
1128 2522 1252 2561 quam
1282 2507 1458 2548 libertati

106 2569 270 2617 faverit,
305 2584 394 2609 eam
425 2570 559 2623 ipsam
582 2570 717 2625 legem
743 2570 968 2619 declarare,
993 2584 1118 2623 quam
1142 2569 1314 2624 Vergini
1339 2568 1459 2609 amici

105 2630 369 2683 postulationi
394 2645 493 2672 suae
522 2631 808 2686 praetendant3
847 2639 1027 2672 ceterum
1057 2631 1115 2671 ita
1144 2631 1187 2671 in
1217 2645 1266 2671 ea
1294 2630 1455 2671 firmum

105 2690 280 2732 libertati
304 2692 391 2733 fore
416 2693 678 2747 praesidium,
706 2693 739 2734 si
764 2707 840 2735 nee
865 2693 999 2734 causis
1019 2707 1094 2733 nec
1111 2692 1297 2747 personis
1316 2692 1456 2733 variet.

1482 1532 1501 1560 8

1487 1902 1526 1930 10

1489 2089 1518 2115 ll

1490 2209 1528 2237 12

1489 2521 1498 2548 l

1483 2643 1500 2671 2
