<?xml version="1.0" encoding="UTF-8"?>
<!DOCTYPE html PUBLIC "-//W3C//DTD XHTML 1.0 Transitional//EN"
    "http://www.w3.org/TR/xhtml1/DTD/xhtml1-transitional.dtd">
<html xmlns="http://www.w3.org/1999/xhtml" xml:lang="en" lang="en">
 <head>
  <title>
</title>
<meta http-equiv="Content-Type" content="text/html;charset=utf-8" />
  <meta name='ocr-system' content='tesseract 3.04.00' />
  <meta name='ocr-capabilities' content='ocr_page ocr_carea ocr_par ocr_line ocrx_word'/>
</head>
<body>
  <div class='ocr_page' id='page_1' title='image "./aburbeconditalib01livyuoft_0502.png"; bbox 0 0 1835 3226; ppageno 0'>
   <div class='ocr_carea' id='block_1_1' title="bbox 268 1411 285 1439">
    <p class='ocr_par' dir='ltr' id='par_1_1' title="bbox 268 1411 285 1439">
     <span class='ocr_line' id='line_1_1' title="bbox 268 1411 285 1439; textangle 90"><span class='ocrx_word' id='word_1_1' title='bbox 268 1411 285 1439; x_wconf 59' lang='grc' dir='ltr'>[ὁ</span> 
     </span>
    </p>
   </div>
   <div class='ocr_carea' id='block_1_2' title="bbox 317 233 1376 284">
    <p class='ocr_par' dir='ltr' id='par_1_2' title="bbox 317 233 1376 284">
     <span class='ocr_line' id='line_1_2' title="bbox 317 233 1376 284; baseline 0.001 -12"><span class='ocrx_word' id='word_1_2' title='bbox 317 233 399 273; x_wconf 74' lang='grc'>328</span> <span class='ocrx_word' id='word_1_3' title='bbox 613 239 765 272; x_wconf 71' lang='lat' dir='ltr'>LlssEu</span> <span class='ocrx_word' id='word_1_4' title='bbox 789 238 859 282; x_wconf 84' lang='lat' dir='ltr'>VI,</span> <span class='ocrx_word' id='word_1_5' title='bbox 886 238 940 271; x_wconf 69' lang='lat'><em>⁶2⁴2.</em></span> <span class='ocrx_word' id='word_1_6' title='bbox 959 238 1012 271; x_wconf 70' lang='lat'>⁵23.</span> <span class='ocrx_word' id='word_1_7' title='bbox 1042 240 1274 281; x_wconf 76' lang='lat' dir='ltr'>[a.u.c.373.</span> <span class='ocrx_word' id='word_1_8' title='bbox 1294 241 1376 284; x_wconf 65' lang='lat'>374]</span> 
     </span>
    </p>
   </div>
   <div class='ocr_carea' id='block_1_3' title="bbox 311 340 1669 1577">
    <p class='ocr_par' dir='ltr' id='par_1_3' title="bbox 311 340 1669 1141">
     <span class='ocr_line' id='line_1_3' title="bbox 317 340 1665 395; baseline 0.001 -11"><span class='ocrx_word' id='word_1_9' title='bbox 317 343 573 395; x_wconf 72' lang='lat' dir='ltr'>comitiisque</span> <span class='ocrx_word' id='word_1_10' title='bbox 604 341 736 381; x_wconf 85' lang='lat' dir='ltr'>iurare</span> <span class='ocrx_word' id='word_1_11' title='bbox 767 347 910 394; x_wconf 85' lang='lat' dir='ltr'>parato</span> <span class='ocrx_word' id='word_1_12' title='bbox 941 341 982 380; x_wconf 89' lang='lat' dir='ltr'>in</span> <span class='ocrx_word' id='word_1_13' title='bbox 1008 340 1134 382; x_wconf 75' lang='lat' dir='ltr'>verba</span> <span class='ocrx_word' id='word_1_14' title='bbox 1159 343 1419 384; x_wconf 82' lang='lat' dir='ltr'>excusandae</span> <span class='ocrx_word' id='word_1_15' title='bbox 1445 344 1665 386; x_wconf 80' lang='lat' dir='ltr'>valetudini</span> 
     </span>
     <span class='ocr_line' id='line_1_4' title="bbox 317 403 1666 461; baseline 0.002 -16"><span class='ocrx_word' id='word_1_16' title='bbox 317 405 434 446; x_wconf 60' lang='lat' dir='ltr'>¹solita</span> <span class='ocrx_word' id='word_1_17' title='bbox 459 418 686 445; x_wconf 80' lang='lat' dir='ltr'>consensus</span> <span class='ocrx_word' id='word_1_18' title='bbox 711 403 852 458; x_wconf 90' lang='lat' dir='ltr'>populi</span> <span class='ocrx_word' id='word_1_19' title='bbox 877 403 1097 444; x_wconf 75' lang='lat' dir='ltr'>restiterat:</span> <span class='ocrx_word' id='word_1_20' title='bbox 1136 404 1210 445; x_wconf 87' lang='lat' dir='ltr'>sed</span> <span class='ocrx_word' id='word_1_21' title='bbox 1234 412 1427 460; x_wconf 86' lang='lat' dir='ltr'>vegetum</span> <span class='ocrx_word' id='word_1_22' title='bbox 1457 406 1666 461; x_wconf 81' lang='lat' dir='ltr'>ingenium</span> 
     </span>
     <span class='ocr_line' id='line_1_5' title="bbox 315 464 1667 522; baseline 0.001 -14"><span class='ocrx_word' id='word_1_23' title='bbox 315 469 356 508; x_wconf 90' lang='lat' dir='ltr'>in</span> <span class='ocrx_word' id='word_1_24' title='bbox 387 466 524 507; x_wconf 71' lang='lat' dir='ltr'>vivido</span> <span class='ocrx_word' id='word_1_25' title='bbox 554 471 718 520; x_wconf 81' lang='lat' dir='ltr'>pectore</span> <span class='ocrx_word' id='word_1_26' title='bbox 749 464 916 520; x_wconf 70' lang='lat' dir='ltr'>vigebat</span> <span class='ocrx_word' id='word_1_27' title='bbox 947 465 1186 519; x_wconf 70' lang='lat' dir='ltr'>virebatque</span> <span class='ocrx_word' id='word_1_28' title='bbox 1216 466 1386 522; x_wconf 78' lang='lat' dir='ltr'>integris</span> <span class='ocrx_word' id='word_1_29' title='bbox 1413 468 1603 510; x_wconf 82' lang='lat' dir='ltr'>sensibus</span> <span class='ocrx_word' id='word_1_30' title='bbox 1629 478 1667 510; x_wconf 88' lang='lat' dir='ltr'>et</span> 
     </span>
     <span class='ocr_line' id='line_1_6' title="bbox 315 527 1668 582; baseline 0.002 -13"><span class='ocrx_word' id='word_1_31' title='bbox 315 528 455 569; x_wconf 81' lang='lat' dir='ltr'>civiles</span> <span class='ocrx_word' id='word_1_32' title='bbox 486 527 568 568; x_wconf 90' lang='lat' dir='ltr'>iam</span> <span class='ocrx_word' id='word_1_33' title='bbox 598 542 663 568; x_wconf 88' lang='lat' dir='ltr'>res</span> <span class='ocrx_word' id='word_1_34' title='bbox 694 527 806 568; x_wconf 89' lang='lat' dir='ltr'>haud</span> <span class='ocrx_word' id='word_1_35' title='bbox 837 541 1087 582; x_wconf 83' lang='lat' dir='ltr'>magnopere</span> <span class='ocrx_word' id='word_1_36' title='bbox 1118 527 1337 569; x_wconf 71' lang='lat' dir='ltr'>obetmtem</span> <span class='ocrx_word' id='word_1_37' title='bbox 1374 528 1482 570; x_wconf 82' lang='lat' dir='ltr'>bella</span> <span class='ocrx_word' id='word_1_38' title='bbox 1517 531 1668 572; x_wconf 78' lang='lat' dir='ltr'>excita-</span> 
     </span>
     <span class='ocr_line' id='line_1_7' title="bbox 316 589 1666 647; baseline 0.001 -15"><span class='ocrx_word' id='word_1_39' title='bbox 316 590 424 632; x_wconf 86' lang='lat' dir='ltr'>bant.</span> <span class='ocrx_word' id='word_1_40' title='bbox 485 595 677 643; x_wconf 87' lang='lat' dir='ltr'>quattuor</span> <span class='ocrx_word' id='word_1_41' title='bbox 718 589 951 643; x_wconf 81' lang='lat' dir='ltr'>legionibus</span> <span class='ocrx_word' id='word_1_42' title='bbox 993 595 1237 642; x_wconf 84' lang='lat' dir='ltr'>quaternum</span> <span class='ocrx_word' id='word_1_43' title='bbox 1285 591 1442 631; x_wconf 83' lang='lat' dir='ltr'>milium</span> <span class='ocrx_word' id='word_1_44' title='bbox 1492 592 1666 647; x_wconf 86' lang='lat' dir='ltr'>scriptis,</span> 
     </span>
     <span class='ocr_line' id='line_1_8' title="bbox 316 650 1666 707; baseline 0.001 -14"><span class='ocrx_word' id='word_1_45' title='bbox 316 651 497 693; x_wconf 84' lang='lat' dir='ltr'>exercitu</span> <span class='ocrx_word' id='word_1_46' title='bbox 521 651 673 691; x_wconf 86' lang='lat' dir='ltr'>indicto</span> <span class='ocrx_word' id='word_1_47' title='bbox 699 651 751 691; x_wconf 87' lang='lat' dir='ltr'>ad</span> <span class='ocrx_word' id='word_1_48' title='bbox 775 657 935 705; x_wconf 89' lang='lat' dir='ltr'>portam</span> <span class='ocrx_word' id='word_1_49' title='bbox 960 650 1221 704; x_wconf 80' lang='lat' dir='ltr'>Esquilinam</span> <span class='ocrx_word' id='word_1_50' title='bbox 1246 653 1286 693; x_wconf 91' lang='lat' dir='ltr'>in</span> <span class='ocrx_word' id='word_1_51' title='bbox 1312 659 1520 707; x_wconf 87' lang='lat' dir='ltr'>posteram</span> <span class='ocrx_word' id='word_1_52' title='bbox 1545 654 1666 704; x_wconf 89' lang='lat' dir='ltr'>diem,</span> 
     </span>
     <span class='ocr_line' id='line_1_9' title="bbox 313 712 1666 770; baseline 0.001 -15"><span class='ocrx_word' id='word_1_53' title='bbox 313 715 365 755; x_wconf 82' lang='lat' dir='ltr'>ad</span> <span class='ocrx_word' id='word_1_54' title='bbox 403 712 610 755; x_wconf 79' lang='lat' dir='ltr'>Satricum</span> <span class='ocrx_word' id='word_1_55' title='bbox 645 713 869 767; x_wconf 79' lang='lat' dir='ltr'>profectus.</span> <span class='ocrx_word' id='word_1_56' title='bbox 918 712 976 754; x_wconf 86' lang='lat' dir='ltr'>ibi</span> <span class='ocrx_word' id='word_1_57' title='bbox 1011 728 1106 754; x_wconf 87' lang='lat' dir='ltr'>eum</span> <span class='ocrx_word' id='word_1_58' title='bbox 1142 721 1446 770; x_wconf 79' lang='lat' dir='ltr'>expugnatores</span> <span class='ocrx_word' id='word_1_59' title='bbox 1484 715 1666 757; x_wconf 87' lang='lat' dir='ltr'>coloniae</span> 
     </span>
     <span class='ocr_line' id='line_1_10' title="bbox 313 775 1668 831; baseline 0.002 -15"><span class='ocrx_word' id='word_1_60' title='bbox 313 776 633 829; x_wconf 81' lang='lat' dir='ltr'>haudquaquam</span> <span class='ocrx_word' id='word_1_61' title='bbox 658 775 854 830; x_wconf 88' lang='lat' dir='ltr'>perculsi,</span> <span class='ocrx_word' id='word_1_62' title='bbox 880 775 1053 816; x_wconf 87' lang='lat' dir='ltr'>fidentes</span> <span class='ocrx_word' id='word_1_63' title='bbox 1079 776 1254 817; x_wconf 87' lang='lat' dir='ltr'>militum</span> <span class='ocrx_word' id='word_1_64' title='bbox 1280 791 1462 827; x_wconf 89' lang='lat' dir='ltr'>numero,</span> <span class='ocrx_word' id='word_1_65' title='bbox 1489 792 1571 831; x_wconf 90' lang='lat' dir='ltr'>quo</span> <span class='ocrx_word' id='word_1_66' title='bbox 1596 778 1668 819; x_wconf 88' lang='lat' dir='ltr'>ali-</span> 
     </span>
     <span class='ocr_line' id='line_1_11' title="bbox 313 837 1668 894; baseline 0.001 -15"><span class='ocrx_word' id='word_1_67' title='bbox 313 844 510 892; x_wconf 89' lang='lat' dir='ltr'>quantum</span> <span class='ocrx_word' id='word_1_68' title='bbox 529 837 813 892; x_wconf 81' lang='lat' dir='ltr'>praestabant,</span> <span class='ocrx_word' id='word_1_69' title='bbox 836 837 1166 892; x_wconf 85' lang='lat' dir='ltr'>opperiebantur.</span> <span class='ocrx_word' id='word_1_70' title='bbox 1210 845 1430 892; x_wconf 80' lang='lat' dir='ltr'>postquam</span> <span class='ocrx_word' id='word_1_71' title='bbox 1450 840 1668 894; x_wconf 86' lang='lat' dir='ltr'>appropin-</span> 
     </span>
     <span class='ocr_line' id='line_1_12' title="bbox 312 899 1666 956; baseline 0.001 -16"><span class='ocrx_word' id='word_1_72' title='bbox 312 915 437 953; x_wconf 89' lang='lat' dir='ltr'>quare</span> <span class='ocrx_word' id='word_1_73' title='bbox 461 899 674 941; x_wconf 85' lang='lat' dir='ltr'>Romanos</span> <span class='ocrx_word' id='word_1_74' title='bbox 707 907 940 948; x_wconf 85' lang='lat' dir='ltr'>senscrunt,</span> <span class='ocrx_word' id='word_1_75' title='bbox 974 900 1180 954; x_wconf 77' lang='lat' dir='ltr'>extemplo</span> <span class='ocrx_word' id='word_1_76' title='bbox 1206 900 1248 940; x_wconf 89' lang='lat' dir='ltr'>in</span> <span class='ocrx_word' id='word_1_77' title='bbox 1272 900 1402 942; x_wconf 85' lang='lat' dir='ltr'>aciem</span> <span class='ocrx_word' id='word_1_78' title='bbox 1427 902 1666 956; x_wconf 88' lang='lat' dir='ltr'>procedunt,</span> 
     </span>
     <span class='ocr_line' id='line_1_13' title="bbox 311 961 1669 1017; baseline 0.002 -15"><span class='ocrx_word' id='word_1_79' title='bbox 311 962 411 1003; x_wconf 79' lang='lat' dir='ltr'>nihil</span> <span class='ocrx_word' id='word_1_80' title='bbox 436 962 617 1011; x_wconf 87' lang='lat' dir='ltr'>dilaturi,</span> <span class='ocrx_word' id='word_1_81' title='bbox 645 962 743 1015; x_wconf 91' lang='lat' dir='ltr'>quin</span> <span class='ocrx_word' id='word_1_82' title='bbox 767 961 995 1017; x_wconf 83' lang='lat' dir='ltr'>perieulum</span> <span class='ocrx_word' id='word_1_83' title='bbox 1022 977 1206 1003; x_wconf 88' lang='lat' dir='ltr'>summae</span> <span class='ocrx_word' id='word_1_84' title='bbox 1231 977 1366 1003; x_wconf 87' lang='lat' dir='ltr'>rerum</span> <span class='ocrx_word' id='word_1_85' title='bbox 1387 963 1586 1005; x_wconf 86' lang='lat' dir='ltr'>facerent:</span> <span class='ocrx_word' id='word_1_86' title='bbox 1613 964 1669 1006; x_wconf 89' lang='lat' dir='ltr'>ita</span> 
     </span>
     <span class='ocr_line' id='line_1_14' title="bbox 311 1024 1667 1080; baseline 0.001 -14"><span class='ocrx_word' id='word_1_87' title='bbox 311 1025 505 1080; x_wconf 87' lang='lat' dir='ltr'>paucitati</span> <span class='ocrx_word' id='word_1_88' title='bbox 526 1024 708 1065; x_wconf 89' lang='lat' dir='ltr'>hostium</span> <span class='ocrx_word' id='word_1_89' title='bbox 727 1024 828 1065; x_wconf 90' lang='lat' dir='ltr'>nihil</span> <span class='ocrx_word' id='word_1_90' title='bbox 849 1030 955 1066; x_wconf 86' lang='lat' dir='ltr'>artes</span> <span class='ocrx_word' id='word_1_91' title='bbox 975 1025 1231 1079; x_wconf 87' lang='lat' dir='ltr'>imperatoris</span> <span class='ocrx_word' id='word_1_92' title='bbox 1253 1025 1373 1075; x_wconf 85' lang='lat' dir='ltr'>unici,</span> <span class='ocrx_word' id='word_1_93' title='bbox 1400 1025 1549 1079; x_wconf 88' lang='lat' dir='ltr'>quibus</span> <span class='ocrx_word' id='word_1_94' title='bbox 1571 1026 1667 1068; x_wconf 89' lang='lat' dir='ltr'>solis</span> 
     </span>
     <span class='ocr_line' id='line_1_15' title="bbox 312 1086 975 1141; baseline 0 -14"><span class='ocrx_word' id='word_1_95' title='bbox 312 1087 580 1136; x_wconf 88' lang='lat' dir='ltr'>confiderent,</span> <span class='ocrx_word' id='word_1_96' title='bbox 607 1086 843 1141; x_wconf 86' lang='lat' dir='ltr'>profuturas</span> <span class='ocrx_word' id='word_1_97' title='bbox 871 1101 975 1127; x_wconf 84' lang='lat' dir='ltr'>csse.</span> 
     </span>
    </p>

    <p class='ocr_par' dir='ltr' id='par_1_4' title="bbox 311 1149 1668 1577">
     <span class='ocr_line' id='line_1_16' title="bbox 396 1149 1667 1192; baseline 0.002 -3"><span class='ocrx_word' id='word_1_98' title='bbox 396 1149 574 1189; x_wconf 85' lang='lat' dir='ltr'>XXIII.</span> <span class='ocrx_word' id='word_1_99' title='bbox 618 1149 734 1189; x_wconf 88' lang='lat' dir='ltr'>Idem</span> <span class='ocrx_word' id='word_1_100' title='bbox 761 1149 881 1189; x_wconf 86' lang='lat' dir='ltr'>ardor</span> <span class='ocrx_word' id='word_1_101' title='bbox 906 1156 945 1190; x_wconf 87' lang='lat' dir='ltr'>et</span> <span class='ocrx_word' id='word_1_102' title='bbox 969 1149 1010 1189; x_wconf 90' lang='lat' dir='ltr'>in</span> <span class='ocrx_word' id='word_1_103' title='bbox 1031 1149 1220 1190; x_wconf 83' lang='lat' dir='ltr'>Romano</span> <span class='ocrx_word' id='word_1_104' title='bbox 1246 1150 1427 1191; x_wconf 83' lang='lat' dir='ltr'>exercitu</span> <span class='ocrx_word' id='word_1_105' title='bbox 1452 1156 1538 1191; x_wconf 87' lang='lat' dir='ltr'>erat</span> <span class='ocrx_word' id='word_1_106' title='bbox 1563 1157 1603 1191; x_wconf 91' lang='lat' dir='ltr'>et</span> <span class='ocrx_word' id='word_1_107' title='bbox 1626 1151 1667 1192; x_wconf 90' lang='lat' dir='ltr'>in</span> 
     </span>
     <span class='ocr_line' id='line_1_17' title="bbox 312 1211 1666 1265; baseline 0.002 -14"><span class='ocrx_word' id='word_1_108' title='bbox 312 1211 438 1251; x_wconf 90' lang='lat' dir='ltr'>altero</span> <span class='ocrx_word' id='word_1_109' title='bbox 459 1211 581 1260; x_wconf 87' lang='lat' dir='ltr'>duce,</span> <span class='ocrx_word' id='word_1_110' title='bbox 607 1225 683 1251; x_wconf 91' lang='lat' dir='ltr'>nec</span> <span class='ocrx_word' id='word_1_111' title='bbox 707 1211 935 1265; x_wconf 84' lang='lat' dir='ltr'>praesentis</span> <span class='ocrx_word' id='word_1_112' title='bbox 962 1211 1233 1252; x_wconf 81' lang='lat' dir='ltr'>dimicationis</span> <span class='ocrx_word' id='word_1_113' title='bbox 1260 1212 1468 1252; x_wconf 86' lang='lat' dir='ltr'>fortunam</span> <span class='ocrx_word' id='word_1_114' title='bbox 1493 1212 1575 1253; x_wconf 84' lang='lat' dir='ltr'>ulla</span> <span class='ocrx_word' id='word_1_115' title='bbox 1600 1228 1666 1254; x_wconf 89' lang='lat' dir='ltr'>res</span> 
     </span>
     <span class='ocr_line' id='line_1_18' title="bbox 311 1273 1668 1328; baseline 0.001 -16"><span class='ocrx_word' id='word_1_116' title='bbox 311 1279 597 1327; x_wconf 83' lang='lat' dir='ltr'>praeterquam</span> <span class='ocrx_word' id='word_1_117' title='bbox 627 1273 749 1313; x_wconf 88' lang='lat' dir='ltr'>unius</span> <span class='ocrx_word' id='word_1_118' title='bbox 780 1273 855 1313; x_wconf 71' lang='lat' dir='ltr'>viri</span> <span class='ocrx_word' id='word_1_119' title='bbox 888 1273 1103 1313; x_wconf 90' lang='lat' dir='ltr'>consilium</span> <span class='ocrx_word' id='word_1_120' title='bbox 1135 1279 1256 1326; x_wconf 88' lang='lat' dir='ltr'>atque</span> <span class='ocrx_word' id='word_1_121' title='bbox 1288 1273 1503 1328; x_wconf 86' lang='lat' dir='ltr'>imperium</span> <span class='ocrx_word' id='word_1_122' title='bbox 1535 1289 1668 1315; x_wconf 88' lang='lat' dir='ltr'>mora-</span> 
     </span>
     <span class='ocr_line' id='line_1_19' title="bbox 312 1334 1666 1388; baseline 0.001 -12"><span class='ocrx_word' id='word_1_123' title='bbox 312 1335 443 1384; x_wconf 87' lang='lat' dir='ltr'>batur,</span> <span class='ocrx_word' id='word_1_124' title='bbox 471 1335 541 1388; x_wconf 89' lang='lat' dir='ltr'>qui</span> <span class='ocrx_word' id='word_1_125' title='bbox 560 1334 817 1375; x_wconf 87' lang='lat' dir='ltr'>occasionem</span> <span class='ocrx_word' id='word_1_126' title='bbox 839 1335 1109 1375; x_wconf 75' lang='lat' dir='ltr'>iuvandarum</span> <span class='ocrx_word' id='word_1_127' title='bbox 1129 1335 1284 1375; x_wconf 86' lang='lat' dir='ltr'>ratione</span> <span class='ocrx_word' id='word_1_128' title='bbox 1304 1335 1451 1375; x_wconf 75' lang='lat' dir='ltr'>virium</span> <span class='ocrx_word' id='word_1_129' title='bbox 1469 1335 1666 1377; x_wconf 88' lang='lat' dir='ltr'>trahendo</span> 
     </span>
     <span class='ocr_line' id='line_1_20' title="bbox 312 1396 1666 1453; baseline 0.001 -15"><span class='ocrx_word' id='word_1_130' title='bbox 312 1397 419 1439; x_wconf 88' lang='lat' dir='ltr'>bello</span> <span class='ocrx_word' id='word_1_131' title='bbox 456 1396 691 1451; x_wconf 85' lang='lat' dir='ltr'>quaerebat.</span> <span class='ocrx_word' id='word_1_132' title='bbox 747 1412 795 1438; x_wconf 91' lang='lat' dir='ltr'>eo</span> <span class='ocrx_word' id='word_1_133' title='bbox 832 1397 965 1451; x_wconf 89' lang='lat' dir='ltr'>magis</span> <span class='ocrx_word' id='word_1_134' title='bbox 1002 1397 1132 1438; x_wconf 86' lang='lat' dir='ltr'>hostis</span> <span class='ocrx_word' id='word_1_135' title='bbox 1168 1397 1338 1446; x_wconf 81' lang='lat' dir='ltr'>instare,</span> <span class='ocrx_word' id='word_1_136' title='bbox 1375 1412 1450 1438; x_wconf 88' lang='lat' dir='ltr'>nec</span> <span class='ocrx_word' id='word_1_137' title='bbox 1482 1398 1562 1438; x_wconf 86' lang='lat' dir='ltr'>iam</span> <span class='ocrx_word' id='word_1_138' title='bbox 1592 1413 1666 1453; x_wconf 90' lang='lat' dir='ltr'>pro</span> 
     </span>
     <span class='ocr_line' id='line_1_21' title="bbox 311 1459 1666 1514; baseline 0 -14"><span class='ocrx_word' id='word_1_139' title='bbox 311 1460 456 1500; x_wconf 87' lang='lat' dir='ltr'>castris</span> <span class='ocrx_word' id='word_1_140' title='bbox 494 1466 653 1500; x_wconf 88' lang='lat' dir='ltr'>tantum</span> <span class='ocrx_word' id='word_1_141' title='bbox 691 1460 775 1500; x_wconf 88' lang='lat' dir='ltr'>suis</span> <span class='ocrx_word' id='word_1_142' title='bbox 813 1459 1016 1513; x_wconf 80' lang='lat' dir='ltr'>explicare</span> <span class='ocrx_word' id='word_1_143' title='bbox 1054 1459 1203 1508; x_wconf 84' lang='lat' dir='ltr'>aciem,</span> <span class='ocrx_word' id='word_1_144' title='bbox 1253 1460 1325 1500; x_wconf 87' lang='lat' dir='ltr'>scd</span> <span class='ocrx_word' id='word_1_145' title='bbox 1366 1460 1588 1514; x_wconf 86' lang='lat' dir='ltr'>procedere</span> <span class='ocrx_word' id='word_1_146' title='bbox 1624 1460 1666 1500; x_wconf 89' lang='lat' dir='ltr'>in</span> 
     </span>
     <span class='ocr_line' id='line_1_22' title="bbox 311 1520 1666 1577; baseline 0.001 -15"><span class='ocrx_word' id='word_1_147' title='bbox 311 1522 492 1562; x_wconf 88' lang='lat' dir='ltr'>medium</span> <span class='ocrx_word' id='word_1_148' title='bbox 524 1521 676 1576; x_wconf 87' lang='lat' dir='ltr'>campi,</span> <span class='ocrx_word' id='word_1_149' title='bbox 715 1527 755 1562; x_wconf 87' lang='lat' dir='ltr'>et</span> <span class='ocrx_word' id='word_1_150' title='bbox 784 1521 892 1562; x_wconf 76' lang='lat' dir='ltr'>vallo</span> <span class='ocrx_word' id='word_1_151' title='bbox 923 1535 1050 1575; x_wconf 87' lang='lat' dir='ltr'>prope</span> <span class='ocrx_word' id='word_1_152' title='bbox 1079 1520 1260 1562; x_wconf 89' lang='lat' dir='ltr'>hostium</span> <span class='ocrx_word' id='word_1_153' title='bbox 1299 1521 1417 1577; x_wconf 86' lang='lat' dir='ltr'>signa</span> <span class='ocrx_word' id='word_1_154' title='bbox 1453 1521 1666 1563; x_wconf 82' lang='lat' dir='ltr'>inferendo</span> 
     </span>
    </p>
   </div>
   <div class='ocr_carea' id='block_1_4' title="bbox 267 1583 1667 1638">
    <p class='ocr_par' dir='ltr' id='par_1_5' title="bbox 267 1583 1667 1638">
     <span class='ocr_line' id='line_1_23' title="bbox 267 1583 1667 1638; baseline -0.001 -13"><span class='ocrx_word' id='word_1_155' title='bbox 267 1598 284 1626; x_wconf 75' lang='lat'>:3</span> <span class='ocrx_word' id='word_1_156' title='bbox 312 1583 532 1638; x_wconf 88' lang='lat' dir='ltr'>superbam</span> <span class='ocrx_word' id='word_1_157' title='bbox 564 1583 757 1623; x_wconf 83' lang='lat' dir='ltr'>fiduciam</span> <span class='ocrx_word' id='word_1_158' title='bbox 783 1583 929 1623; x_wconf 71' lang='lat' dir='ltr'>virium</span> <span class='ocrx_word' id='word_1_159' title='bbox 957 1589 1174 1623; x_wconf 86' lang='lat' dir='ltr'>ostentare.</span> <span class='ocrx_word' id='word_1_160' title='bbox 1223 1583 1264 1623; x_wconf 85' lang='lat' dir='ltr'>id</span> <span class='ocrx_word' id='word_1_161' title='bbox 1290 1598 1410 1638; x_wconf 88' lang='lat' dir='ltr'>aegre</span> <span class='ocrx_word' id='word_1_162' title='bbox 1436 1584 1667 1638; x_wconf 88' lang='lat' dir='ltr'>patiebatur</span> 
     </span>
    </p>
   </div>
   <div class='ocr_carea' id='block_1_5' title="bbox 267 2342 282 2370">
    <p class='ocr_par' dir='ltr' id='par_1_6' title="bbox 267 2342 282 2370">
     <span class='ocr_line' id='line_1_24' title="bbox 267 2342 282 2370; textangle 90"><span class='ocrx_word' id='word_1_163' title='bbox 267 2342 282 2370; x_wconf 50' lang='lat'>*1</span> 
     </span>
    </p>
   </div>
   <div class='ocr_carea' id='block_1_6' title="bbox 266 2588 283 2616">
    <p class='ocr_par' dir='ltr' id='par_1_7' title="bbox 266 2588 283 2616">
     <span class='ocr_line' id='line_1_25' title="bbox 266 2588 283 2616; baseline 0 0"><span class='ocrx_word' id='word_1_164' title='bbox 266 2588 283 2616; x_wconf 73' lang='lat' dir='ltr'>S</span> 
     </span>
    </p>
   </div>
   <div class='ocr_carea' id='block_1_7' title="bbox 308 1644 1668 2756">
    <p class='ocr_par' dir='ltr' id='par_1_8' title="bbox 308 1644 1668 2557">
     <span class='ocr_line' id='line_1_26' title="bbox 309 1644 1664 1699; baseline 0.001 -14"><span class='ocrx_word' id='word_1_165' title='bbox 309 1645 523 1686; x_wconf 83' lang='lat' dir='ltr'>Romanus</span> <span class='ocrx_word' id='word_1_166' title='bbox 551 1644 686 1693; x_wconf 86' lang='lat' dir='ltr'>miles,</span> <span class='ocrx_word' id='word_1_167' title='bbox 719 1644 848 1685; x_wconf 88' lang='lat' dir='ltr'>multo</span> <span class='ocrx_word' id='word_1_168' title='bbox 874 1644 1037 1699; x_wconf 87' lang='lat' dir='ltr'>aegrius</span> <span class='ocrx_word' id='word_1_169' title='bbox 1064 1644 1166 1684; x_wconf 87' lang='lat' dir='ltr'>alter</span> <span class='ocrx_word' id='word_1_170' title='bbox 1190 1658 1242 1684; x_wconf 86' lang='lat' dir='ltr'>ex</span> <span class='ocrx_word' id='word_1_171' title='bbox 1273 1645 1444 1686; x_wconf 89' lang='lat' dir='ltr'>tribunis</span> <span class='ocrx_word' id='word_1_172' title='bbox 1477 1646 1664 1695; x_wconf 79' lang='lat' dir='ltr'>militum,</span> 
     </span>
     <span class='ocr_line' id='line_1_27' title="bbox 310 1705 1664 1760; baseline 0.001 -13"><span class='ocrx_word' id='word_1_173' title='bbox 310 1707 363 1747; x_wconf 89' lang='lat' dir='ltr'>L.</span> <span class='ocrx_word' id='word_1_174' title='bbox 389 1707 559 1755; x_wconf 84' lang='lat' dir='ltr'>Furius,</span> <span class='ocrx_word' id='word_1_175' title='bbox 593 1706 709 1747; x_wconf 84' lang='lat' dir='ltr'>ferox</span> <span class='ocrx_word' id='word_1_176' title='bbox 735 1721 828 1746; x_wconf 87' lang='lat' dir='ltr'>cnm</span> <span class='ocrx_word' id='word_1_177' title='bbox 854 1712 987 1746; x_wconf 86' lang='lat' dir='ltr'>aetate</span> <span class='ocrx_word' id='word_1_178' title='bbox 1013 1711 1053 1746; x_wconf 92' lang='lat' dir='ltr'>ct</span> <span class='ocrx_word' id='word_1_179' title='bbox 1077 1705 1243 1760; x_wconf 85' lang='lat' dir='ltr'>ingenio</span> <span class='ocrx_word' id='word_1_180' title='bbox 1274 1712 1360 1746; x_wconf 90' lang='lat' dir='ltr'>tum</span> <span class='ocrx_word' id='word_1_181' title='bbox 1392 1706 1664 1748; x_wconf 87' lang='lat' dir='ltr'>multitudinis</span> 
     </span>
     <span class='ocr_line' id='line_1_28' title="bbox 312 1767 1667 1823; baseline 0.001 -14"><span class='ocrx_word' id='word_1_182' title='bbox 312 1784 363 1809; x_wconf 85' lang='lat' dir='ltr'>ex</span> <span class='ocrx_word' id='word_1_183' title='bbox 392 1768 665 1809; x_wconf 82' lang='lat' dir='ltr'>incertissimo</span> <span class='ocrx_word' id='word_1_184' title='bbox 698 1768 898 1809; x_wconf 86' lang='lat' dir='ltr'>sumentis</span> <span class='ocrx_word' id='word_1_185' title='bbox 925 1767 1083 1808; x_wconf 89' lang='lat' dir='ltr'>animos</span> <span class='ocrx_word' id='word_1_186' title='bbox 1111 1782 1182 1822; x_wconf 88' lang='lat' dir='ltr'>spe</span> <span class='ocrx_word' id='word_1_187' title='bbox 1208 1767 1385 1809; x_wconf 88' lang='lat' dir='ltr'>inflatus.</span> <span class='ocrx_word' id='word_1_188' title='bbox 1434 1768 1500 1809; x_wconf 90' lang='lat' dir='ltr'>hic</span> <span class='ocrx_word' id='word_1_189' title='bbox 1524 1783 1597 1823; x_wconf 87' lang='lat' dir='ltr'>per</span> <span class='ocrx_word' id='word_1_190' title='bbox 1623 1784 1667 1810; x_wconf 88' lang='lat' dir='ltr'>se</span> 
     </span>
     <span class='ocr_line' id='line_1_29' title="bbox 310 1829 1668 1885; baseline 0.001 -14"><span class='ocrx_word' id='word_1_191' title='bbox 310 1832 390 1871; x_wconf 88' lang='lat' dir='ltr'>iam</span> <span class='ocrx_word' id='word_1_192' title='bbox 417 1830 564 1871; x_wconf 87' lang='lat' dir='ltr'>milites</span> <span class='ocrx_word' id='word_1_193' title='bbox 590 1830 778 1871; x_wconf 86' lang='lat' dir='ltr'>incitatos</span> <span class='ocrx_word' id='word_1_194' title='bbox 804 1830 974 1885; x_wconf 86' lang='lat' dir='ltr'>insuper</span> <span class='ocrx_word' id='word_1_195' title='bbox 997 1829 1222 1885; x_wconf 87' lang='lat' dir='ltr'>instigabat</span> <span class='ocrx_word' id='word_1_196' title='bbox 1241 1830 1452 1880; x_wconf 74' lang='lat' dir='ltr'>elevando,</span> <span class='ocrx_word' id='word_1_197' title='bbox 1479 1845 1561 1884; x_wconf 87' lang='lat' dir='ltr'>qua</span> <span class='ocrx_word' id='word_1_198' title='bbox 1585 1846 1668 1872; x_wconf 82' lang='lat' dir='ltr'>una</span> 
     </span>
     <span class='ocr_line' id='line_1_30' title="bbox 308 1893 1668 1948; baseline 0.001 -15"><span class='ocrx_word' id='word_1_199' title='bbox 308 1900 486 1948; x_wconf 88' lang='lat' dir='ltr'>poterat,</span> <span class='ocrx_word' id='word_1_200' title='bbox 513 1899 645 1934; x_wconf 87' lang='lat' dir='ltr'>aetate</span> <span class='ocrx_word' id='word_1_201' title='bbox 665 1893 948 1934; x_wconf 89' lang='lat' dir='ltr'>auctoritatem</span> <span class='ocrx_word' id='word_1_202' title='bbox 969 1893 1170 1948; x_wconf 88' lang='lat' dir='ltr'>collegae,</span> <span class='ocrx_word' id='word_1_203' title='bbox 1196 1893 1414 1934; x_wconf 78' lang='lat' dir='ltr'>iuvenibus</span> <span class='ocrx_word' id='word_1_204' title='bbox 1441 1893 1548 1935; x_wconf 89' lang='lat' dir='ltr'>bella</span> <span class='ocrx_word' id='word_1_205' title='bbox 1573 1894 1668 1935; x_wconf 83' lang='lat' dir='ltr'>data</span> 
     </span>
     <span class='ocr_line' id='line_1_31' title="bbox 310 1956 1665 2011; baseline 0.001 -15"><span class='ocrx_word' id='word_1_206' title='bbox 310 1956 501 1997; x_wconf 87' lang='lat' dir='ltr'>dictitans</span> <span class='ocrx_word' id='word_1_207' title='bbox 528 1962 567 1997; x_wconf 90' lang='lat' dir='ltr'>et</span> <span class='ocrx_word' id='word_1_208' title='bbox 593 1971 687 1997; x_wconf 90' lang='lat' dir='ltr'>cum</span> <span class='ocrx_word' id='word_1_209' title='bbox 713 1956 952 2011; x_wconf 85' lang='lat' dir='ltr'>corporibus</span> <span class='ocrx_word' id='word_1_210' title='bbox 979 1956 1117 2011; x_wconf 74' lang='lat' dir='ltr'>vigere</span> <span class='ocrx_word' id='word_1_211' title='bbox 1140 1963 1180 1997; x_wconf 88' lang='lat' dir='ltr'>et</span> <span class='ocrx_word' id='word_1_212' title='bbox 1199 1956 1467 1997; x_wconf 86' lang='lat' dir='ltr'>deflorescere</span> <span class='ocrx_word' id='word_1_213' title='bbox 1487 1956 1665 2007; x_wconf 85' lang='lat' dir='ltr'>animos3</span> 
     </span>
     <span class='ocr_line' id='line_1_32' title="bbox 312 2016 1668 2071; baseline 0.001 -13"><span class='ocrx_word' id='word_1_214' title='bbox 312 2024 590 2060; x_wconf 85' lang='lat' dir='ltr'>cunctatorem</span> <span class='ocrx_word' id='word_1_215' title='bbox 621 2033 672 2059; x_wconf 84' lang='lat' dir='ltr'>ex</span> <span class='ocrx_word' id='word_1_216' title='bbox 703 2018 900 2060; x_wconf 85' lang='lat' dir='ltr'>acerrimo</span> <span class='ocrx_word' id='word_1_217' title='bbox 931 2017 1127 2059; x_wconf 89' lang='lat' dir='ltr'>bellatore</span> <span class='ocrx_word' id='word_1_218' title='bbox 1159 2016 1332 2066; x_wconf 88' lang='lat' dir='ltr'>factum,</span> <span class='ocrx_word' id='word_1_219' title='bbox 1371 2024 1411 2058; x_wconf 86' lang='lat' dir='ltr'>et</span> <span class='ocrx_word' id='word_1_220' title='bbox 1441 2018 1512 2071; x_wconf 89' lang='lat' dir='ltr'>qui</span> <span class='ocrx_word' id='word_1_221' title='bbox 1543 2018 1668 2059; x_wconf 89' lang='lat' dir='ltr'>adve-</span> 
     </span>
     <span class='ocr_line' id='line_1_33' title="bbox 310 2079 1664 2134; baseline 0.001 -14"><span class='ocrx_word' id='word_1_222' title='bbox 310 2080 426 2120; x_wconf 89' lang='lat' dir='ltr'>niens</span> <span class='ocrx_word' id='word_1_223' title='bbox 465 2086 600 2120; x_wconf 87' lang='lat' dir='ltr'>castra</span> <span class='ocrx_word' id='word_1_224' title='bbox 634 2079 840 2133; x_wconf 84' lang='lat' dir='ltr'>urbesque</span> <span class='ocrx_word' id='word_1_225' title='bbox 876 2080 1008 2134; x_wconf 89' lang='lat' dir='ltr'>primo</span> <span class='ocrx_word' id='word_1_226' title='bbox 1046 2080 1202 2134; x_wconf 88' lang='lat' dir='ltr'>impetu</span> <span class='ocrx_word' id='word_1_227' title='bbox 1238 2094 1380 2134; x_wconf 86' lang='lat' dir='ltr'>rapere</span> <span class='ocrx_word' id='word_1_228' title='bbox 1419 2080 1471 2120; x_wconf 87' lang='lat' dir='ltr'>sit</span> <span class='ocrx_word' id='word_1_229' title='bbox 1508 2080 1664 2129; x_wconf 89' lang='lat' dir='ltr'>solitus,</span> 
     </span>
     <span class='ocr_line' id='line_1_34' title="bbox 310 2141 1665 2197; baseline -0.001 -15"><span class='ocrx_word' id='word_1_230' title='bbox 310 2158 405 2183; x_wconf 89' lang='lat' dir='ltr'>eum</span> <span class='ocrx_word' id='word_1_231' title='bbox 429 2142 607 2184; x_wconf 85' lang='lat' dir='ltr'>residem</span> <span class='ocrx_word' id='word_1_232' title='bbox 631 2142 737 2183; x_wconf 89' lang='lat' dir='ltr'>intra</span> <span class='ocrx_word' id='word_1_233' title='bbox 756 2142 909 2182; x_wconf 81' lang='lat' dir='ltr'>vallum</span> <span class='ocrx_word' id='word_1_234' title='bbox 929 2149 1090 2197; x_wconf 86' lang='lat' dir='ltr'>tempus</span> <span class='ocrx_word' id='word_1_235' title='bbox 1111 2148 1258 2190; x_wconf 85' lang='lat' dir='ltr'>terere,</span> <span class='ocrx_word' id='word_1_236' title='bbox 1285 2141 1382 2195; x_wconf 85' lang='lat' dir='ltr'>quid</span> <span class='ocrx_word' id='word_1_237' title='bbox 1403 2156 1665 2182; x_wconf 87' lang='lat' dir='ltr'>accessurum</span> 
     </span>
     <span class='ocr_line' id='line_1_35' title="bbox 312 2204 1667 2258; baseline -0.001 -13"><span class='ocrx_word' id='word_1_238' title='bbox 312 2205 395 2245; x_wconf 89' lang='lat' dir='ltr'>suis</span> <span class='ocrx_word' id='word_1_239' title='bbox 427 2205 746 2245; x_wconf 76' lang='lat' dir='ltr'>decessurumve</span> <span class='ocrx_word' id='word_1_240' title='bbox 777 2204 959 2245; x_wconf 90' lang='lat' dir='ltr'>hostium</span> <span class='ocrx_word' id='word_1_241' title='bbox 984 2204 1140 2245; x_wconf 74' lang='lat' dir='ltr'>viribus</span> <span class='ocrx_word' id='word_1_242' title='bbox 1167 2210 1416 2258; x_wconf 83' lang='lat' dir='ltr'>sperantem,</span> <span class='ocrx_word' id='word_1_243' title='bbox 1450 2218 1572 2257; x_wconf 89' lang='lat' dir='ltr'>quam</span> <span class='ocrx_word' id='word_1_244' title='bbox 1599 2218 1667 2244; x_wconf 93' lang='lat' dir='ltr'>oc-</span> 
     </span>
     <span class='ocr_line' id='line_1_36' title="bbox 310 2265 1667 2320; baseline -0.001 -13"><span class='ocrx_word' id='word_1_245' title='bbox 310 2267 536 2316; x_wconf 88' lang='lat' dir='ltr'>casionem,</span> <span class='ocrx_word' id='word_1_246' title='bbox 563 2267 674 2320; x_wconf 90' lang='lat' dir='ltr'>quod</span> <span class='ocrx_word' id='word_1_247' title='bbox 694 2272 875 2320; x_wconf 83' lang='lat' dir='ltr'>tempus,</span> <span class='ocrx_word' id='word_1_248' title='bbox 903 2281 1025 2320; x_wconf 90' lang='lat' dir='ltr'>quem</span> <span class='ocrx_word' id='word_1_249' title='bbox 1046 2266 1204 2306; x_wconf 85' lang='lat' dir='ltr'>insidiis</span> <span class='ocrx_word' id='word_1_250' title='bbox 1230 2265 1479 2306; x_wconf 87' lang='lat' dir='ltr'>instruendis</span> <span class='ocrx_word' id='word_1_251' title='bbox 1505 2265 1667 2306; x_wconf 83' lang='lat' dir='ltr'>locum?</span> 
     </span>
     <span class='ocr_line' id='line_1_37' title="bbox 310 2327 1665 2383; baseline -0.001 -14"><span class='ocrx_word' id='word_1_252' title='bbox 310 2329 460 2383; x_wconf 81' lang='lat' dir='ltr'>frigere</span> <span class='ocrx_word' id='word_1_253' title='bbox 491 2344 538 2370; x_wconf 88' lang='lat' dir='ltr'>ac</span> <span class='ocrx_word' id='word_1_254' title='bbox 570 2336 730 2383; x_wconf 89' lang='lat' dir='ltr'>torpere</span> <span class='ocrx_word' id='word_1_255' title='bbox 763 2329 872 2369; x_wconf 88' lang='lat' dir='ltr'>senis</span> <span class='ocrx_word' id='word_1_256' title='bbox 905 2328 1085 2370; x_wconf 86' lang='lat' dir='ltr'>consilia.</span> <span class='ocrx_word' id='word_1_257' title='bbox 1137 2328 1210 2369; x_wconf 86' lang='lat' dir='ltr'>sed</span> <span class='ocrx_word' id='word_1_258' title='bbox 1236 2327 1412 2369; x_wconf 86' lang='lat' dir='ltr'>Camillo</span> <span class='ocrx_word' id='word_1_259' title='bbox 1438 2343 1532 2368; x_wconf 89' lang='lat' dir='ltr'>cum</span> <span class='ocrx_word' id='word_1_260' title='bbox 1558 2328 1665 2368; x_wconf 80' lang='lat' dir='ltr'>vitae</span> 
     </span>
     <span class='ocr_line' id='line_1_38' title="bbox 311 2389 1665 2446; baseline -0.001 -15"><span class='ocrx_word' id='word_1_261' title='bbox 311 2391 408 2432; x_wconf 86' lang='lat' dir='ltr'>satis</span> <span class='ocrx_word' id='word_1_262' title='bbox 435 2400 522 2431; x_wconf 84' lang='lat' dir='ltr'>tum</span> <span class='ocrx_word' id='word_1_263' title='bbox 546 2391 702 2446; x_wconf 86' lang='lat' dir='ltr'>gloriae</span> <span class='ocrx_word' id='word_1_264' title='bbox 728 2405 833 2431; x_wconf 87' lang='lat' dir='ltr'>esse.</span> <span class='ocrx_word' id='word_1_265' title='bbox 871 2390 970 2444; x_wconf 86' lang='lat' dir='ltr'>quid</span> <span class='ocrx_word' id='word_1_266' title='bbox 995 2391 1166 2431; x_wconf 88' lang='lat' dir='ltr'>attinere</span> <span class='ocrx_word' id='word_1_267' title='bbox 1192 2404 1285 2431; x_wconf 88' lang='lat' dir='ltr'>cum</span> <span class='ocrx_word' id='word_1_268' title='bbox 1311 2389 1472 2430; x_wconf 87' lang='lat' dir='ltr'>mortali</span> <span class='ocrx_word' id='word_1_269' title='bbox 1497 2404 1665 2444; x_wconf 89' lang='lat' dir='ltr'>corpore</span> 
     </span>
     <span class='ocr_line' id='line_1_39' title="bbox 311 2452 1666 2507; baseline -0.001 -14"><span class='ocrx_word' id='word_1_270' title='bbox 311 2469 392 2494; x_wconf 84' lang='lat' dir='ltr'>uno</span> <span class='ocrx_word' id='word_1_271' title='bbox 431 2453 625 2503; x_wconf 80' lang='lat' dir='ltr'>civitatis,</span> <span class='ocrx_word' id='word_1_272' title='bbox 669 2468 793 2507; x_wconf 88' lang='lat' dir='ltr'>quam</span> <span class='ocrx_word' id='word_1_273' title='bbox 831 2452 1089 2494; x_wconf 86' lang='lat' dir='ltr'>inmortalem</span> <span class='ocrx_word' id='word_1_274' title='bbox 1128 2466 1219 2493; x_wconf 89' lang='lat' dir='ltr'>esse</span> <span class='ocrx_word' id='word_1_275' title='bbox 1257 2452 1417 2501; x_wconf 90' lang='lat' dir='ltr'>deceat,</span> <span class='ocrx_word' id='word_1_276' title='bbox 1454 2452 1541 2506; x_wconf 85' lang='lat' dir='ltr'>pati</span> <span class='ocrx_word' id='word_1_277' title='bbox 1570 2466 1666 2493; x_wconf 91' lang='lat' dir='ltr'>con-</span> 
     </span>
     <span class='ocr_line' id='line_1_40' title="bbox 311 2516 684 2557; baseline 0.003 -2"><span class='ocrx_word' id='word_1_278' title='bbox 311 2530 524 2557; x_wconf 86' lang='lat' dir='ltr'>senescere</span> <span class='ocrx_word' id='word_1_279' title='bbox 550 2516 684 2557; x_wconf 72' lang='lat' dir='ltr'>vires?</span> 
     </span>
    </p>

    <p class='ocr_par' dir='ltr' id='par_1_9' title="bbox 309 2577 1664 2756">
     <span class='ocr_line' id='line_1_41' title="bbox 394 2577 1664 2624; baseline -0.002 -7"><span class='ocrx_word' id='word_1_280' title='bbox 394 2577 475 2618; x_wconf 89' lang='lat' dir='ltr'>His</span> <span class='ocrx_word' id='word_1_281' title='bbox 513 2577 770 2619; x_wconf 86' lang='lat' dir='ltr'>sermonibus</span> <span class='ocrx_word' id='word_1_282' title='bbox 808 2583 892 2618; x_wconf 88' lang='lat' dir='ltr'>tota</span> <span class='ocrx_word' id='word_1_283' title='bbox 927 2577 968 2616; x_wconf 88' lang='lat' dir='ltr'>in</span> <span class='ocrx_word' id='word_1_284' title='bbox 1006 2591 1049 2617; x_wconf 89' lang='lat' dir='ltr'>se</span> <span class='ocrx_word' id='word_1_285' title='bbox 1080 2582 1281 2617; x_wconf 81' lang='lat' dir='ltr'>averterat</span> <span class='ocrx_word' id='word_1_286' title='bbox 1312 2583 1463 2624; x_wconf 84' lang='lat' dir='ltr'>castra,</span> <span class='ocrx_word' id='word_1_287' title='bbox 1502 2583 1541 2615; x_wconf 88' lang='lat' dir='ltr'>et</span> <span class='ocrx_word' id='word_1_288' title='bbox 1571 2589 1664 2615; x_wconf 87' lang='lat' dir='ltr'>cum</span> 
     </span>
     <span class='ocr_line' id='line_1_42' title="bbox 310 2635 1661 2694; baseline 0.001 -19"><span class='ocrx_word' id='word_1_289' title='bbox 310 2639 498 2679; x_wconf 71' lang='lat' dir='ltr'>omnibus</span> <span class='ocrx_word' id='word_1_290' title='bbox 536 2639 636 2680; x_wconf 90' lang='lat' dir='ltr'>locis</span> <span class='ocrx_word' id='word_1_291' title='bbox 668 2645 905 2694; x_wconf 89' lang='lat' dir='ltr'>posceretur</span> <span class='ocrx_word' id='word_1_292' title='bbox 935 2653 1092 2694; x_wconf 87' lang='lat' dir='ltr'>pugna:</span> <span class='ocrx_word' id='word_1_293' title='bbox 1132 2637 1384 2687; x_wconf 89' lang='lat' dir='ltr'>‘sustinerc,&#39;</span> <span class='ocrx_word' id='word_1_294' title='bbox 1420 2637 1552 2690; x_wconf 88' lang='lat' dir='ltr'>inquit</span> <span class='ocrx_word' id='word_1_295' title='bbox 1583 2635 1661 2676; x_wconf 83' lang='lat' dir='ltr'>‘M.</span> 
     </span>
     <span class='ocr_line' id='line_1_43' title="bbox 309 2698 1662 2756; baseline -0.003 -14"><span class='ocrx_word' id='word_1_296' title='bbox 309 2699 425 2748; x_wconf 71' lang='lat' dir='ltr'>Furi,</span> <span class='ocrx_word' id='word_1_297' title='bbox 465 2716 544 2741; x_wconf 92' lang='lat' dir='ltr'>non</span> <span class='ocrx_word' id='word_1_298' title='bbox 576 2716 797 2756; x_wconf 86' lang='lat' dir='ltr'>possumus</span> <span class='ocrx_word' id='word_1_299' title='bbox 833 2701 1031 2756; x_wconf 83' lang='lat' dir='ltr'>impetum</span> <span class='ocrx_word' id='word_1_300' title='bbox 1063 2700 1254 2749; x_wconf 87' lang='lat' dir='ltr'>militum,</span> <span class='ocrx_word' id='word_1_301' title='bbox 1293 2706 1329 2739; x_wconf 89' lang='lat' dir='ltr'>et</span> <span class='ocrx_word' id='word_1_302' title='bbox 1362 2699 1509 2747; x_wconf 87' lang='lat' dir='ltr'>hostis,</span> <span class='ocrx_word' id='word_1_303' title='bbox 1547 2698 1662 2739; x_wconf 84' lang='lat' dir='ltr'>cuius</span> 
     </span>
    </p>
   </div>
  </div>
 </body>
</html>
