1780 3204
459 267 609 302 Lissssn
635 267 668 310 1,
697 268 815 300 1115.
845 269 889 309 [a.
908 264 1040 307 011111
1373 256 1416 293 :⁸1

71 381 207 414 cei-ent
233 373 517 425 iuberentque,
544 378 585 410 ut
615 377 780 410 senatus
807 369 1054 417 decerneret,
1086 368 1156 421 qui
1181 367 1338 407 Romae
1365 382 1425 406 re-

70 442 227 490 gnaret.

153 495 324 537 XVIII.
375 495 522 535 Inclita
552 494 707 535 iustitia
736 493 962 547 religioque
995 506 1042 532 ca
1074 497 1315 545 tempestate
1341 489 1426 530 Nu-
1459 504 1465 531 1

70 573 160 599 mae
185 557 365 611 Pompili
393 564 490 597 erat.
535 555 715 597 Curibus
744 554 910 596 Sabinis
936 553 1148 594 habitabat
1173 552 1429 593 consultissi-

71 635 161 660 mus
187 619 266 668 vir,
306 625 349 659 ut
379 619 421 658 in
451 618 520 658 illa
550 618 769 671 quisquam
800 630 891 657 esse
917 622 1049 656 aetate
1080 621 1256 669 poterat,
1295 615 1427 655 omnis

70 682 197 722 divini
223 688 344 734 atque
370 680 539 720 humani
563 680 675 720 iuris.
725 685 933 720 auctorem
959 678 1166 718 doetrinae
1193 678 1299 726 eius,
1333 677 1429 730 quia

70 758 152 783 non
177 750 287 783 extat
313 743 435 790 alius,
473 741 578 782 falso
606 741 793 782 Samium
819 740 1100 794 Pythagoram
1127 740 1268 789 edunt,
1306 754 1428 793 quem

73 804 219 846 Servio
250 804 387 844 Tullio
418 811 615 858 regnante
640 803 798 843 Romae
830 808 995 842 eentum
1027 802 1203 855 amplius
1234 811 1328 856 post
1358 817 1430 842 an-

71 881 145 907 nos
170 866 212 906 in
236 865 379 906 ultima
403 865 546 905 Italiae
571 879 642 905 ora
667 864 775 904 circa
793 863 1083 916 Metapontum
1098 863 1429 916 Heracleamque

71 935 110 968 et
136 926 359 968 Crotonem
383 927 577 967 iuvenum
604 925 898 966 aemulantium
919 924 1055 964 studia
1074 931 1213 965 coetus
1234 924 1429 965 habuisse

71 995 242 1030 constat.
302 1003 354 1029 ex
389 987 538 1040 quibus
575 987 694 1035 locis,
738 987 815 1027 etsi
858 986 1042 1026 eiusdem
1080 986 1225 1027 aetatis
1268 986 1427 1034 fuisset,
1457 998 1473 1024 :z

70 1065 174 1103 quae
199 1050 311 1090 fama
334 1050 376 1089 in
398 1048 602 1090 Sabinos?
627 1055 696 1089 aut
715 1062 796 1100 quo
821 1047 987 1102 linguae
1013 1048 1260 1088 commercio
1286 1062 1430 1100 quem-

70 1127 193 1165 quam
219 1112 271 1151 ad
297 1111 561 1165 cupiditatem
592 1109 776 1150 discendi
808 1109 1028 1149 excivisset
1059 1123 1194 1161 quove
1225 1109 1431 1162 praesidio

71 1188 174 1213 unus
200 1187 273 1226 per
297 1178 355 1212 tot
379 1179 523 1226 gentes
549 1172 738 1212 dissonas
772 1185 959 1211 sermone
991 1170 1256 1223 moribusque
1288 1185 1432 1224 perve-

70 1234 221 1274 nisset?
258 1241 402 1288 suopte
427 1234 552 1288 igitur
576 1233 741 1288 ingenio
767 1239 1039 1287 temperatum
1065 1233 1247 1273 animum
1274 1232 1432 1272 virtuti-
1465 1244 1473 1270 1

70 1296 146 1336 bus
172 1295 302 1337 fuisse
327 1296 472 1350 opinor
502 1296 634 1350 magis
666 1296 994 1347 instructumque
1026 1309 1108 1335 non
1141 1301 1224 1335 tam
1250 1294 1432 1349 peregri-

70 1358 131 1398 nis
157 1357 332 1406 artibus,
369 1372 493 1410 quam
519 1357 736 1411 disciplina
760 1357 902 1397 tetrica
932 1371 980 1397 ae
1005 1356 1111 1397 tristi
1142 1363 1327 1397 veterum
1356 1357 1432 1397 Sa-

70 1419 272 1469 binorum,
298 1434 379 1473 quo
404 1434 555 1475 genere
580 1420 739 1460 nullum
764 1419 971 1472 quondam
998 1419 1272 1473 incorruptius
1300 1418 1389 1458 fuit.

153 1480 311 1522 Audito
337 1482 500 1522 nomine
526 1481 686 1522 Numae
711 1488 849 1535 patres
874 1480 1065 1529 Romani,
1093 1495 1345 1534 quamquam
1371 1481 1431 1520 111-
1459 1493 1476 1519 ῐ)

71 1543 212 1583 clinari
247 1558 346 1598 opes
384 1544 437 1584 ad
475 1543 653 1585 Sabinos
695 1558 794 1598 rege
830 1543 925 1583 inde
965 1550 1130 1597 sumpto
1174 1543 1431 1590 videbantur,

72 1613 209 1646 tamen
238 1620 371 1659 neque
404 1622 447 1646 se
479 1606 698 1660 quisquam
735 1619 811 1646 nec
846 1604 1036 1646 factionis
1070 1620 1168 1645 suae
1201 1605 1326 1645 alium
1358 1620 1433 1644 nce

71 1667 248 1721 denique
272 1675 435 1722 patrum
460 1675 529 1708 aut
555 1668 707 1709 civium
738 1682 987 1720 quemquam
1018 1667 1225 1720 praeferre
1256 1667 1314 1706 illi
1346 1666 1432 1705 viro

73 1729 181 1777 ausi,
219 1730 270 1770 ad
296 1745 424 1770 unum
449 1744 592 1771 omnes
618 1729 779 1770 Numae
804 1728 1010 1782 Pompilio
1041 1743 1215 1783 regnum
1247 1728 1434 1768 deferen-

73 1790 173 1830 dum
208 1791 444 1832 decernunt.
500 1792 674 1841 accitus,
713 1791 819 1832 sieut
853 1790 1057 1831 Romulus
1095 1797 1296 1844 augurato
1335 1788 1479 1829 1111100

74 1852 288 1893 condenda
316 1868 490 1907 regnum
522 1854 695 1907 adeptus
728 1859 809 1901 est,
848 1852 898 1892 de
931 1867 974 1892 se
1011 1866 1175 1905 quoque
1207 1852 1306 1892 deos
1339 1867 1435 1892 con-

76 1914 154 1954 suli
178 1914 310 1954 iussit.
353 1915 447 1955 inde
474 1915 524 1956 ab
556 1929 731 1969 augure,
769 1914 835 1954 cui
866 1914 1013 1954 deinde
1038 1914 1204 1955 honoris
1237 1929 1334 1968 ergo
1361 1929 1435 1968 pu-

77 1969 228 2010 blicum
264 1970 306 2010 id
342 1977 666 2025 perpetuumque
705 1970 979 2011 sacerdotium
1015 1970 1111 2019 fuit,
1155 1971 1356 2011 deductus
1393 1971 1434 2011 in

77 2046 230 2080 arcem,
262 2032 304 2072 in
328 2032 464 2086 lapide
490 2033 543 2073 ad
566 2032 780 2073 meridiem
804 2046 948 2072 versus
976 2033 1174 2073 consedit.
1224 2048 1357 2087 augur
1382 2034 1433 2073 ad
1463 2052 1476 2077 7

76 2094 235 2135 laevam
261 2095 349 2136 eius
375 2095 508 2148 capite
532 2095 667 2135 velato
699 2095 839 2135 sedem
871 2094 996 2148 cepit,
1035 2094 1179 2135 dextra
1210 2110 1334 2135 manu
1366 2095 1436 2136 ba-

77 2159 214 2197 culum
241 2157 327 2197 sine
352 2157 460 2197 nodo
492 2157 697 2197 aduncum
729 2163 892 2205 tenens,
929 2172 1053 2210 quem
1078 2157 1225 2197 lituum
1256 2158 1436 2211 appella-

76 2225 182 2259 runt.
230 2219 326 2259 inde
351 2219 422 2259 ubi
460 2225 681 2273 prospectu
705 2219 747 2258 in
772 2218 916 2259 urbem
942 2233 1170 2274 agrumque
1196 2228 1315 2273 capto
1335 2221 1435 2260 deos

76 2287 266 2334 precatus
321 2281 512 2336 regiones
544 2281 595 2322 ab
631 2281 786 2322 oriente
822 2281 874 2321 ad
905 2295 1099 2321 occasum
1136 2281 1434 2329 determinavit,

78 2342 242 2383 dextras
280 2343 332 2383 ad
370 2343 582 2384 meridiem
618 2351 775 2398 partes,
824 2343 963 2384 laevas
1006 2344 1059 2384 ad
1102 2345 1434 2398 septemtrionem

79 2419 170 2445 esse
195 2405 315 2454 dixit,
355 2405 520 2460 signum
546 2412 704 2455 eontra,
742 2406 877 2459 quoad
901 2405 1143 2460 longissime
1169 2413 1434 2460 conspectum
1462 2424 1480 2450 s

78 2466 185 2507 oculi
209 2467 407 2517 ferebant,
435 2468 571 2508 animo
596 2468 745 2516 finivit3
772 2474 871 2516 tum,
897 2467 997 2508 lituo
1022 2468 1064 2507 in
1087 2468 1248 2508 laevam
1269 2483 1436 2509 manum

79 2529 294 2578 translato,
332 2529 476 2570 dextra
506 2530 548 2570 in
578 2537 701 2584 caput
725 2529 886 2570 Numae
916 2530 1128 2584 imposita,
1165 2538 1356 2584 precatus
1381 2531 1438 2572 ita

78 2597 158 2631 est:
192 2590 397 2645 ‘Iuppiter
420 2599 554 2645 pater,
589 2591 623 2632 si
654 2600 715 2632 est
739 2592 803 2632 fas
834 2591 943 2631 1111110
968 2591 1146 2632 Numam
1171 2592 1435 2647 Pompilium,
1463 2610 1480 2635 11

78 2652 194 2692 0111115
222 2667 299 2707 ego
325 2660 449 2707 caput
478 2660 618 2702 teneo,
655 2668 796 2708 regem
822 2653 980 2694 Romae
1011 2668 1121 2703 esse,
1159 2655 1218 2695 uti
1250 2661 1293 2695 tu
1319 2655 1438 2710 signa

78 2713 196 2756 nobis
235 2721 344 2756 certa
381 2715 625 2756 adclarassis
662 2716 767 2756 inter
798 2730 867 2756 cos
900 2716 1019 2764 fines,
1059 2731 1162 2769 quos
1194 2716 1298 2757 feci.’
1348 2724 1433 2758 tum

1455 689 1472 716 lx',
