1835 3226
328 356 346 385 8

307 726 343 751 10

307 1035 339 1061 11

306 1588 342 1617 13

306 1836 342 1864 11

378 231 455 271 162
736 235 889 270 LlssER
915 237 988 280 111,
1014 237 1143 270 41141.
1172 240 1219 280 [a.
1236 240 1411 283 u.e.305]

372 348 515 381 auctor
545 339 697 379 nullius
730 346 897 380 senatus
930 338 1106 380 consulti
1136 339 1327 381 faciendi.
1375 341 1433 381 ita
1461 341 1624 384 labente
1648 343 1730 384 iam

372 416 498 442 causa
522 400 849 441 decemvirorum
873 401 927 441 L.
956 399 1174 442 Cornelius
1195 400 1519 457 Maluginensis,
1545 403 1606 444 M.
1629 405 1731 446 Cor-

371 463 451 504 neli
482 462 704 503 decemviri
734 463 877 512 frater,
915 478 1010 504 cum
1046 478 1098 504 ex
1134 464 1419 505 consularibus
1456 465 1508 505 ad
1544 465 1731 507 ultimum

370 525 533 565 dicendi
562 524 701 565 locum
731 525 919 566 consulto
951 531 1137 567 servatus
1169 532 1296 576 esset,
1335 526 1566 568 simulando
1592 542 1731 568 curam

326 603 331 628 ε
370 586 466 628 belli
490 586 658 627 fratrem
685 586 949 642 collegasque
974 587 1063 628 eius
1088 586 1291 637 tuebatur,
1318 602 1497 641 quonam
1523 588 1608 629 fato
1633 589 1733 629 inci-

369 650 498 691 disset
522 650 660 691 mirari
681 665 724 691 se
745 651 954 701 dictitans,
981 658 1027 692 ut
1046 651 1300 693 decemviros
1321 653 1392 706 qui
1411 653 1732 695 decemviratum

368 711 585 766 petissent,
613 719 683 753 aut
708 713 808 754 socii
833 720 903 754 aut
927 713 970 754 hi
988 714 1185 763 maxime,
1213 722 1518 770 oppugnarent,
1545 722 1616 756 aut
1634 716 1734 769 quid

369 774 443 823 ita,
471 789 566 814 eum
590 789 664 829 per
688 781 748 815 tot
773 789 937 816 menses
964 790 1096 817 vacua
1120 776 1285 817 civitate
1310 791 1451 826 nemo,
1478 777 1629 819 iustine
1648 793 1734 818 ma-

369 835 566 890 gistratus
593 851 778 877 summae
797 852 934 877 rerum
953 845 1210 892 praeessent,
1237 838 1558 879 controversiam
1576 838 1731 888 feeerit,

368 912 477 938 nunc
508 898 694 948 demum,
734 914 828 940 cum
859 899 999 940 hostes
1037 914 1164 954 prope
1200 900 1253 941 ad
1288 907 1427 954 portas
1466 901 1564 950 sint,
1602 900 1732 941 civilis

369 959 597 1001 discordias
625 967 779 1009 serant,
811 960 892 1001 nisi
916 961 1027 1014 quod
1051 961 1094 1001 in
1118 960 1282 1003 turbido
1307 962 1443 1003 minus
1469 962 1732 1016 perspicuum

370 1020 457 1062 fore
481 1028 644 1076 putent,
671 1022 771 1076 quid
796 1029 954 1078 agatur.
999 1030 1180 1064 ceterum
1205 1024 1431 1073 neminem,
1458 1024 1611 1064 maiore
1636 1038 1734 1064 cura

369 1083 580 1137 occupatis
613 1084 778 1132 animis,
811 1099 954 1125 verum
980 1099 1071 1126 esse
1095 1085 1392 1139 praeiudicium
1417 1085 1476 1126 rei
1501 1092 1637 1126 tantae
1662 1100 1733 1125 au-

369 1144 487 1185 ferre.
537 1144 613 1185 sibi
640 1145 801 1199 placere
827 1146 878 1186 de
905 1161 971 1195 ρο,
1004 1161 1086 1200 quo
1111 1146 1303 1188 Valerius
1328 1147 1613 1200 Horatiusque
1638 1154 1732 1188 ante

369 1206 461 1247 idus
474 1205 612 1246 Maias
633 1207 887 1248 decemviros
908 1207 1045 1249 abisse
1063 1208 1308 1263 magistratu
1326 1208 1577 1257 insimulent,
1599 1208 1729 1256 bellis,

369 1281 474 1320 quae
499 1267 757 1318 immineant,
784 1269 996 1322 perfectis,
1023 1284 1066 1310 re
1091 1269 1257 1324 publica
1280 1269 1323 1309 in
1349 1269 1612 1322 tranquillum
1639 1269 1731 1310 red-

370 1336 478 1378 acta,
518 1336 662 1370 senatu
693 1330 946 1384 disceptante
984 1330 1052 1385 agi
1089 1338 1127 1371 et
1163 1331 1244 1371 iam
1279 1346 1384 1371 nunc.
1414 1331 1470 1371 ita
1507 1345 1550 1371 se
1587 1345 1730 1385 parare

368 1390 451 1445 Ap.
480 1391 721 1441 Claudium,
754 1399 799 1433 ut
824 1392 1099 1441 comitiorum,
1132 1407 1236 1446 quae
1268 1392 1510 1433 decemviris
1543 1392 1728 1432 creandis

371 1453 651 1494 decemvirum
675 1454 764 1508 ipse
789 1454 996 1503 habuerit,
1024 1454 1125 1495 sciat
1151 1454 1229 1495 sibi
1255 1455 1452 1495 rationem
1476 1454 1728 1494 reddendam

369 1529 479 1565 esse,
512 1522 648 1556 utrum
674 1516 713 1556 in
740 1530 868 1556 unum
899 1531 1052 1556 annum
1085 1516 1210 1557 creati
1242 1516 1323 1556 sint
1353 1531 1406 1557 an
1438 1516 1569 1556 donec
1600 1515 1727 1570 leges,

367 1590 473 1629 quae
499 1578 708 1626 deessent,
740 1578 1029 1631 perferrentur.
1078 1578 1121 1617 in
1150 1578 1383 1632 praesentia
1407 1578 1545 1618 omnia
1568 1583 1730 1631 praeter

367 1637 522 1678 bellum
559 1639 691 1679 omitti
728 1638 908 1693 placere3
952 1639 1069 1679 cuius
1107 1639 1142 1679 si
1180 1639 1285 1679 falso
1321 1639 1476 1679 famam
1518 1639 1728 1694 volgatam

368 1715 557 1753 vanaque
576 1716 658 1741 non
677 1701 842 1741 nuntios
864 1700 1010 1749 solum,
1033 1701 1106 1741 sed
1126 1700 1457 1741 Tusculanorum
1477 1700 1598 1740 etiam
1617 1700 1730 1755 lega-

368 1770 431 1802 tos
457 1762 655 1803 adtulisse
680 1768 843 1816 putent,
882 1762 1159 1817 speculatores
1184 1762 1406 1803 mittendos
1438 1776 1623 1810 censere,
1660 1762 1728 1814 qui

368 1824 518 1864 certius
550 1823 761 1878 explorata
791 1824 990 1865 referant:
1029 1825 1093 1866 sin
1123 1825 1226 1865 fides
1258 1831 1298 1865 et
1328 1824 1481 1864 nuntiis
1514 1830 1553 1864 et
1582 1823 1730 1878 legatis

366 1885 578 1935 habeatur,
605 1886 800 1928 dilectum
825 1887 957 1942 primo
982 1901 1147 1940 quoque
1173 1894 1356 1942 tempore
1381 1885 1541 1935 haberi,
1568 1886 1730 1927 decem-

367 1949 495 1999 viros,
533 1964 615 2003 quo
647 1950 795 2003 cuique
827 1965 969 1991 eorum
1000 1950 1206 1999 videatur,
1244 1949 1447 1991 exercitus
1479 1949 1628 1990 ducere
1653 1963 1728 1989 nee

366 2026 454 2052 rem
478 2011 601 2052 aliam
626 2013 842 2066 praeverti.

451 2073 682 2115 XXXXI.
726 2074 778 2115 In
803 2074 908 2116 hanc
935 2075 1179 2116 sententiam
1206 2080 1249 2115 ut
1273 2073 1570 2122 discederetur,
1596 2073 1728 2114 iunio-

366 2150 431 2176 res
445 2143 609 2190 patrum
623 2136 878 2178 evincebant.
916 2136 1220 2190 ferocioresque
1234 2136 1382 2177 iterum
1396 2136 1523 2177 coorti
1536 2135 1727 2176 Valerius

365 2197 648 2251 Horatiusque
667 2199 901 2248 vociferari,
928 2206 973 2240 ut
991 2199 1042 2240 de
1060 2213 1103 2240 re
1122 2198 1289 2254 publica
1306 2198 1444 2239 liceret
1464 2198 1610 2238 dicere.
1643 2197 1728 2237 dic-

367 2272 479 2301 turos
510 2260 564 2301 ad
592 2260 811 2315 populum,
844 2261 878 2302 si
902 2261 945 2302 in
970 2268 1115 2302 senatu
1139 2275 1212 2316 per
1236 2261 1456 2301 factionem
1481 2274 1563 2300 non
1588 2259 1726 2300 liceat:

366 2337 498 2376 neque
524 2323 633 2363 enim
659 2323 738 2364 sibi
762 2324 943 2378 privatos
964 2331 1034 2364 aut
1052 2324 1095 2364 in
1115 2323 1227 2364 curia
1246 2329 1315 2364 aut
1335 2322 1377 2363 in
1396 2321 1585 2363 contione
1603 2335 1726 2376 posse

367 2384 530 2426 obstare
555 2400 688 2439 neque
709 2401 753 2427 se
771 2386 1024 2441 imaginariis
1043 2385 1227 2427 fascibus
1249 2400 1390 2426 eorum
1411 2399 1600 2425 cessuros
1620 2397 1723 2424 esse.

367 2452 453 2487 tum
467 2446 650 2501 Appius,
676 2448 759 2488 iam
778 2462 905 2503 prope
925 2462 1017 2488 esse
1036 2454 1169 2496 ratus,
1195 2454 1256 2496 ut,
1283 2447 1324 2487 ni
1344 2446 1561 2487 violentiae
1586 2460 1726 2486 eorum

325 2522 342 2547 3
368 2508 455 2562 pari
473 2509 730 2551 resisteretur
748 2509 938 2559 audacia,
965 2510 1119 2550 victum
1144 2509 1347 2563 inperium
1368 2514 1496 2557 esset,
1525 2511 1625 2548 ‘non
1651 2507 1724 2548 crit

368 2570 545 2619 melius‚’
575 2571 707 2624 inquit
739 2572 836 2613 ‘nisi
867 2572 917 2613 de
949 2586 1030 2625 quo
1064 2571 1339 2619 consulimus,
1371 2584 1516 2611 vocem
1546 2566 1724 2609 misisse’

368 2638 407 2671 et
427 2632 479 2672 ad
497 2632 728 2683 Valerium,
755 2641 976 2688 negantem
996 2648 1039 2674 se
1058 2633 1217 2688 privato
1236 2633 1423 2680 reticere,
1449 2631 1633 2671 lictorem
1657 2642 1724 2669 ac-

327 2706 343 2732 ⁴2
371 2693 514 2734 cedere
545 2695 677 2737 iussit.
727 2696 808 2737 iam
835 2695 1058 2748 Quiritium
1088 2694 1213 2736 fidem
1244 2694 1472 2747 inplorante
1503 2690 1669 2732 Valerio
1702 2705 1723 2729 a
