1835 3226
282 845 320 874 10

281 1031 317 1059 11

296 1836 314 1862 Ιῦ

352 227 432 267 150
692 231 845 265 LIBER
871 231 945 272 ΙΙΙ,
971 231 1024 264 26.
1045 231 1098 264 27.
1128 234 1175 275 [a.
1190 244 1223 265 u.
1239 234 1363 277 0296]

348 337 450 392 perii
475 335 616 390 populi
639 334 835 382 Romani,
867 334 920 374 L.
949 332 1187 386 Quinctius,
1220 340 1331 375 trans
1359 334 1542 376 Tiberim
1567 346 1705 378 contra

349 413 441 438 eum
467 398 604 450 ipsum
628 396 784 444 locum,
811 395 881 436 ubi
906 410 1014 436 nunc
1038 395 1211 437 Navalia
1238 401 1350 443 sunt,
1376 403 1567 449 quattuor
1591 399 1706 454 iuge-

348 473 440 500 rum
465 457 625 498 eolebat
649 472 813 512 agrum,
840 471 945 510 quae
970 464 1087 511 prata
1107 457 1301 510 Quinctia
1326 464 1534 499 vocantur.
1572 459 1630 500 ibi
1654 460 1705 501 ab

346 519 512 575 legatis,
540 533 613 560 seu
638 518 796 560 fossam
820 518 981 559 fodiens
1006 519 1125 573 palae
1149 519 1315 560 innixus
1342 534 1415 560 seu
1440 534 1535 560 cum
1559 529 1703 571 araret,

347 581 460 636 operi
485 588 611 631 certe,
643 581 686 621 id
710 581 820 634 quod
847 588 1025 631 constat,
1053 582 1205 637 agresti
1228 582 1427 632 intentus,
1455 582 1586 624 salute
1612 583 1705 624 data

345 645 523 685 invicem
552 643 793 697 redditaque
822 649 1011 698 rogatus,
1044 651 1106 694 ut,
1144 645 1255 698 quod
1286 638 1390 685 bene
1421 651 1596 686 verteret
1626 645 1705 699 ipsi

345 706 486 760 reique
504 705 713 760 publicae,
740 712 904 760 togatus
924 706 1119 747 mandata
1139 713 1306 747 senatus
1327 706 1503 756 audiret,
1530 707 1705 749 admira-

347 776 413 809 tus
444 768 711 824 rogitansque
751 768 877 809 ‘satin
908 768 1061 809 salveP'
1109 779 1250 824 togam
1285 783 1458 823 propere
1489 783 1511 810 e
1542 770 1706 825 tugurio

345 830 528 885 proferre
559 845 730 871 uxorem
754 829 957 871 Raciliam
987 830 1112 872 iubet.
1161 845 1244 884 qua
1274 830 1396 872 simul
1427 830 1591 872 abterso
1615 831 1706 886 pul-

345 907 441 934 vere
478 906 526 933 ac
557 893 706 933 sudore
738 892 898 933 velatus
928 893 1147 947 processit,
1184 893 1425 934 dictatorem
1456 907 1550 934 eum
1579 893 1705 948 legati

344 954 598 1010 gratulantes
624 955 901 1005 consalutant,
928 955 969 995 in
988 955 1133 996 urbem
1153 962 1319 1004 vocant,
1346 955 1416 1008 qui
1435 961 1564 996 terror
1589 955 1641 996 sit
1663 955 1705 995 in

346 1017 545 1066 exercitu,
584 1024 806 1072 exponunt.
862 1018 979 1058 navis
1020 1017 1214 1070 Quinctio
1250 1017 1414 1072 publice
1450 1024 1593 1071 parata
1628 1016 1706 1057 fuit

345 1086 704 1131 transvectumque
737 1085 818 1120 tres
850 1079 1015 1120 obviam
1047 1080 1204 1135 egressi
1238 1079 1312 1119 filii
1348 1079 1574 1133 excipiunt,
1610 1079 1705 1120 inde

346 1140 413 1181 alii
443 1140 662 1194 propinqui
692 1147 814 1194 atque
846 1141 985 1190 amici,
1024 1149 1111 1182 tum
1141 1148 1305 1196 patrum
1335 1141 1465 1182 maior
1499 1156 1608 1195 pars.
1657 1155 1705 1182 ea

345 1202 577 1255 frequentia
609 1202 782 1256 stipatus
815 1203 1152 1244 antecedentibus
1179 1203 1390 1244 lictoribus
1416 1203 1617 1244 deductus
1643 1208 1704 1243 est

345 1264 526 1304 domum.
577 1271 616 1304 et
640 1263 772 1317 plebis
804 1278 1027 1305 concursus
1058 1265 1204 1319 ingens
1236 1264 1332 1313 fuit3
1369 1264 1443 1304 sed
1473 1279 1522 1304 ea
1550 1278 1705 1317 nequa-

344 1340 468 1378 quam
499 1332 582 1366 tam
614 1325 721 1366 laeta
752 1324 993 1377 Quinctium
1028 1319 1148 1374 vidit,
1187 1333 1226 1366 et
1262 1326 1420 1380 imperii
1456 1326 1627 1366 nimium
1664 1333 1702 1366 et

343 1387 477 1427 virum
503 1387 580 1440 (in)
605 1387 696 1441 ipso
721 1387 892 1441 imperio
917 1388 1264 1429 vehementiorem
1289 1395 1388 1429 rata.

428 1449 485 1490 Et
515 1449 584 1490 illa
614 1449 780 1502 quidem
810 1456 929 1490 nocte
960 1450 1060 1490 nihil
1091 1457 1375 1504 praeterquam
1401 1450 1615 1504 vigilatum
1641 1460 1703 1490 est

344 1512 386 1551 in
411 1511 524 1552 urbe.

426 1571 623 1612 XXVII.
673 1572 848 1614 Postero
879 1573 943 1613 die
975 1573 1147 1614 dictator
1178 1587 1271 1614 cum
1297 1580 1389 1614 ante
1415 1574 1548 1614 lucem
1574 1574 1616 1614 in
1641 1573 1703 1614 fo-

341 1649 432 1674 rum
468 1634 667 1683 venisset,
711 1634 955 1689 magistrum
991 1635 1174 1688 equitum
1211 1635 1309 1676 dicit
1342 1635 1396 1675 L.
1429 1635 1700 1688 Tarquitium,

340 1695 535 1749 patriciae
565 1696 719 1750 gentis,
759 1697 832 1737 sed
862 1696 951 1749 qui,
991 1711 1085 1736 cum
1111 1696 1315 1751 stipendia
1338 1696 1513 1750 pedibus
1537 1703 1702 1751 propter

340 1763 625 1811 paupertatem
650 1757 836 1807 fecisset,
862 1757 970 1799 bello
996 1765 1134 1798 tamen
1158 1759 1316 1812 primus
1341 1758 1463 1812 longe
1488 1757 1701 1798 Romanae

341 1819 564 1860 iuventutis
595 1819 760 1861 habitus
793 1827 915 1861 esset.
964 1834 1058 1861 cum
1089 1820 1287 1875 magistro
1319 1820 1503 1873 equitum
1532 1819 1574 1860 in
1606 1834 1702 1861 con-

341 1881 494 1921 tionem
519 1881 650 1931 venit,
687 1882 888 1923 iustitium
919 1882 1060 1930 edicit,
1097 1882 1234 1924 claudi
1264 1882 1454 1923 tabernas
1486 1888 1571 1923 tota
1600 1881 1702 1923 urbe

297 1960 314 1985 :5
340 1942 471 1992 iubet,
498 1949 610 1984 vetat
629 1958 880 1998 quemquam
903 1944 1088 1999 privatae
1112 1944 1334 1998 quicquam
1358 1944 1418 1985 rei
1442 1958 1577 1999 agere,
1615 1950 1702 1984 tum

339 2006 588 2060 quicumque
613 2014 746 2049 aetate
777 2008 941 2049 militari
971 2015 1127 2057 essent,
1166 2008 1311 2049 armati
1342 2022 1436 2048 cum
1467 2007 1630 2048 cibariis
1661 2007 1702 2047 in

339 2069 427 2109 dies
452 2070 634 2123 quinque
660 2070 786 2112 coctis
811 2070 1012 2124 vallisque
1039 2070 1238 2112 duodenis
1264 2076 1358 2111 ante
1384 2069 1482 2111 solis
1508 2083 1700 2110 occasum

339 2130 492 2172 Martio
522 2132 564 2172 in
595 2133 984 2187 campohadessent3
1021 2132 1172 2186 quibus
1205 2139 1317 2174 aetas
1354 2132 1407 2173 ad
1442 2131 1700 2172 militandum

337 2193 502 2248 gravior
526 2201 653 2243 esset,
685 2195 821 2235 vicino
846 2195 982 2244 militi,
1015 2195 1113 2235 dum
1138 2195 1173 2236 is
1198 2210 1310 2235 arma
1335 2200 1497 2249 pararet
1527 2193 1700 2234 vallum-

339 2269 418 2308 que
442 2262 617 2310 peteret,
650 2256 803 2298 cibaria
827 2271 1003 2310 coquere
1027 2256 1158 2297 iussit.
1210 2256 1269 2297 sic
1292 2256 1484 2297 iuventus
1510 2255 1700 2296 discurrit

338 2317 391 2357 ad
421 2318 575 2358 vallum
604 2319 839 2373 petendum.
891 2333 1122 2373 sumpsere,
1154 2319 1262 2359 unde
1288 2318 1436 2372 cuique
1465 2317 1699 2372 proximum

337 2378 434 2429 fuit,
472 2380 704 2434 prohibitus
735 2395 856 2422 nemo
888 2387 950 2422 est
979 2381 1222 2436 inpigreque
1259 2394 1402 2422 omnes
1441 2380 1494 2421 ad
1518 2379 1698 2420 edictum

339 2441 548 2483 dictatoris
579 2449 744 2497 praesto
775 2443 901 2484 fuere.
951 2443 1045 2483 inde
1077 2443 1290 2497 conposito
1327 2442 1491 2497 agmine
1527 2456 1611 2482 non
1635 2440 1699 2481 iti-

339 2503 426 2543 neri
451 2504 584 2559 magis
611 2505 695 2559 apti
721 2519 844 2558 quam
868 2505 1043 2560 proelio,
1077 2505 1111 2546 si
1135 2520 1200 2546 res
1224 2505 1282 2546 ita
1306 2504 1486 2552 tulisset,
1512 2502 1697 2557 legiones

339 2565 426 2618 ipse
463 2566 654 2617 dictator,
692 2567 890 2621 magister
926 2567 1109 2620 equitum
1147 2581 1244 2608 suos
1281 2566 1439 2620 equites
1476 2565 1600 2605 ducit.
1654 2563 1696 2602 in

339 2633 511 2680 utroque
531 2630 695 2684 agmine
715 2645 817 2684 quas
837 2636 1000 2684 tempus
1020 2630 1156 2684 ipsum
1175 2629 1373 2685 poscebat
1393 2625 1695 2670 adhortationes

341 2698 470 2729 crant:
498 2691 693 2732 adderent
717 2693 891 2747 gradum
901 2708 911 2741 3
938 2698 1140 2733 maturato
1166 2707 1269 2746 opus
1296 2705 1405 2740 esse,
1432 2695 1474 2730 ut
1500 2694 1618 2729 nocte
1644 2686 1694 2726 ad
