1780 3204
450 283 602 318 LIBER
627 283 672 327 V,
697 282 750 317 49.
770 283 824 316 50.
853 284 900 326 [a.
916 280 1049 324 C.390]
1347 270 1429 312 299

77 389 190 430 urbis
211 394 250 429 et
270 394 414 428 natura
435 387 651 440 inaequali,
679 392 718 426 et
736 385 883 434 omnia,
911 399 1015 438 quae
1036 390 1120 425 arte
1134 383 1230 425 belli
1250 383 1430 424 secunda

80 446 164 486 suis
190 444 285 499 eligi
316 444 600 498 praepararive
630 449 834 496 poterant,
867 441 1054 495 providit.
1117 439 1226 482 Galli
1257 455 1364 480 nova
1387 454 1430 480 re

80 501 225 555 trepidi
255 516 368 541 arma
398 500 564 554 capiunt
592 499 733 551 iraque
764 498 896 552 magis
927 512 1050 550 quam
1082 497 1252 537 consilio
1282 497 1324 536 in
1349 496 1433 536 Ro-

79 572 222 597 manos
247 557 470 597 incurrunt.
524 556 605 595 iam
631 560 806 595 verterat
830 555 1005 602 fortuna,
1032 554 1113 593 iam
1139 554 1306 593 deorum
1332 566 1431 606 opes

79 614 339 665 humanaque
382 612 551 652 consilia
586 626 672 651 rem
708 611 937 651 Romanam
980 609 1241 650 adiuvabant.
1309 609 1434 663 igitur

80 670 210 723 primo
248 684 450 709 concursu
485 668 596 708 haud
632 667 783 707 maiore
826 672 1032 706 momento
1068 665 1151 706 fusi
1188 664 1298 706 Galli
1340 670 1432 705 sunt

79 741 205 776 quam
230 725 282 765 ad
306 724 448 765 Aliam
473 724 665 764 vicerant.

164 781 338 821 Iustiore
364 780 489 821 altero
515 780 662 820 deinde
686 779 841 833 proelio
866 778 918 819 ad
942 785 1133 819 octavum
1151 777 1330 832 lapidem
1350 775 1435 817 Ga-

81 837 177 878 bina
195 837 273 885 via,
300 851 380 890 quo
402 851 445 877 se
465 851 515 876 ex
534 836 636 890 fuga
655 835 921 883 contulerant,
949 834 1133 875 eiusdem
1153 834 1278 874 ductu
1298 833 1435 887 auspi-

81 893 225 945 cioque
241 892 405 934 Camilli
418 892 646 932 vincuntur.
684 891 739 931 ibi
755 891 901 931 caedes
922 891 1057 931 onmia
1077 889 1262 931 obtinuit.
1301 896 1434 930 castra

84 949 319 1003 capiuntur,
352 955 391 989 et
414 963 465 988 ne
490 948 655 988 nuntius
682 948 848 1000 quidem
875 947 1001 987 cladis
1033 947 1210 986 relictus.
1265 946 1437 986 dictator
1464 960 1478 965 ⁸

80 1012 318 1059 recuperata
343 1020 394 1045 ex
417 1004 604 1045 hostibus
630 1004 761 1057 patria
786 1003 1041 1056 triumphans
1072 1003 1114 1042 in
1138 1002 1285 1043 urbem
1314 1002 1432 1050 redit,

82 1062 265 1114 interque
290 1061 401 1102 iocos
426 1061 634 1108 militares,
661 1074 764 1112 quos
784 1059 1014 1099 inconditos
1040 1059 1205 1107 iaciunt,
1232 1058 1434 1098 Romulus

81 1131 129 1157 ac
153 1132 300 1171 parens
325 1117 478 1171 patriae
504 1116 768 1169 conditorque
800 1115 901 1156 alter
930 1115 1042 1155 urbis
1067 1115 1178 1154 haud
1209 1114 1324 1154 vanis
1350 1113 1437 1153 lau-

82 1173 202 1214 dibus
228 1172 522 1227 appellabatur.

168 1228 383 1270 Servatam
413 1228 560 1268 deinde
590 1227 697 1268 bello
728 1227 902 1281 patriam
932 1227 1079 1266 iterum
1115 1226 1157 1265 in
1192 1239 1294 1279 pace
1325 1224 1435 1265 haud

81 1284 204 1326 dubie
236 1284 430 1333 servavit,
468 1299 562 1324 cum
598 1283 804 1338 prohibuit
835 1282 1001 1337 migrari
1032 1281 1159 1323 Veios
1193 1289 1232 1322 et
1262 1281 1435 1321 tribunis

81 1356 167 1381 rem
196 1341 390 1380 intentius
421 1339 638 1394 agentibus
669 1345 764 1393 post
799 1339 1009 1379 incensam
1039 1338 1184 1379 urbem
1221 1346 1260 1378 ct
1290 1352 1362 1391 per
1393 1352 1437 1377 se

82 1396 275 1437 inclinata
300 1396 431 1450 magis
456 1395 576 1450 plebe
602 1395 654 1436 ad
683 1395 726 1436 id
757 1395 986 1436 consilium.
1047 1409 1177 1448 eaque
1209 1409 1334 1435 causa
1358 1393 1435 1433 fuit

82 1468 164 1494 non
187 1452 438 1493 abdicandae
463 1460 557 1506 post
583 1451 834 1506 triumphum
860 1451 1103 1500 dictaturae,
1143 1457 1288 1492 senatu
1318 1450 1436 1491 obse-

83 1514 232 1558 crante,
257 1523 308 1549 ne
334 1523 420 1549 rem
443 1508 652 1563 publicam
676 1509 720 1548 in
743 1508 898 1549 incerto
923 1508 1169 1560 relinqueret
1195 1514 1315 1548 statu.

166 1565 219 1605 L.
271 1564 471 1606 Omnium
496 1564 692 1618 primum,
730 1571 775 1604 ut
800 1572 885 1604 erat
910 1564 1249 1619 diligentissimus
1274 1562 1438 1618 religio-

83 1636 180 1662 num
205 1621 352 1670 cultor,
390 1635 495 1674 quae
521 1622 573 1661 ad
603 1621 701 1661 deos
732 1620 966 1661 inmortales
998 1619 1254 1674 pertinebant
1284 1619 1439 1660 rettulit

84 1684 123 1718 et
154 1684 318 1718 senatus
351 1677 583 1718 consultum
614 1676 730 1726 facit,
768 1676 865 1716 fana
895 1676 1049 1725 omnia,
1087 1676 1198 1729 quod
1229 1690 1277 1716 ea
1307 1675 1437 1715 hostis

84 1734 354 1788 possedisset,
391 1733 717 1781 restituerentur,
754 1733 1068 1772 terminarentur
1098 1732 1439 1785 expiarenturque

86 1789 346 1842 expiatioque
383 1803 523 1829 eorum
553 1789 595 1828 in
624 1788 738 1829 libris
775 1803 848 1842 per
883 1788 1121 1828 duumviros
1158 1794 1439 1840 quaereretur3

88 1860 180 1885 cum
207 1843 448 1884 Caeretibus
474 1844 697 1897 hospitium
722 1844 884 1897 publice
910 1844 1041 1892 fieret,
1080 1844 1191 1896 quod
1222 1857 1339 1883 sacra
1368 1858 1440 1896 po-

87 1900 174 1954 puli
204 1899 380 1939 Romani
411 1914 459 1939 ac
490 1900 722 1940 sacerdotes
752 1900 1004 1952 recepissent
1034 1899 1314 1952 beneficioque
1352 1899 1438 1939 eius

88 1955 230 2010 populi
265 1970 348 1995 non
383 1955 639 1996 intermissus
677 1956 806 1996 honos
844 1956 966 1995 deum
998 1955 1274 1995 inmortalium
1310 1962 1437 2004 esset3

89 2011 175 2052 ludi
207 2010 429 2064 Capitolini
464 2011 625 2060 fierent,
664 2011 774 2063 quod
804 2011 989 2065 Iuppiter
1019 2011 1198 2065 optimus
1235 2011 1440 2052 maximus

91 2082 208 2108 suam
239 2067 379 2107 sedem
416 2073 536 2119 atque
573 2081 708 2107 arcem
744 2067 886 2121 populi
916 2067 1095 2107 Romani
1129 2067 1172 2107 in
1206 2082 1248 2108 re
1284 2067 1442 2121 trepida

1466 970 1473 987 d

91 2129 244 2163 tutatus
271 2129 390 2171 esset,
418 2123 716 2178 collegiumque
742 2124 793 2163 ad
813 2138 903 2163 eam
920 2138 1007 2164 rem
1025 2122 1086 2163 M.
1101 2123 1250 2164 Furius
1271 2124 1443 2164 dictator
1471 2154 1475 2157 ⁴

92 2179 355 2219 constitueret
380 2194 431 2218 ex
454 2179 517 2228 iis,
544 2179 613 2232 qui
637 2179 680 2219 in
706 2178 910 2233 Capitolio
936 2186 1057 2232 atque
1083 2194 1174 2220 arce
1199 2179 1441 2220 habitarent.

93 2235 318 2288 expiandae
344 2235 465 2275 etiam
490 2235 601 2276 vocis
627 2244 865 2285 nocturnae,
898 2250 1003 2289 quae
1027 2236 1170 2276 nuntia
1195 2236 1321 2277 cladis
1349 2243 1442 2276 ante

93 2290 245 2331 bellum
272 2289 476 2332 Gallicum
502 2292 641 2331 audita
665 2291 931 2346 neglectaque
957 2298 1084 2340 esset,
1122 2292 1273 2332 mentio
1304 2292 1441 2341 inlata,

93 2347 332 2400 iussumque
363 2347 559 2401 templum
590 2347 632 2387 in
655 2347 773 2388 Nova
803 2348 870 2388 via
893 2348 976 2389 Aio
1007 2349 1186 2389 Locutio
1216 2349 1316 2389 fieri.
1372 2364 1444 2389 au-

93 2418 202 2452 rum,
240 2403 351 2456 quod
377 2402 509 2444 Gallis
535 2411 717 2457 ereptum
750 2411 835 2444 erat
860 2405 1051 2457 quodque
1083 2420 1133 2445 ex
1159 2405 1248 2445 aliis
1280 2405 1443 2459 templis

93 2459 197 2499 inter
216 2459 526 2513 trepidationem
546 2460 587 2499 in
606 2460 717 2500 Iovis
736 2460 880 2501 cellam
901 2461 1119 2510 conlatum,
1147 2475 1252 2510 cum,
1278 2461 1321 2501 in
1339 2475 1444 2513 quae

93 2515 234 2556 referri
259 2522 473 2569 oporteret,
500 2516 672 2557 confusa
696 2517 891 2557 memoria
912 2523 1031 2565 esset,
1060 2532 1221 2558 sacrum
1245 2532 1364 2558 omne
1384 2517 1445 2557 iu-

94 2572 273 2612 dicatum
299 2578 338 2612 et
363 2571 439 2612 sub
463 2572 575 2621 Iovis
608 2572 708 2613 sella
737 2573 834 2626 poni
864 2573 1034 2613 iussum.
1095 2573 1176 2613 iam
1207 2580 1299 2614 ante
1329 2573 1372 2614 in
1396 2588 1444 2615 eo

93 2628 238 2683 religio
264 2628 438 2668 civitatis
465 2635 725 2682 apparuerat,
752 2630 880 2682 quod,
907 2644 1001 2670 cum
1025 2629 1068 2669 in
1092 2629 1256 2683 publico
1283 2630 1445 2671 deesset

94 2699 258 2733 aurum,
295 2699 346 2724 ex
377 2699 458 2737 quo
484 2700 645 2725 summa
674 2692 817 2739 pactae
849 2685 1047 2726 mercedis
1075 2684 1207 2726 Gallis
1238 2686 1443 2736 confieret,

95 2755 118 2781 a
131 2740 324 2781 matronis
339 2740 546 2781 conlatum
565 2748 817 2796 acceperant,
845 2748 889 2782 ut
909 2756 1024 2783 sacro
1044 2757 1141 2783 auro
1161 2741 1443 2784 abstineretur.
