1780 3204
409 245 562 280 LIBER
588 246 623 285 Ι,
651 244 769 278 1314.
800 246 848 286 [a.
867 244 906 277 c.
923 243 1115 285 75:3-717]
1383 232 1430 271 17

78 367 199 392 mam.
249 352 305 391 ita
329 350 536 405 geminata
559 347 678 397 urbe,
712 354 756 387 ut
783 345 950 388 Sabinis
977 354 1114 386 tamen
1139 344 1294 398 aliquid
1317 343 1434 384 dare·
1459 356 1478 383 5

78 423 154 461 tur,
171 412 353 465 Quirites
369 410 582 452 aCuribus
598 409 802 464 appellati.
829 414 1141 449 monumentum
1154 407 1241 447 eius
1255 419 1433 460 pugnae,

79 475 150 515 ubi
180 474 356 528 primum
390 487 442 513 ex
470 471 677 526 profunda
701 485 885 511 emersus
910 470 1061 525 palude
1087 483 1239 523 equum
1265 467 1434 509 Curtius

83 537 125 576 in
151 536 257 576 vado
284 534 442 583 statuit,
471 533 661 574 Curtium
685 532 820 573 lacum
846 531 1113 586 appellarunt.

163 597 232 637 Ex
256 596 364 638 bello
390 602 474 636 tam
499 594 604 636 tristi
628 594 736 634 laeta
759 600 926 648 repente
950 608 1032 647 pax
1058 593 1235 634 cariores
1258 590 1434 632 Sabinas
1462 602 1479 631 6

78 659 175 699 viris
201 673 248 699 ae
272 656 510 712 parentibus
536 663 575 697 et
600 663 693 696 ante
719 670 861 696 omnes
886 654 1065 695 Romulo
1096 654 1176 708 ipsi
1204 653 1314 694 fecit.
1363 652 1439 692 ita-

79 736 176 774 que,
215 735 309 761 cum
345 718 543 773 populum
579 718 621 758 in
658 717 790 758 curias
822 716 989 771 triginta
1018 715 1236 764 divideret,
1271 714 1438 755 nomina

80 797 221 823 earum
247 781 368 822 curiis
409 780 602 834 inposuit.
651 780 694 819 id
717 794 799 820 non
824 779 1014 827 traditur,
1048 793 1142 819 cum
1172 778 1273 818 haut
1313 776 1437 817 dubie
1464 788 1480 817 7

80 844 287 897 aliquanto
312 857 506 883 numerus
531 841 662 881 maior
685 840 763 881 hoo
793 840 1009 879 mulierum
1042 839 1183 888 fuerit,
1222 845 1354 880 aetate
1385 853 1439 878 an

79 904 347 960 dignitatibus
373 903 458 944 suis
483 903 716 943 virorumve
742 916 794 942 an
820 909 926 942 sorte
951 901 1080 941 lectae
1107 901 1204 949 sint,
1236 915 1341 954 quae
1365 914 1437 940 no-

79 967 190 1007 mina
214 966 336 1007 curiis
361 966 517 1006 darent.

163 1028 326 1070 Eodem
357 1034 539 1081 tempore
569 1032 609 1066 et
633 1024 838 1065 centuriae
864 1031 945 1064 tres
973 1024 1156 1076 equitum
1183 1024 1437 1077 conscriptae
1463 1033 1482 1062 ὅ

80 1097 191 1132 sunt:
227 1090 485 1130 Ramnenses
517 1087 568 1128 ab
593 1086 789 1134 Romulo,
822 1085 873 1126 ab
900 1086 949 1126 T.
977 1085 1098 1126 Tatio
1129 1085 1336 1126 Titienses
1369 1100 1440 1139 ap-

77 1151 234 1205 pellati,
272 1151 483 1191 Lucerum
513 1148 689 1189 nominis
727 1154 767 1188 et
803 1147 972 1202 originis
1010 1162 1135 1188 causa
1170 1147 1326 1187 incerta
1363 1154 1437 1186 est.

77 1213 170 1253 inde
195 1227 278 1252 non
302 1212 424 1253 modo
450 1225 680 1259 commune,
709 1209 781 1251 sed
807 1224 977 1251 concors
998 1209 1122 1250 etiam
1141 1223 1314 1264 regnum
1337 1208 1438 1249 duo-

77 1274 153 1315 bus
178 1273 345 1328 regibus
371 1273 461 1314 fuit.

159 1335 313 1377 XIIII.
349 1335 454 1376 Post
477 1335 633 1389 aliquot
658 1350 787 1376 annos
812 1334 1033 1390 propinqui
1057 1334 1166 1389 regis
1194 1333 1304 1374 Tatii
1327 1333 1439 1387 lega-
1468 1349 1481 1377 1

79 1406 140 1440 tos
165 1397 439 1439 Laurentium
463 1397 646 1452 pulsant,
680 1411 856 1450 cumque
881 1397 1115 1437 Laurentes
1140 1396 1227 1436 iure
1253 1395 1438 1450 gentium

78 1467 262 1516 agerent,
292 1460 403 1515 apud
427 1460 596 1501 Tatium
621 1460 754 1515 gratia
779 1474 948 1500 suorum
974 1466 1014 1499 et
1037 1473 1180 1513 preces
1205 1457 1298 1512 plus
1323 1464 1440 1511 pote—

77 1530 179 1563 rant.
228 1522 353 1577 igitur
386 1522 549 1563 illorum
584 1537 763 1576 poenam
797 1522 840 1562 in
878 1536 921 1562 se
957 1521 1096 1561 vertit:
1138 1536 1235 1560 nam
1270 1519 1436 1567 Lavini,

80 1599 172 1625 cum
203 1585 256 1625 ad
287 1584 484 1625 sollemne
516 1584 761 1626 sacrificium
794 1599 842 1625 eo
867 1584 1068 1633 venisset,
1101 1598 1304 1625 concursu
1328 1582 1439 1623 facto

82 1646 330 1687 interficitur.
380 1661 470 1687 eam
494 1661 582 1687 rem
606 1647 742 1688 minus
769 1661 891 1701 aegre
917 1661 1042 1699 quam
1067 1646 1239 1701 dignum
1265 1652 1351 1686 erat
1376 1652 1440 1684 tu—
1466 1659 1484 1687 :3

81 1708 178 1749 lisse
208 1708 433 1749 Romulum
464 1709 620 1758 ferunt,
660 1724 734 1750 seu
765 1708 817 1750 ob
849 1708 1018 1748 infidam
1050 1708 1288 1748 societatem
1324 1707 1441 1761 regni

81 1784 155 1810 seu
179 1770 275 1822 quia
299 1769 397 1810 haut
433 1770 581 1811 iniuria
605 1785 772 1811 caesum
798 1769 1001 1811 credebat.
1056 1769 1195 1822 itaque
1220 1768 1328 1809 bello
1353 1768 1443 1820 qui-

82 1831 176 1872 dem
212 1830 427 1881 abstinuit3
465 1839 511 1872 ut
540 1839 679 1873 tamen
709 1833 970 1886 expiarentur
1004 1831 1234 1886 legatorum
1269 1830 1442 1870 iniuriae

81 1893 273 1947 regisque
298 1893 464 1943 caedes,
490 1894 638 1935 foedus
663 1894 769 1934 inter
787 1894 964 1935 Romam
984 1893 1292 1946 Laviniumque
1316 1891 1440 1933 urbes

82 1961 323 1995 renovatum
348 1961 422 1996 est.

166 2015 224 2056 Et
259 2030 352 2056 cum
387 2016 450 2057 his
481 2017 647 2070 quidem
678 2018 886 2071 insperata
915 2031 997 2071 pax
1029 2023 1132 2057 erat:
1170 2016 1282 2057 aliud
1311 2015 1441 2057 multo
1466 2031 1486 2058 4

84 2078 251 2132 propius
277 2086 399 2131 atque
423 2079 466 2118 in
490 2079 591 2133 ipsis
616 2093 745 2133 prope
770 2079 897 2133 portis
924 2078 1079 2119 bellum
1111 2086 1259 2119 ortum.
1318 2078 1442 2118 Fide-

82 2148 197 2180 nates
222 2140 344 2180 nimis
370 2140 525 2181 vicinas
550 2155 678 2195 prope
699 2155 742 2181 se
763 2141 1048 2181 convalescere
1067 2155 1166 2194 opes
1186 2140 1281 2189 rati,
1308 2140 1442 2194 prius-

83 2216 207 2254 quam
238 2210 397 2242 tantum
426 2201 585 2243 roboris
611 2209 738 2252 esset,
771 2209 969 2256 quantum
995 2202 1179 2242 futurum
1205 2201 1441 2256 apparebat,

84 2270 286 2317 occupant
309 2263 464 2304 bellum
495 2264 644 2305 facere.
694 2264 906 2305 iuventute
931 2272 1088 2305 armata
1102 2264 1283 2304 immissa
1307 2270 1444 2304 vasta-

83 2332 149 2364 tur
173 2325 261 2379 agri
286 2325 397 2378 quod
420 2326 525 2366 inter
548 2325 693 2366 urbem
718 2340 766 2367 ac
784 2326 964 2367 Fidenas
985 2333 1059 2367 est.
1096 2326 1190 2366 inde
1211 2326 1263 2366 ad
1282 2325 1442 2366 laevam
1469 2340 1487 2368 ,5

84 2387 204 2435 versi,
232 2386 328 2439 quia
347 2387 491 2428 dextra
506 2387 669 2429 Tiberis
690 2387 866 2436 arcebat,
895 2403 988 2428 cum
1008 2403 1159 2442 magna
1172 2387 1442 2441 trepidatione

84 2448 309 2503 agrestium
333 2449 592 2503 populantur,
619 2450 901 2503 tumultusque
925 2465 1073 2504 repens
1100 2465 1151 2490 ex
1176 2450 1285 2504 agris
1310 2449 1352 2489 in
1377 2465 1444 2490 ur-

84 2510 176 2551 bem
192 2510 338 2551 inlatus
364 2525 438 2565 pro
462 2512 605 2552 nuntio
625 2511 715 2552 fuit.
753 2513 911 2553 excitus
932 2512 1154 2560 Romulus,
1181 2526 1313 2565 neque
1333 2511 1442 2552 enim
1469 2525 1486 2554 6

84 2571 321 2612 dilationem
356 2573 441 2626 pati
478 2582 562 2614 tam
598 2574 779 2614 vicinum
817 2574 969 2615 bellum
1000 2580 1178 2628 poterat,
1218 2573 1443 2614 exercitum

85 2633 238 2680 educit,
272 2641 405 2675 castra
430 2650 454 2676 a
477 2635 647 2676 Fidenis
672 2635 782 2676 mille
807 2650 1006 2689 passuum
1030 2635 1149 2676 locat.
1200 2635 1256 2676 ibi
1281 2635 1442 2675 modico
1469 2648 1485 2676 7

85 2695 288 2749 pracsidio
313 2696 454 2738 relicto
480 2712 672 2752 egressus
699 2697 890 2739 omnibus
917 2698 1044 2752 copiis
1069 2703 1227 2752 partem
1253 2697 1440 2746 militum,

157 2773 220 2799 Lm
242 2774 294 2799 rol.
311 2772 332 2799 Ι.
1195 2763 1216 2796 2

1464 1535 1482 1563 [θ
