1835 3226
246 802 264 831 '0

298 244 376 285 15ss
584 248 737 283 LIBER
762 247 836 291 III,
862 246 1007 280 33-35.
1035 248 1082 289 [a.
1097 257 1131 280 u.
1147 258 1176 281 c.
1191 246 1268 280 303.
1286 248 1372 289 304]

294 354 500 395 decemvir
542 353 651 392 diem
696 349 833 391 Sestio
881 349 984 389 dixit
1026 355 1066 389 et
1107 355 1322 390 accusator
1363 349 1415 390 ad
1456 352 1653 406 populum

293 416 425 458 extitit
459 415 576 455 cuius
607 413 667 454 rei
698 412 824 452 iudex
847 411 1056 466 legitimus
1089 418 1175 452 erat
1200 412 1460 465 decessitque
1492 427 1544 453 ex
1566 414 1653 455 iure

294 492 386 526 suo,
408 483 452 517 ut
467 477 679 529 demptum
700 475 750 515 de
765 474 806 514 vi
819 474 1087 529 magistratus
1106 474 1250 528 populi
1267 473 1447 515 libertati
1461 474 1653 516 adiceret.

376 538 629 580 XXXIIII.
681 537 791 579 Cum
815 544 1053 592 promptum
1078 537 1157 578 hoc
1186 537 1250 578 ius
1275 537 1388 578 velut
1413 552 1465 578 ex
1489 539 1654 581 oraculo

292 603 574 656 incorruptum
599 600 751 655 pariter
775 599 827 641 ab
857 599 908 641 iis
941 600 1092 640 summi
1115 599 1341 654 infimique·
1357 600 1529 650 ferrent,
1568 608 1655 641 tum

290 664 453 720 legibus
497 663 722 705 condendis
760 677 885 717 opera
920 661 1107 703 dabatur.
1166 662 1405 717 ingentique
1441 662 1655 703 hominum

291 726 596 781 exspectatione
622 725 843 780 propositis
869 725 1012 765 decem
1037 724 1188 766 tabulis
1213 724 1411 779 populum
1431 725 1483 765 ad
1502 725 1656 766 contio-

290 804 384 829 nem
416 789 723 830 advocaverunt
754 794 812 837 et,
850 787 961 841 quod
990 786 1146 828 bonum
1176 787 1360 828 faustum
1392 787 1572 841 felixque
1596 788 1656 828 rei

290 850 498 906 publicae,
530 851 632 905 ipsis
657 850 880 904 liberisque
905 864 1047 891 eorum
1073 857 1200 900 esset,
1231 850 1290 891 ire
1315 857 1355 891 et
1378 850 1516 905 legere
1540 850 1655 905 leges

290 913 522 968 propositas
547 913 726 962 iussere3
759 927 821 962 se,
848 918 1048 965 quantum
1073 912 1216 953 decem
1241 911 1455 953 hominurn
1479 912 1655 968 ingeniis

290 975 496 1030 provideri
520 975 716 1030 potuerit,
751 974 963 1024 omnibus,
996 974 1169 1015 summis
1194 974 1446 1028 infimisque,
1472 974 1563 1015 iura
1587 989 1655 1016 ae-

293 1053 462 1091 quasse,
500 1038 592 1092 plus
618 1037 772 1092 pollere
797 1037 1020 1078 multorum
1051 1037 1218 1092 ingenia
1249 1037 1515 1090 consiliaque.
1563 1052 1655 1078 ver-

293 1106 430 1140 sarent
453 1100 496 1140 in
521 1100 668 1141 animis
695 1114 836 1140 secum
861 1114 1196 1153 unamquamque
1220 1114 1326 1149 rem,
1359 1099 1561 1154 agitarent
1585 1100 1656 1140 de-

291 1162 386 1202 inde
413 1162 670 1203 sermonibus
697 1169 819 1214 atque
844 1161 886 1201 in
910 1162 1105 1211 medium,
1132 1162 1232 1215 quid
1256 1162 1299 1202 in
1317 1176 1479 1215 quaque
1498 1176 1542 1202 re
1560 1161 1654 1216 plus

292 1223 481 1264 minusve
507 1230 629 1272 esset,
657 1223 901 1264 conferrent.
951 1237 1021 1264 eas
1046 1223 1161 1278 leges
1187 1223 1423 1264 habiturum
1454 1224 1652 1277 populum

291 1284 538 1334 Romanum,
566 1300 668 1338 quas
695 1299 922 1326 consensus
949 1285 1132 1326 omnium
1152 1300 1232 1326 non
1252 1285 1425 1326 iussisse
1444 1285 1547 1326 latas
1568 1300 1654 1325 ma-

291 1347 355 1402 gis
381 1362 505 1400 quarn
531 1348 674 1388 tulisse
699 1347 829 1387 videri
853 1354 1006 1401 posset.
1603 1344 1606 1348 ’

379 1409 488 1450 Cum
519 1409 572 1450 ad
602 1424 786 1450 rumores
817 1409 1032 1450 hominum
1063 1409 1113 1449 de
1145 1423 1392 1462 unoquoque
1422 1408 1562 1464 legum
1588 1424 1655 1449 ca-

292 1471 375 1526 pite
400 1472 531 1512 cditos
558 1472 656 1512 satis
689 1478 894 1512 correctae
919 1471 1172 1520 viderentur,
1210 1471 1445 1511 centuriatis
1479 1470 1652 1512 comitiis

292 1534 435 1574 decem
462 1533 693 1574 tabularum
718 1533 831 1588 leges
856 1533 1036 1587 perlatae
1063 1539 1175 1581 sunt,
1213 1547 1318 1586 quae
1349 1547 1458 1573 nunc
1489 1547 1653 1586 quoquc

293 1596 334 1635 in
370 1595 449 1635 hoc
485 1595 673 1636 inmenso
705 1595 877 1635 aliarum
909 1609 1033 1649 super
1068 1595 1168 1635 alias
1200 1601 1482 1635 acervatarum
1513 1595 1653 1649 legum

250 1672 264 1699 ῖ
293 1656 456 1697 cumulo
482 1657 574 1697 fons
602 1657 735 1698 omnis
760 1656 916 1711 publici
945 1656 1176 1711 privatique
1207 1663 1269 1697 est
1299 1657 1412 1697 iuris.
1461 1657 1654 1712 vulgatur

247 2290 265 2319 Ιξκ

291 1719 438 1759 deinde
468 1734 625 1767 rumor,
664 1719 767 1759 duas
799 1719 944 1759 deesse
976 1717 1156 1767 tabulas,
1194 1717 1345 1770 quibus
1377 1718 1546 1758 adiectis
1583 1718 1655 1759 ab-

293 1780 396 1821 solvi
421 1795 544 1835 posse
570 1780 682 1820 velut
707 1795 855 1834 corpus
882 1780 1014 1821 omnis
1039 1780 1219 1820 Romani
1248 1780 1361 1820 iuris.
1411 1794 1459 1820 ea
1484 1794 1655 1834 exspec-

292 1843 409 1892 tatio,
449 1857 542 1883 cum
580 1843 667 1883 dies
705 1842 965 1883 comitiorum
1001 1842 1365 1896 adpropinquaret,
1404 1841 1652 1882 desiderium

293 1904 547 1945 decemviros
574 1905 721 1945 iterum
747 1904 913 1945 creandi
937 1903 1047 1944 fecit.
1095 1903 1179 1944 iam
1202 1903 1339 1958 plebs,
1366 1910 1653 1957 praeterquam

291 1967 402 2020 quod
433 1967 649 2007 consulum
679 1981 831 2007 nomen
860 1966 973 2007 haud
1010 1980 1128 2007 secus
1166 1980 1291 2020 quam
1326 1980 1471 2020 regum
1506 1980 1655 2019 perosa

292 2036 394 2078 crat,
426 2044 478 2069 ne
504 2028 765 2070 tribunicium
792 2028 960 2082 quidem
985 2028 1184 2068 auxilium
1209 2027 1450 2068 cedentibus
1476 2027 1654 2068 invicem

293 2091 566 2146 appellatione
593 2091 836 2132 decemviris
863 2090 1100 2144 quaerebat.

377 2153 577 2195 XXXV.
626 2153 856 2206 Postquam
882 2168 980 2193 vero
1006 2152 1170 2193 comitia
1195 2151 1439 2193 decemviris
1465 2152 1652 2192 creandis

291 2216 333 2255 in
364 2215 516 2256 trinum
546 2216 775 2256 nundinum
807 2215 960 2255 indicta
992 2221 1104 2264 sunt,
1142 2220 1256 2254 tanta
1286 2213 1438 2254 exarsit
1468 2213 1651 2262 ambitio,

292 2284 336 2317 ut
361 2277 560 2332 primores
586 2292 750 2331 quoque
771 2277 947 2317 civitatis
973 2301 1028 2306 --
1053 2282 1177 2325 metu,
1204 2276 1339 2324 credo,
1366 2290 1418 2316 ne
1437 2275 1539 2315 tanti
1558 2289 1654 2329 pos-

294 2340 422 2380 sessio
446 2340 609 2395 imperii
633 2354 765 2380 vacuo
797 2338 848 2380 ab
881 2353 924 2380 se
955 2338 1096 2379 relicto
1126 2338 1218 2379 loco
1248 2338 1359 2378 haud
1385 2337 1484 2378 satis
1516 2337 1652 2392 dignis

291 2407 449 2456 pateret
472 2427 527 2432 —
550 2408 791 2457 prensarent
814 2401 1020 2450 homines,
1046 2400 1245 2441 honorem
1272 2415 1433 2440 summa
1457 2413 1535 2454 ope
1560 2415 1584 2440 a
1609 2414 1652 2440 sc

293 2464 567 2518 inpugnatum
598 2463 649 2505 ab
682 2478 731 2504 ea
754 2462 892 2518 plebe,
926 2478 1020 2503 cum
1046 2477 1128 2516 qua
1153 2462 1466 2511 contenderant,
1499 2461 1653 2515 suppli-

250 2539 267 2568 3
295 2525 393 2565 citer
416 2531 615 2580 petentes.
665 2525 837 2566 dimissa
867 2524 949 2564 iam
979 2525 1021 2564 in
1052 2524 1272 2564 discrimen
1303 2523 1481 2578 dignitas
1513 2537 1562 2563 ea
1586 2537 1652 2563 ae-

293 2593 374 2627 tate
398 2587 530 2641 iisque
555 2587 780 2629 honoribus
807 2587 907 2627 actis
934 2586 1171 2627 stimulabat
1195 2585 1382 2640 Appium
1410 2584 1629 2625 Claudium
1639 2599 1649 2631 3

294 2649 492 2699 nescires,
530 2656 669 2690 utrum
693 2650 798 2690 inter
822 2649 1078 2689 decemviros
1105 2664 1157 2689 an
1180 2648 1286 2688 inter
1311 2647 1551 2688 candidatos
1575 2658 1650 2682 nu-

252 2723 270 2750 4
296 2724 486 2751 mcrares.
541 2712 707 2766 propior
736 2711 941 2752 interdum
977 2711 1154 2766 petendo
1191 2724 1315 2765 quam
1350 2707 1530 2763 gerendo
1563 2719 1649 2745 ma-
