1780 3204
436 269 589 305 LIBER
613 268 668 313 11,
693 267 750 302 44.
778 269 829 312 [a.
847 266 1094 310 (3.452-450]
1362 255 1442 296 105

171 374 472 417 XXXXHH.
521 373 579 414 Et
608 373 675 414 hic
706 388 838 414 annus
864 371 1073 413 tribunum
1104 375 1312 411 auctorem
1335 368 1441 424 legis

85 440 269 495 agrariae
306 437 467 478 habuit:
506 435 599 477 Tib.
630 434 873 476 Pontificius
911 434 999 474 fuit.
1047 433 1083 474 is
1115 432 1288 473 eandem
1318 431 1442 480 viam,

85 502 197 543 velut
220 500 492 556 processisset
519 497 591 552 Sp.
619 498 803 546 Licinio,
835 497 1047 551 ingressus
1094 495 1289 535 dilectum
1312 493 1445 548 pauli-

86 579 180 618 sper
204 562 402 618 impediit.
450 560 698 616 perturbatis
723 560 871 600 iterum
895 557 1100 613 patribus,
1125 556 1290 611 Appius
1319 554 1444 596 Clau-

85 627 177 667 dius
205 626 356 666 victam
381 623 640 664 tribuniciam
665 628 913 677 potestatem
938 621 1072 661 dicere
1096 619 1231 674 priore
1257 633 1376 667 anno,
1402 618 1446 658 in

84 687 317 743 praesentia
334 701 390 735 re,
418 685 606 739 exemplo
626 685 666 724 in
686 690 942 738 perpetuum,
969 683 1133 735 quando
1153 682 1362 722 inventum
1379 680 1442 730 sit,

86 750 171 790 suis
197 749 331 803 ipsam
356 747 512 788 viribus
538 746 709 787 dissolvi
718 762 728 795 ;
765 759 898 798 neque
924 745 1033 785 enim
1057 759 1255 797 umquam
1280 743 1445 784 defutu-

84 827 193 861 rum,
232 811 302 864 qui
327 818 367 851 et
391 825 443 851 ex
468 810 626 864 collega
651 808 865 849 victoriam
890 807 970 848 sibi
994 813 1034 848 et
1057 807 1234 862 gratiam
1263 806 1444 847 melioris

84 873 210 928 partis
236 873 344 914 bono
368 871 535 927 publico
560 871 658 911 velit
683 870 924 923 quaesitam,
952 876 992 910 et
1016 869 1169 923 plures,
1197 869 1232 910 si
1255 868 1443 923 pluribus

84 950 188 989 opus
215 935 283 983 sit,
316 934 500 974 tribunos
526 933 578 973 ad
603 932 800 972 auxilium
827 931 1041 972 consulum
1066 938 1231 985 paratos
1257 931 1365 979 fore,
1404 936 1444 971 et

84 1012 213 1037 unum
237 996 303 1036 vel
328 996 525 1036 adversus
552 1009 694 1035 omnes
721 994 819 1034 satis
840 1008 945 1034 esse.
983 993 1127 1034 darent
1145 993 1268 1034 modo
1288 999 1328 1033 et
1348 1007 1443 1033 con-

85 1059 194 1099 sules
221 1065 260 1098 et
284 1057 483 1112 primores
504 1063 666 1111 patrum
687 1071 865 1110 operam,
893 1062 950 1104 ut,
978 1055 1013 1095 si
1031 1055 1168 1095 minus
1189 1070 1344 1103 omncs,
1371 1055 1445 1095 ali-

84 1135 187 1174 quos
219 1127 357 1160 tamen
387 1134 439 1159 ex
469 1119 642 1159 tribunis
672 1118 732 1158 rei
762 1117 951 1171 publicae
983 1131 1030 1157 ac
1062 1117 1223 1157 senatui
1253 1116 1445 1157 concilia-

83 1189 184 1222 rent.
232 1181 461 1236 praeceptis
486 1179 616 1234 Appii
646 1179 789 1220 moniti
819 1185 957 1233 patres
990 1185 1030 1218 et
1059 1178 1241 1219 universi
1272 1178 1442 1219 comitcr

83 1258 131 1284 ac
161 1243 337 1298 benigne
368 1242 555 1283 tribunos
587 1241 812 1295 appellare,
851 1247 891 1281 et
921 1240 1179 1290 consulares,
1217 1247 1263 1280 ut
1294 1240 1442 1293 cuique

83 1320 224 1346 eorum
241 1305 433 1359 privatim
452 1304 606 1357 aliquid
624 1304 723 1344 iuris
745 1304 945 1344 adversus
961 1303 1148 1358 singulos
1168 1310 1266 1352 erat,
1293 1303 1443 1357 partim

82 1368 215 1422 gratia
243 1367 392 1421 partim
430 1366 670 1407 auctoritate
707 1365 938 1415 obtinuere,
976 1372 1021 1406 ut
1056 1365 1297 1406 tribuniciae
1328 1372 1444 1420 pote-

83 1431 198 1473 statis
218 1429 325 1469 vires
347 1428 532 1469 salubres
558 1428 710 1468 vellent
733 1428 793 1469 rei
816 1427 1006 1482 publicae
1033 1443 1142 1469 esse:
1169 1435 1442 1481 quattuorque

82 1493 337 1534 tribunorum
362 1491 560 1531 adversus
586 1505 732 1539 unum,
770 1497 1018 1531 moratorem
1042 1490 1198 1545 publici
1223 1489 1441 1539 commodi,

83 1554 233 1596 auxilio
259 1554 451 1594 dilectum
477 1552 667 1593 consules
692 1552 857 1593 habent.
906 1552 1001 1593 inde
1028 1553 1081 1593 ad
1106 1552 1261 1593 Veiens
1287 1552 1442 1593 bellum

82 1617 268 1672 profecti,
295 1631 376 1669 quo
401 1616 582 1668 undiquc
608 1630 661 1656 ex
676 1615 846 1656 Etruria
870 1615 1023 1655 auxilia
1048 1622 1335 1664 convenerant,
1361 1629 1444 1655 non

83 1687 167 1720 tam
190 1679 427 1720 Veientium
452 1678 585 1733 gratia
617 1678 821 1718 concitata
850 1692 976 1731 quam
1001 1678 1113 1731 quod
1136 1678 1178 1717 in
1203 1692 1320 1731 spem
1344 1691 1444 1717 ven-

84 1748 172 1781 tum
191 1748 289 1789 erat,
316 1740 521 1780 discordia
540 1740 735 1780 intestina
758 1739 930 1780 dissolvi
948 1754 1035 1780 rem
1048 1739 1280 1780 Romanam
1298 1753 1442 1792 posse3

85 1802 371 1857 principesque
395 1802 438 1841 in
462 1802 646 1842 omnium
663 1801 856 1841 Etruriae
880 1801 1126 1855 populorum
1153 1798 1335 1841 conciliis
1361 1800 1442 1840 fre-

85 1863 264 1912 mebant,
291 1870 476 1904 aeternas
502 1878 600 1917 opes
627 1878 718 1904 esse
737 1863 962 1912 Romanas,
988 1863 1068 1903 nisi
1091 1863 1197 1903 inter
1216 1869 1346 1903 semet
1363 1862 1444 1916 ipsi

88 1924 358 1966 seditionibus
384 1924 580 1965 saeviant.
629 1924 671 1964 id
696 1940 824 1964 unum
848 1939 1071 1973 venenum,
1105 1939 1196 1965 eam
1226 1923 1362 1965 labem
1388 1924 1445 1964 ci-

87 1986 283 2027 vitatibus
315 1986 520 2041 opulentis
549 1992 771 2040 repertam,
809 1992 854 2026 ut
884 2001 1036 2041 magna
1070 1985 1227 2040 inperia
1256 1985 1445 2026 mortalia.

88 2054 238 2089 essent.
293 2048 364 2088 diu
400 2055 674 2089 sustentatum
709 2048 751 2088 id
787 2047 942 2088 malum
976 2048 1125 2102 partim
1154 2054 1318 2103 patrum
1349 2062 1445 2089 con-

90 2110 190 2151 siliis
209 2110 358 2164 partim
382 2110 578 2165 patientia
602 2109 734 2164 plebis
760 2110 842 2150 iarn
861 2110 915 2150 ad
933 2117 1116 2151 extrema
1134 2110 1314 2151 venisse:
1340 2110 1443 2151 duas

89 2172 274 2213 civitates
294 2187 346 2212 ex
363 2187 446 2212 una
466 2172 610 2220 factas,
638 2186 734 2212 suos
756 2171 903 2225 cuique
922 2172 1028 2226 parti
1040 2172 1319 2227 magistratus,
1346 2187 1443 2213 suas

89 2233 202 2289 leges
228 2248 331 2275 esse.
379 2234 559 2288 primum
588 2234 631 2274 in
655 2233 872 2275 dilectibus
899 2234 1056 2274 saevire
1082 2234 1243 2283 solitos,
1275 2234 1442 2275 eosdem

90 2295 130 2335 in
155 2295 262 2336 bello
286 2302 426 2336 tamen
448 2296 636 2350 paruisse
662 2295 854 2345 ducibus,
881 2296 1172 2349 qualicumque
1196 2295 1310 2337 urbis
1337 2302 1446 2337 statu

90 2364 280 2398 manente
305 2357 521 2412 disciplina
545 2358 709 2398 militari
730 2358 820 2398 sisti
837 2358 1020 2412 potuisse
1029 2375 1040 2407 ;
1065 2359 1149 2399 iam
1172 2373 1255 2399 non
1271 2359 1444 2413 parendi

90 2419 398 2473 magistratibus
423 2434 579 2460 morem
603 2420 645 2460 in
670 2426 804 2460 castra
828 2434 992 2474 quoque
1010 2420 1248 2461 Romanum
1271 2421 1443 2461 militem

91 2481 219 2533 sequi.
256 2481 443 2535 proximo
468 2481 576 2522 bello
600 2481 642 2521 in
666 2481 756 2536 ipsa
781 2482 879 2531 acic,
906 2482 949 2522 in
971 2482 1062 2536 ipso
1088 2483 1321 2533 certamine,
1348 2497 1444 2524 con-

91 2556 216 2583 sensu
252 2543 454 2584 exercitus
490 2544 680 2584 traditam
716 2544 821 2585 ultro
857 2545 1072 2585 victoriam
1113 2545 1233 2586 victis
1268 2544 1442 2598 Aequis,

91 2604 210 2659 signa
240 2605 420 2655 deserta,
457 2605 744 2660 imperatorem
775 2606 818 2646 in
848 2607 934 2647 acie
964 2607 1168 2656 relictum,
1205 2607 1366 2648 iniussu
1400 2607 1443 2648 in

89 2672 224 2707 castra
245 2667 434 2708 reditum.
477 2668 674 2721 profecto,
703 2668 738 2708 si
762 2668 947 2718 instetur,
975 2683 1049 2710 suo
1074 2669 1203 2710 milite
1228 2669 1336 2710 vinci
1360 2669 1444 2710 Ro-

89 2743 200 2769 mam
224 2743 360 2784 posse.
396 2729 497 2770 nihil
523 2730 635 2771 aliud
660 2745 763 2785 opus
790 2745 881 2772 6556
906 2745 1029 2785 quam
1055 2732 1179 2773 indici
1199 2732 1442 2786 ostendique

1471 383 1481 410 1

1469 569 1487 597 ¹0

1469 1567 1486 1595 *l

1471 2248 1509 2277 10

1471 2497 1508 2525 11

1471 2683 1507 2713 12
