1780 3204
408 254 561 289 LIBER
584 254 674 299 vn,
699 253 825 288 11.12.
854 255 902 298 [a.
918 252 955 288 0.
969 253 1164 298 361-35s]
1383 243 1460 286 361

117 359 239 401 simul
264 374 356 400 cum
380 359 429 399 iis
455 358 559 399 intra
582 365 721 413 portas
747 357 1042 413 conpelluntur,
1092 357 1256 413 egregie
1287 372 1382 399 cum
1412 357 1463 399 ab
1489 369 1508 399 8

117 422 314 463 dictatore
350 429 436 461 tum
473 420 524 461 ab
556 420 723 461 consule
753 435 818 461 res
849 426 967 475 gesta
998 426 1072 460 est.
1122 426 1162 461 et
1191 420 1335 461 consul
1365 419 1466 461 alter

115 483 271 525 Fabius
314 483 476 538 proeliis
519 483 695 537 primum
737 483 892 537 parvis,
941 489 1149 537 postremo
1190 497 1273 523 una
1314 482 1466 537 insigni

114 560 272 600 pugna,
310 560 403 585 cum
439 544 578 585 hostes
615 544 709 585 totis
746 544 876 585 adorti
907 544 1034 598 copiis
1066 551 1222 593 essent,
1259 544 1464 585 Hernicos

116 607 306 648 devincit.
356 606 528 647 dictator
558 605 796 647 consulibus
827 606 869 646 in
901 613 1045 646 senatu
1070 612 1110 647 et
1134 606 1243 660 apud
1266 606 1463 660 populum
1491 617 1509 647 9

114 669 332 723 magnifice
369 668 622 708 conlaudatis
659 675 699 708 et
735 683 902 709 suarum
933 682 1097 721 quoque
1125 682 1263 708 rerum
1292 668 1372 708 illis
1402 682 1466 708 re-

114 731 241 771 misso
266 730 419 771 honore
445 730 644 770 dictatura
669 744 712 770 se
743 729 960 771 abdicavit.
1011 729 1221 770 Poetelius
1253 730 1304 771 de
1331 728 1463 771 Gallis

115 791 439 844 Tiburtibusque
470 791 681 846 geminum
711 791 965 845 triumphum
990 792 1091 846 egit,
1122 791 1254 832 Fabio
1281 792 1378 832 satis
1405 792 1464 832 vi-

115 868 224 903 sum,
256 860 302 893 ut
326 868 453 894 ovans
479 852 623 893 urbem
646 852 776 893 iniret.
826 853 1000 893 inridere
1024 852 1184 894 Poeteli
1214 853 1464 907 triumphum
1492 866 1529 896 10

114 914 327 955 Tiburtes:
366 914 435 955 ubi
466 915 574 955 enim
605 929 698 954 eum
725 929 865 955 secum
896 915 982 955 acie
1014 915 1273 956 conflixisse?
1308 921 1467 969 specta-

113 984 221 1018 tores
246 991 399 1031 paucos
425 977 549 1031 fugae
574 976 937 1030 trepidationisque
959 975 1173 1018 Gallorum
1194 983 1308 1017 extra.
1326 983 1464 1031 portas

113 1053 322 1093 egressos,
349 1047 568 1093 postquam
588 1039 630 1078 in
649 1053 693 1079 se
713 1053 876 1092 quoque
895 1039 983 1079 fieri
1001 1039 1200 1093 impetum
1225 1039 1400 1079 viderint
1426 1045 1466 1079 et

113 1101 199 1141 sine
236 1101 468 1141 discrimine
500 1100 643 1141 obvios
675 1100 808 1149 caedi,
844 1100 1050 1154 recepisse
1087 1115 1131 1140 se
1166 1101 1272 1140 intra
1306 1100 1463 1141 urbem.

111 1177 203 1202 eam
238 1177 325 1202 rem
361 1161 567 1217 triumpho
603 1162 770 1216 dignam
806 1162 938 1202 visam
974 1161 1187 1202 Romanis.
1247 1176 1299 1202 ne
1340 1162 1461 1202 nimis
1490 1175 1525 1204 11

110 1225 260 1264 mirum
296 1238 575 1278 magnumque
613 1230 825 1264 censerent
862 1223 1083 1263 tumultum
1120 1223 1280 1264 exciere
1314 1223 1358 1263 in
1392 1223 1466 1264 ho·

111 1286 235 1326 stium
265 1286 412 1339 portis,
450 1286 646 1326 maiorem
675 1285 789 1339 ipsos
821 1285 1135 1340 trepidationem
1172 1292 1265 1326 ante
1302 1286 1465 1327 moenia

111 1362 186 1388 sua
210 1347 384 1388 visuros.

192 1409 299 1450 XII.
359 1409 505 1462 Itaque
547 1409 779 1462 insequenti
821 1424 927 1450 anno
963 1409 1025 1450 M.
1062 1409 1225 1465 Popilio
1261 1410 1462 1459 Laenate,
1493 1425 1505 1452 1

111 1471 188 1513 Cn.
219 1471 380 1512 Manlio
418 1471 656 1512 consulibus
691 1472 824 1526 primo
863 1472 1023 1513 silentio
1061 1473 1192 1513 noctis
1224 1472 1275 1514 ab
1309 1472 1463 1514 Tibure

110 1534 273 1589 agmine
298 1533 447 1575 infesto
473 1533 646 1588 profecti
671 1534 723 1574 ad
747 1533 891 1575 urbem
917 1534 1095 1575 Romam
1119 1541 1331 1575 venerunt.
1382 1541 1461 1574 ter-

108 1611 242 1638 rorem
272 1603 438 1651 repente
464 1611 516 1637 ex
541 1611 686 1637 somno
712 1597 898 1637 excitatis
926 1597 1061 1638 subita
1085 1612 1150 1638 res
1177 1604 1215 1637 et
1240 1604 1464 1637 nocturnus

108 1673 237 1712 pavor
265 1657 471 1712 praebuit,
509 1658 561 1699 ad
591 1658 670 1698 hoc
699 1658 921 1699 multorum
952 1659 1132 1707 inscitia,
1165 1658 1235 1711 qui
1261 1665 1331 1699 aut
1355 1658 1464 1698 unde

108 1720 248 1761 hostes
269 1719 543 1760 advenissent.
587 1719 889 1760 conclamatum
908 1726 1046 1760 tamen
1066 1719 1250 1760 celeriter
1275 1720 1326 1760 ad
1351 1735 1465 1760 arma
1490 1732 1508 1761 3

110 1788 190 1830 est,
229 1789 268 1821 et
297 1787 439 1835 portae
477 1780 720 1821 stationibus
758 1781 945 1834 murique
975 1781 1190 1835 praesidiis
1221 1781 1388 1831 firmati3
1426 1788 1466 1822 et

109 1842 182 1883 ubi
204 1842 336 1896 prima
365 1842 437 1882 lux
466 1842 716 1882 mediocrem
746 1842 1048 1883 multitudinem
1080 1850 1173 1883 ante
1203 1843 1365 1884 moenia
1393 1857 1465 1883 ne-

111 1919 191 1958 que
217 1904 342 1944 alium
361 1918 486 1957 quam
505 1904 720 1945 Tiburtem
740 1904 901 1945 hostem
927 1905 1123 1955 ostendit,
1150 1905 1310 1947 duabus
1336 1906 1463 1960 portis

111 1966 268 2021 egressi
299 1965 487 2007 consules
517 1966 723 2019 utrimque
755 1967 885 2007 aciem
917 1966 1222 2007 subeuntium
1211 1983 1294 2008 lam
1323 1982 1463 2009 muros

111 2028 423 2083 adgrediuntur.
455 2028 741 2082 appaluitque,
768 2028 983 2069 occasione
1008 2029 1140 2084 magis
1167 2043 1291 2082 quam
1315 2029 1464 2071 11111110
1489 2041 1509 2070 4

112 2084 240 2125 fretos
276 2084 459 2133 1011155ος
503 2084 605 2125 adeo
640 2084 711 2124 xix
745 2084 923 2138 primum
953 2085 1152 2139 impetum
1182 2085 1464 2126 Romanorum

113 2145 355 2186 sustinuere.
404 2145 503 2198 quin
540 2145 661 2186 etiam
697 2145 806 2186 bono
842 2145 971 2186 fuisse
1006 2146 1205 2188 Romanis
1243 2147 1464 2187 adxentum

113 2220 253 2247 eorum
285 2206 498 2247 constabat
523 2207 801 2260 orientemque
826 2207 907 2247 iam
934 2207 1174 2248 seditionem
1198 2209 1304 2249 inter
1326 2215 1463 2263 patres

112 2274 152 2307 et
175 2267 339 2322 plebem
363 2275 474 2308 metu
499 2274 582 2308 tam
606 2269 824 2323 propinqui
848 2268 945 2310 belli
971 2284 1248 2323 conpressam.

195 2328 317 2370 Alius
343 2329 543 2371 adventus
569 2330 750 2371 hostium
774 2330 853 2371 fuit
877 2331 1062 2385 proximo
1088 2330 1195 2372 bello
1221 2332 1330 2387 agris
1350 2332 1464 2373 terri·
1489 2344 1506 2375 5

111 2391 230 2432 bilior
255 2405 378 2444 quam
402 2390 512 2432 urbi:
543 2391 825 2446 populabundi
844 2392 1164 2446 Tarquinienses
1189 2393 1291 2435 fines
1310 2393 1463 2435 Roma·
1489 2408 1507 2438 (3

112 2467 200 2502 nos,
227 2453 404 2493 maxime
425 2467 506 2506 qua
525 2467 575 2493 ex
594 2460 709 2507 parte
722 2453 930 2494 Etruriam
951 2454 1150 2503 adiacent,
1177 2469 1461 2510 peragravere.

111 2514 321 2567 rebusque
345 2514 594 2567 nequiquam
618 2515 800 2569 repetitis
825 2515 922 2556 novi
947 2516 1136 2557 consules
1162 2516 1211 2557 iis
1239 2516 1287 2558 C.
1305 2517 1461 2559 Fabius

112 2582 150 2616 ct
176 2575 224 2617 C.
251 2576 438 2616 Plautius
463 2576 579 2617 iussu
603 2577 746 2631 populi
770 2576 925 2617 bellum
949 2577 1149 2628 indixere,
1175 2578 1389 2633 Fabioque
1414 2593 1463 2621 ea

110 2638 338 2692 provincia,
364 2637 528 2678 Plautio
556 2638 727 2679 Hernici
752 2653 937 2679 evenere.

197 2697 346 2740 Gallici
383 2713 546 2753 quoque
582 2699 677 2741 belli
714 2699 825 2741 fama
859 2700 1198 2743 increbrescebat.
1249 2702 1322 2744 sed
1356 2702 1461 2746 inter
1486 2717 1503 2746 7

1487 1546 1505 1575 10
