1780 3204
412 257 565 291 LIBER
588 257 719 302 VIIII,
744 258 775 291 2.
794 257 825 292 3.
854 260 902 301 [a.
918 257 956 292 C.
970 257 1052 301 321]
1331 248 1414 290 443

67 361 321 404 obiacentem
346 361 495 401 molem
520 361 723 401 invenere.
763 375 856 401 eum
881 360 993 402 fraus
1018 361 1178 403 hostilis
1204 362 1415 417 apparuis-

68 431 146 473 set,
178 423 427 479 praesidium
459 423 578 463 etiam
609 423 651 463 in
677 438 838 464 summo
865 423 970 463 saltu
995 424 1254 478 conspicitur.
1304 424 1415 464 citati
1442 432 1483 461 10

65 487 159 527 inde
178 495 297 535 retro,
319 501 398 539 qua
420 492 625 534 venerant,
646 492 821 540 pergunt
845 493 1027 540 repetere
1050 486 1167 527 viam.
1205 501 1296 527 eam
1315 501 1416 540 quo-

67 563 145 602 que
172 548 353 588 clausam
386 563 459 588 sua
485 547 600 588 obice
633 547 838 600 armisque
868 547 1092 588 inveniunt.
1143 548 1291 589 sistunt
1321 549 1415 589 inde

65 611 238 665 gradum
266 610 351 650 sine
377 609 498 649 ullius
524 609 707 663 imperio,
735 616 958 663 stuporque
984 610 1166 650 omnium
1192 610 1348 651 animos
1368 625 1415 651 ac

66 672 176 712 velut
201 678 337 726 torpor
362 671 525 724 quidam
552 671 740 711 insolitus
767 670 950 711 membra
976 678 1102 720 tenet,
1129 672 1413 726 intuentesque
1443 681 1479 709 11

66 733 135 774 alii
159 733 271 782 alios,
293 748 387 773 eum
407 733 578 773 alterum
598 733 773 786 quisque
800 739 1016 787 conpotem
1040 734 1173 788 magis
1199 735 1347 775 mentis
1368 749 1415 775 ac

67 794 225 835 consilii
250 795 455 843 ducerent,
483 794 553 834 diu
577 793 791 835 inmobiles
818 794 950 835 silent.
973 795 1135 841 {deinde
1160 795 1231 836 ubi
1254 804 1415 850 praeto-
1442 803 1481 832 12

66 857 125 897 ria
151 857 365 897 consulum
386 857 487 911 erigi
506 857 644 897 videre
665 863 703 897 et
723 857 914 911 expedire
934 858 1135 910 quosdam
1157 858 1270 898 utilia
1289 859 1414 912 operi,

69 933 320 972 quamquam
349 918 526 959 ludibrio
556 918 643 958 fore
674 919 902 959 munientes
928 919 1096 973 perditis
1121 919 1243 960 rebus
1270 935 1316 960 ac
1342 934 1414 974 spe

64 982 175 1021 omni
207 981 398 1035 adempta
429 981 665 1031 cernebant,
698 989 852 1031 tamen,
884 998 935 1023 ne
961 983 1122 1037 eulpam
1147 984 1264 1024 malis
1291 984 1415 1025 adde-
1443 992 1482 1022 13

62 1049 169 1091 rent,
200 1057 274 1096 pro
301 1057 344 1083 se
369 1043 543 1096 quisque
576 1058 650 1084 nee
682 1043 868 1084 hortante
899 1044 982 1084 ullo
1013 1059 1087 1084 nec
1113 1045 1337 1099 imperante
1363 1046 1415 1086 ad

63 1104 329 1145 muniendum
354 1105 463 1145 versi
493 1112 625 1146 eastra
650 1112 815 1160 propter
840 1120 989 1158 aquam
1017 1106 1121 1146 vallo
1147 1107 1412 1156 circumdant,

64 1182 137 1207 sua
162 1168 241 1222 ipsi
267 1183 389 1222 opera
413 1168 676 1221 laboremque
700 1168 877 1216 inritum,
903 1174 1189 1222 praeterquam
1208 1169 1318 1221 quod
1341 1169 1415 1210 ho-
1442 1178 1481 1207 14

63 1235 145 1269 stes
174 1229 348 1283 superbe
372 1229 648 1283 increpabant,
677 1243 770 1269 eum
795 1229 1018 1270 miserabili
1044 1229 1302 1270 confessione
1329 1230 1414 1271 elu-

62 1289 216 1330 dentes.
266 1291 318 1330 ad
350 1290 539 1330 consules
571 1297 769 1339 maestos,
806 1304 858 1330 ne
889 1290 1139 1331 advocantes
1177 1291 1343 1344 quidem
1373 1292 1414 1332 in
1442 1302 1481 1330 15

61 1351 288 1400 eonsilium,
315 1352 478 1404 quando
504 1366 578 1392 nec
599 1352 768 1392 consilio
787 1366 862 1392 nec
883 1352 1035 1393 auxilio
1060 1352 1175 1393 loeus
1196 1361 1317 1402 esset,
1339 1369 1412 1394 sua

62 1420 205 1467 sponte
230 1413 355 1468 legati
380 1428 427 1454 ac
452 1413 604 1455 tribuni
629 1414 889 1463 conveniunt,
917 1415 1148 1468 militesque
1175 1416 1227 1456 ad
1250 1423 1412 1470 praeto-

61 1476 167 1516 rium
192 1476 300 1517 versi
325 1490 464 1530 opem,
497 1491 620 1529 quam
646 1477 716 1516 vix
741 1477 796 1517 dii
820 1477 1057 1518 inmortales
1083 1478 1188 1519 ferre
1212 1485 1412 1533 poterant,

64 1537 114 1578 ab
140 1538 314 1579 ducibus
341 1545 580 1593 exposcunt.

143 1600 223 1640 ΠΙ.
268 1599 499 1652 Querentes
525 1601 657 1655 magis
684 1615 807 1654 quam
834 1601 1112 1642 consultantes
1138 1616 1219 1642 nox
1246 1616 1414 1656 oppres-
1442 1616 1455 1645 1

61 1664 124 1713 sit,
152 1678 244 1704 eum
268 1678 342 1717 pro
367 1665 532 1717 ingenio
553 1664 727 1716 quisque
752 1663 985 1712 fremerent,
1013 1664 1135 1704 alius:
1164 1668 1254 1718 ‘per
1273 1664 1411 1704 obices

60 1725 244 1773 viarumss
271 1725 393 1765 alius:
422 1729 512 1778 ‘per
531 1725 705 1765 adversa
729 1725 942 1773 montium,
962 1740 1035 1779 per
1055 1725 1191 1773 silvas,
1212 1739 1292 1777 qua
1316 1724 1413 1765 ferri

61 1801 173 1826 arma
197 1792 399 1839 poterunt,
426 1800 580 1826 eamus.
630 1786 752 1826 modo
778 1786 831 1826 ad
855 1786 1015 1826 hostem
1040 1786 1252 1840 pervenire
1277 1786 1409 1835 liceat,

61 1862 182 1900 quem
201 1861 274 1901 per
292 1862 421 1887 annos
446 1847 526 1887 iam
546 1862 673 1902 prope
693 1847 858 1901 triginta
877 1848 1098 1897 vineimus3
1125 1848 1261 1888 omnia
1281 1863 1412 1901 aequa

62 1917 100 1949 et
126 1909 248 1962 plana
274 1916 390 1948 erunt
414 1908 602 1949 Romano
632 1909 675 1948 in
698 1909 900 1962 perfidum
928 1907 1156 1950 Samnitem
1185 1910 1411 1964 pugnanti,'

62 1971 183 2011 alius:
218 1974 317 2023 ‘quo
343 1976 412 2010 aut
437 1984 519 2023 qua
545 1971 712 2011 eamus?
741 1985 840 2010 num
866 1978 1025 2011 montes
1052 1971 1185 2011 moliri
1216 1971 1312 2012 sede
1339 1986 1411 2012 sua
1439 1986 1456 2016 3

60 2032 278 2086 paramus?
314 2032 412 2072 dum
438 2032 537 2072 haec
562 2032 818 2073 inminebunt
843 2033 957 2088 iuga,
991 2047 1071 2086 qua
1096 2039 1141 2073 tu
1165 2033 1219 2073 ad
1250 2033 1410 2074 hostem

60 2094 226 2135 venies?
256 2095 401 2134 armati
426 2094 614 2143 inermes,
641 2094 768 2135 fortes
794 2095 945 2149 ignavi,
971 2095 1123 2149 pariter
1141 2110 1282 2136 omnes
1303 2097 1412 2150 capti

62 2163 185 2209 atque
205 2156 302 2196 vieti
322 2171 477 2196 sumus.
515 2171 566 2196 ne
585 2156 738 2196 ferrum
759 2157 925 2210 quidem
951 2157 1003 2197 ad
1027 2156 1130 2198 bene
1155 2157 1411 2198 moriendum

62 2217 272 2259 oblaturus
299 2225 360 2258 est
384 2217 527 2266 hostis,
550 2217 696 2258 sedens
722 2217 874 2259 bellum
895 2218 1107 2259 conficiet.'
1148 2219 1211 2259 his
1236 2219 1411 2260 invicem
1437 2235 1457 2263 4

63 2279 318 2320 sermonibus
339 2294 420 2333 qua
440 2279 519 2320 cibi
545 2294 625 2332 qua
644 2280 792 2333 quietis
812 2280 1013 2321 inmemor
1030 2295 1113 2321 nox
1131 2281 1317 2322 traducta
1336 2288 1409 2322 est.

145 2341 206 2381 Ne
229 2339 483 2382 Samnitibus
510 2342 676 2394 quidem
702 2342 919 2382 eonsilium
943 2342 987 2382 in
1010 2349 1094 2382 tam
1118 2342 1235 2383 laetis
1262 2358 1412 2398 suppe-

61 2402 172 2443 tebat
196 2402 332 2443 rebus.
381 2402 518 2456 itaque
542 2403 723 2444 universi
747 2403 1005 2444 Herennium
1028 2403 1224 2445 Pontium
1253 2412 1408 2459 patrem

60 2463 316 2518 imperatoris
341 2479 415 2518 per
438 2464 592 2505 litteras
618 2465 918 2506 consulendum
942 2473 1121 2507 censent.
1163 2466 1246 2506 iam
1264 2467 1299 2507 is
1319 2482 1411 2522 gra·
1437 2481 1454 2510 5

62 2525 122 2566 vis
148 2526 264 2566 annis
290 2541 371 2566 non
397 2525 640 2567 militaribus
667 2527 813 2576 solum,
836 2527 908 2568 sed
927 2527 1114 2568 civilibus
1134 2542 1297 2581 quoque
1317 2528 1412 2569 abs-

61 2593 239 2627 cesserat
265 2587 521 2636 muneribus,
547 2587 589 2628 in
614 2602 782 2643 corpore
807 2595 945 2629 tamen
970 2589 1132 2630 adfecto
1156 2589 1324 2644 vigebat
1347 2590 1409 2630 vis

61 2648 186 2688 animi
217 2649 468 2702 consiliique.
517 2649 552 2689 is
584 2649 655 2690 ubi
686 2650 861 2705 accepit,
900 2651 952 2691 ad
982 2650 1164 2692 furculas
1197 2650 1407 2692 Caudinas
1434 2661 1452 2690 6

60 2710 164 2751 inter
189 2710 291 2752 duos
319 2711 446 2752 saltus
473 2711 634 2753 clausos
661 2727 751 2754 esse
777 2713 979 2754 exereitus
1000 2713 1224 2762 Romnum,
1246 2714 1408 2754 eonsul-

1437 1796 1455 1824 10
