1780 3204
1425 187 1442 194 ..α

408 198 561 233 LIBER
586 199 655 242 VI,
681 199 734 232 ⁶29.
754 198 808 232 30.
836 200 884 242 [a.
900 198 939 231 C.
954 197 1128 242 380.379]
1365 190 1447 228 334)

93 306 126 346 si
152 305 255 345 intra
282 303 444 344 moenia
469 317 511 343 se
538 302 800 356 recepissent,
827 302 1033 356 extemplo
1058 309 1242 343 ureretur
1260 315 1359 356 ager
1377 301 1448 342 de-

91 366 379 420 populatisque
411 364 601 406 omnibus
633 364 794 405 obsidio
825 363 917 404 urbi
947 363 1176 404 inferretur.
1233 364 1306 404 sed
1335 371 1448 418 post-

91 443 215 481 quam
240 427 407 481 direptis
434 427 486 467 ad
504 426 645 466 Aliam
670 425 813 466 castris
839 425 969 466 victor
987 426 1201 466 Romanus
1228 425 1379 475 aderat,
1406 425 1447 465 id

92 504 254 543 quoque
279 489 579 529 munimentum
603 488 788 528 relietum
796 504 807 537 3
833 494 873 528 et
897 487 966 527 vix
991 487 1151 528 moenia
1178 494 1265 528 tuta
1282 487 1358 528 rati
1377 503 1449 542 op-

92 552 186 605 pido
214 566 256 592 se
281 551 506 592 Praeneste
530 550 756 591 includunt.
806 561 897 590 octo
923 557 1133 604 praeterea
1159 550 1311 604 oppida
1334 557 1448 591 erant

92 613 168 654 sub
207 613 358 654 ditione
388 612 761 653 Praenestinorum.
810 612 863 652 ad
893 626 939 652 ea
965 611 1249 652 circumlatum
1280 612 1446 659 bellum,

91 675 366 729 deincepsque
396 674 507 715 haud
537 689 688 731 niagno
720 673 939 714 certamine
966 673 1095 727 captis
1121 672 1301 714 Velitras
1333 688 1448 714 exer-

92 737 194 777 citus
221 738 381 777 ductus.
419 751 490 777 eae
516 751 677 789 quoque
703 743 974 790 expugnatae.
1013 743 1100 775 tum
1126 735 1177 775 ad
1203 743 1326 790 caput
1350 735 1446 776 belli

92 799 313 839 Praeneste
338 806 518 839 ventum.
567 799 609 838 id
633 813 716 839 non
741 798 799 847 vi,
839 799 911 839 sed
936 813 1010 852 per
1034 798 1282 840 deditionem
1307 814 1448 853 recep-

92 875 177 900 tum
210 869 283 901 est.
346 860 394 900 T.
423 859 661 913 Quinctius,
700 859 827 900 semel
858 860 944 900 acie
977 860 1124 909 victor,
1162 861 1268 902 binis
1301 861 1445 901 castris

91 922 282 971 hostium,
309 938 457 963 novem
483 922 642 976 oppidis
663 922 704 962 vi
723 922 865 976 captis,
892 922 1115 963 Praeneste
1135 923 1178 963 in
1199 923 1446 963 deditionem

91 991 272 1038 accepto,
299 984 475 1025 Romam
494 984 659 1024 revertit
680 984 1018 1038 triumphansque
1040 984 1204 1039 signum
1222 984 1447 1025 Praeneste

90 1045 306 1086 devectum
337 1046 449 1087 Iovis
480 1046 744 1100 Imperatoris
776 1045 818 1085 in
851 1044 1100 1099 Capitolium
1132 1047 1234 1086 tulit.
1283 1046 1448 1086 dedica·
1474 1060 1483 1087 t

90 1119 175 1147 turn
202 1115 261 1148 est
288 1108 391 1148 inter
416 1108 559 1148 cellam
585 1107 695 1148 Iovis
722 1121 769 1147 ac
794 1106 1008 1147 Minervae
1041 1107 1262 1160 tabulaque
1295 1106 1371 1147 sub
1398 1122 1445 1147 eo

90 1169 188 1217 fixa,
226 1178 536 1210 monumentum
560 1184 697 1209 rerum
721 1175 950 1222 gestarum,
987 1168 1050 1209 his
1076 1169 1205 1209 ferme
1230 1168 1359 1209 ineisa
1383 1169 1447 1208 lit-

89 1231 183 1270 teris
210 1230 303 1270 fuit:
332 1231 534 1284 ‘Iuppiter
557 1238 679 1283 atque
705 1230 789 1270 divi
814 1245 956 1271 omnes
982 1230 1059 1271 hoc
1086 1231 1297 1280 dederunt,
1324 1238 1369 1270 ut
1396 1230 1444 1271 T.

90 1291 307 1344 Quinctius
333 1293 504 1332 dictator
529 1293 679 1346 oppida
704 1307 853 1332 novem
880 1293 1068 1346 caperet.'
1123 1293 1187 1334 dic
1218 1293 1444 1333 vicensimo

87 1368 210 1406 quarn
235 1360 394 1394 creatus
421 1362 505 1394 erat
531 1355 732 1395 dictatura
759 1370 802 1395 se
828 1354 1045 1395 abdicavit.

170 1415 327 1456 XXX.
379 1415 557 1457 Comitia
582 1416 676 1457 inde
701 1416 841 1457 habita
866 1416 1123 1457 tribunorum
1148 1417 1324 1458 militum
1349 1432 1446 1458 con-

89 1477 210 1517 sulari
236 1484 452 1532 potestate,
479 1478 630 1532 quibus
657 1486 857 1532 aequatus
882 1480 1147 1533 patriciorum
1171 1479 1446 1534 plebeiorum-

87 1555 165 1593 que
190 1556 398 1582 numerus.
448 1556 498 1582 ex
522 1542 707 1596 patribus
734 1542 859 1582 creati
884 1542 932 1582 P.
960 1550 997 1583 et
1026 1542 1074 1583 C.
1094 1542 1243 1583 Manlii
1269 1557 1363 1582 eum
1388 1543 1441 1582 L.

87 1602 210 1652 Iulio,
247 1603 389 1657 plebes
423 1603 471 1644 C.
500 1602 737 1653 Sextilium,
776 1603 837 1644 M.
863 1603 1098 1653 Albinium,
1136 1605 1189 1644 L.
1216 1604 1445 1644 Antistium

1474 1306 1512 1334 10

87 1665 211 1705 dedit.
248 1665 431 1714 Manliis,
458 1666 569 1719 quod
593 1681 742 1721 genere
768 1666 966 1720 plebeios,
993 1667 1126 1722 gratia
1145 1666 1298 1706 Iulium
1319 1666 1446 1706 antei·
1473 1679 1489 1705 :3

89 1726 198 1774 bant,
230 1726 374 1767 Volsci
398 1727 609 1780 provincia.
633 1728 721 1768 sine
747 1734 873 1777 sorte,
907 1728 995 1768 sine
1020 1728 1308 1782 conparatione
1334 1735 1447 1768 extra

89 1788 274 1828 ordinem
298 1788 410 1836 data,
438 1788 553 1829 cuius
579 1799 619 1829 et
642 1789 755 1842 ipsos
780 1790 1000 1844 postmodo
1027 1796 1067 1830 et
1090 1797 1245 1844 patres,
1279 1789 1350 1842 qui
1377 1789 1447 1829 de-

89 1850 244 1898 derant,
270 1850 481 1903 paenituit.
518 1850 773 1904 inexplorato
797 1851 1038 1905 pabulatum
1064 1852 1251 1893 cohortes
1277 1851 1444 1900 rnisere3

90 1910 238 1964 quibus
264 1910 377 1951 velut
401 1911 708 1961 circumventis,
746 1927 839 1953 cum
864 1913 907 1953 id
930 1913 1037 1954 falso
1068 1913 1300 1954 nuntiatum
1325 1920 1445 1962 esset,

91 1974 188 2013 dum
218 1973 423 2027 praesidio
454 1979 498 2013 ut
529 1981 666 2014 essent
697 1974 806 2015 citati
838 1975 1041 2025 feruntur,
1079 1991 1130 2017 ne
1162 1983 1326 2017 auctore
1357 1976 1446 2029 qui-

91 2036 184 2075 dem
210 2035 440 2083 adservato,
467 2035 537 2088 qui
563 2050 632 2076 eos
658 2036 787 2077 hostis
807 2037 985 2078 Latinus
1010 2053 1084 2092 pro
1111 2038 1237 2079 milite
1257 2038 1445 2079 Romano

92 2097 310 2138 frustratus
342 2104 445 2146 erat,
483 2097 562 2151 ipsi
592 2097 633 2137 in
662 2098 832 2140 insidias
869 2100 1201 2154 praecipitavere.
1255 2100 1313 2142 ibi
1348 2100 1451 2140 dum'

92 2158 230 2212 iniquo
254 2159 345 2200 loco
371 2160 459 2200 sola
483 2160 631 2200 virtute
655 2160 832 2201 militum
849 2168 1050 2204 restantes
1071 2163 1246 2204 caedunt
1270 2163 1447 2204 caedun-

94 2228 250 2273 turque,
277 2227 411 2262 castra
434 2221 594 2262 interim
613 2222 802 2264 Romana
825 2223 1000 2265 iacentia.
1023 2225 1064 2265 in
1084 2240 1228 2280 campo
1248 2225 1300 2266 ab
1320 2225 1447 2266 altera

94 2290 206 2337 parte
231 2283 370 2325 hostes
394 2284 593 2325 invasere.
642 2285 694 2326 ab
720 2285 894 2328 ducibus
920 2287 1139 2342 utrubique
1169 2289 1355 2343 proditae
1386 2295 1446 2330 te·-

94 2344 279 2385 meritate
309 2351 432 2398 atque
461 2345 623 2386 inscitia
652 2361 730 2388 res.
786 2348 986 2401 quidquid
1023 2349 1224 2404 superfuit
1259 2350 1447 2391 fortunae

94 2406 234 2460 populi
257 2406 454 2456 Romani,
478 2407 522 2447 id
545 2408 719 2449 militum
745 2409 867 2450 etiam
893 2410 979 2451 sine
1003 2418 1160 2453 rectore
1186 2411 1342 2453 stabilis
1367 2412 1448 2452 vir-

95 2476 160 2508 tus
186 2474 316 2509 tutata
340 2475 414 2508 est.
464 2483 568 2522 quae
595 2469 664 2510 ubi
682 2470 860 2512 Romam
885 2478 981 2513 sunt
999 2472 1139 2523 relata,
1166 2474 1344 2529 primum
1363 2474 1447 2514 dic-

95 2536 266 2569 tatorem
298 2529 377 2570 dici
407 2530 613 2584 placebat3
650 2532 816 2582 deinde,
853 2541 1075 2588 postquam
1106 2536 1268 2589 quietae
1299 2550 1364 2577 res
1396 2551 1448 2576 ex

96 2589 258 2631 Volscis
286 2591 592 2643 adferebantur,
626 2600 666 2634 et
695 2596 899 2649 apparuit,
935 2597 1093 2637 nescire
1119 2612 1190 2638 eos
1214 2597 1385 2638 victoria
1407 2604 1447 2638 et

96 2658 275 2707 tempore
297 2652 363 2697 uti,
392 2655 570 2696 revocati
590 2655 714 2696 etiam
733 2656 827 2697 inde
846 2658 1047 2700 exercitus
1068 2673 1116 2700 ac
1134 2659 1273 2709 duces,
1299 2659 1446 2700 otium-

1474 2487 1489 2516 *1
