1835 3226
365 280 418 318 93
703 280 856 314 LIBER
882 280 936 324 11,
961 280 1106 313 30--35,
1136 283 1184 323 [a.
1200 292 1233 315 u.
1250 283 1374 326 2203]

363 390 607 442 pinquorum
627 383 828 431 adhibito,
855 397 949 422 cum
969 382 1059 423 visa
1078 388 1200 435 atque
1226 383 1366 424 audita
1391 390 1430 424 et
1455 384 1718 426 obversatum

363 450 510 490 totiens
537 460 681 488 somno
706 445 870 493 Iovem,
905 444 1038 485 minas
1068 444 1232 498 irasque
1259 445 1456 487 caelestes
1482 461 1718 500 repracsen-

362 518 466 551 tatas
498 507 664 549 casibus
692 507 777 547 suis
804 506 1081 561 exposuisset,
1115 521 1320 547 consensu
1344 507 1439 547 inde
1463 507 1575 548 liaud
1599 508 1721 549 dubie

362 571 544 612 omnium
565 570 634 623 qui
654 569 822 609 aderant
841 569 882 608 in
906 568 1042 609 forum
1068 568 1120 608 ad
1145 568 1334 609 consules
1359 568 1503 610 lectica
1528 570 1719 610 defertur.

319 651 333 678 7
362 635 455 674 inde
486 633 529 672 111
559 631 714 671 curiam
745 631 862 671 iussu
893 630 1110 671 consulum
1147 630 1306 672 delatus
1345 631 1489 671 cadem
1524 631 1593 678 illa
1629 646 1721 673 cum

362 695 546 750 patribus
603 693 760 748 ingenti
796 693 979 733 omnium
1012 692 1282 733 admiratione
1340 700 1588 742 enarrasset,
1628 708 1723 734 ecce

364 758 475 798 aliud
500 756 763 796 miraculum:
790 755 861 808 qui
886 761 1030 808 captus
1056 753 1248 795 omnibus
1275 754 1470 795 membris
1496 755 1656 796 delatus
1681 755 1722 795 in

363 820 518 860 curiam
550 823 677 866 esset,
717 831 811 857 cum
842 816 1032 856 functum
1064 816 1202 857 officio
1232 815 1408 870 pedibus
1442 816 1527 857 suis
1553 817 1722 857 domum

361 883 519 923 redisse
544 881 737 922 traditum
762 879 985 920 memoriae
1011 885 1085 919 est.

445 942 692 985 XXXVII.
741 942 855 983 Ludi
881 956 1005 995 quam
1030 940 1274 995 amplissimi
1299 947 1343 981 ut
1368 940 1530 989 fierent,
1557 947 1723 981 senatus

361 1007 554 1048 decrevit.
603 1005 656 1046 ad
687 1019 758 1045 eos
788 1004 908 1044 ludos
960 1009 1126 1044 auctore
1151 1002 1269 1043 Attio
1297 1003 1433 1043 Tullio
1484 1003 1546 1043 vis
1572 1018 1724 1057 magna

319 1087 335 1110 ι
364 1069 611 1111 Volscorum
630 1068 754 1108 venit.
791 1067 1033 1121 priusquam
1053 1066 1403 1107 committerentur
1420 1066 1524 1116 ludi,
1546 1065 1721 1114 Tullius,

360 1138 405 1172 ut
424 1131 535 1172 domi
555 1129 830 1184 compositum
851 1144 945 1169 cum
958 1128 1118 1170 Marcio
1137 1128 1290 1178 fuerat,
1317 1129 1370 1169 ad
1389 1128 1579 1169 consules
1598 1128 1721 1175 venit,

318 1210 334 1235 :;
362 1194 458 1234 dicit
484 1207 594 1241 csse,
622 1206 726 1244 quae
754 1197 911 1231 secreto
936 1205 1058 1245 agere
1084 1191 1135 1231 de
1160 1205 1202 1231 re
1228 1190 1394 1245 publica
1411 1190 1521 1231 velit.
1559 1189 1721 1230 arbitris

364 1255 550 1302 remotis,
585 1252 774 1293 ‘invitus’
799 1252 931 1305 inquit
964 1253 1093 1305 ‘quod
1120 1253 1287 1305 sequius
1315 1252 1384 1301 sit,
1419 1252 1469 1292 de
1496 1252 1596 1291 meis
1623 1251 1721 1291 civi-

362 1317 440 1357 bus
466 1316 622 1369 loquor.
664 1329 747 1355 11011
772 1320 910 1354 tamen
935 1314 1163 1354 admissum
1189 1313 1410 1367 quicquam
1436 1313 1487 1353 ab
1513 1313 1563 1353 iis
1589 1312 1722 1353 crimi-

320 1409 324 1413 .
364 1385 506 1419 natum
531 1377 671 1425 venio,
700 1376 773 1417 scd
792 1382 976 1424 cautum,
1003 1390 1054 1416 ne
1075 1375 1303 1416 admittant.
1341 1375 1467 1415 nimio
1487 1374 1579 1429 plus
1599 1389 1722 1427 quam

318 1456 329 1483 ,ἵ
363 1441 485 1481 velim
509 1446 742 1480 nostrorum
767 1438 932 1493 ingenia
958 1445 1051 1478 sunt
1077 1437 1256 1478 mobilia.
1306 1437 1445 1477 multis
1470 1436 1512 1477 id
1537 1436 1722 1477 cladibus

363 1502 586 1550 sensimus,
613 1500 764 1554 quippe
785 1500 855 1553 qui
873 1515 956 1540 non
975 1507 1114 1541 nostro
1134 1500 1291 1547 merito,
1319 1499 1391 1540 sed
1411 1506 1548 1539 vestra
1566 1499 1724 1553 patien-

362 1565 418 1605 tia
448 1563 674 1603 incolumes
708 1562 848 1602 simus.
899 1576 1051 1615 magna
1080 1561 1147 1601 hie
1180 1575 1288 1601 nune
1312 1560 1561 1601 Volscorum
1586 1560 1722 1600 multi-

325 1640 334 1667 ⁷;
363 1626 460 1665 tudo
480 1631 554 1673 cst,
580 1624 666 1664 ludi
687 1630 793 1672 sunt,
822 1622 1056 1677 spectaculo
1077 1623 1232 1663 intenta
1251 1623 1395 1663 civitas
1415 1623 1501 1662 erit.
1539 1622 1721 1669 memini,

363 1687 462 1740 quid
494 1702 566 1740 per
596 1686 770 1726 eandem
802 1685 1061 1726 occasionem
1094 1685 1145 1726 ab
1174 1684 1422 1726 Sabinorum
1448 1686 1657 1726 iuventute
1682 1685 1724 1724 in

361 1750 439 1789 liae
464 1748 567 1789 urbe
593 1747 862 1788 commissum
888 1747 952 1787 sit.
1007 1746 1146 1787 horret
1170 1747 1351 1796 animus,
1383 1761 1434 1787 ne
1459 1746 1559 1799 quid
1582 1746 1724 1786 incon-

362 1811 466 1852 sulte
499 1825 545 1851 ae
577 1816 730 1850 temere
760 1809 843 1850 fiat.
892 1809 995 1850 haee
1025 1816 1165 1850 nostra
1195 1815 1414 1862 vestraque
1451 1824 1576 1850 causa
1610 1809 1724 1863 prius

320 1887 333 1913 ῖ
361 1873 534 1913 dicenda
560 1871 698 1921 vobis,
726 1870 936 1920 consules,
968 1877 1081 1912 ratus
1109 1886 1213 1911 sum.
1263 1871 1373 1924 quod
1398 1870 1451 1911 ad
1476 1885 1541 1911 me
1567 1870 1723 1919 attinet,

362 1933 568 1988 extemplo
593 1933 690 1973 hinc
715 1933 884 1973 domum
911 1932 1022 1974 abire
1048 1933 1089 1973 in
1115 1933 1251 1973 animo
1283 1939 1362 1982 est,
1401 1946 1452 1972 110
1484 1931 1599 1972 cuius
1626 1931 1724 1972 faeti

362 1996 511 2037 dictive
537 1995 781 2050 contagione
806 2009 1001 2049 praesens
1027 1994 1179 2035 violer.9
1227 1994 1329 2035 hace
1354 1994 1515 2035 locutus
1542 1993 1652 2034 abiit.

449 2057 655 2098 Consules
677 2072 771 2097 011111
792 2057 844 2097 ad
862 2063 1000 2111 patres
1020 2072 1106 2097 rem
1127 2055 1295 2097 dubiam
1322 2055 1398 2097 sub
1424 2061 1588 2096 auctore
1614 2061 1723 2096 certo

363 2119 623 2168 detulissent,
656 2125 797 2159 auctor
821 2119 974 2174 magis,
1001 2125 1046 2158 111
1070 2118 1133 2168 fit,
1160 2132 1283 2171 quam
1309 2132 1374 2158 res
1400 2118 1452 2158 ad
1476 2131 1725 2171 praecaven-

365 2182 464 2222 dum
489 2181 555 2222 vel
580 2196 631 2221 ex
657 2195 914 2234 supervacuo
939 2181 1086 2229 movit,
1114 2180 1304 2233 factoque
1331 2185 1496 2220 senatus
1523 2178 1722 2227 consulto,

364 2251 407 2285 111
435 2243 582 2285 urbem
613 2243 857 2284 excederent
887 2242 1049 2292 Volsci,
1087 2256 1310 2296 praecones
1341 2241 1617 2290 dimittuntur,
1654 2240 1723 2293 qui

320 2320 329 2346 1
364 2321 507 2348 01111105
533 2320 604 2346 005
629 2304 833 2360 proficisci
858 2310 951 2345 ante
976 2310 1140 2345 noctem
1169 2303 1369 2345 iuberent.
1418 2303 1564 2358 ingens
1595 2317 1724 2357 pavor

362 2368 494 2422 primo
526 2367 792 2409 discurrentis
825 2367 878 2408 ad
909 2381 1005 2407 suas
1036 2381 1102 2407 res
1134 2365 1334 2407 tollendas
1365 2365 1408 2406 in
1431 2365 1610 2419 hospitia
1633 2378 1724 2418 per-

366 2430 482 2479 culit,
507 2428 864 2484 proficiscentibus
885 2428 1033 2469 deinde
1053 2428 1280 2483 indignatio
1300 2427 1461 2476 oborta,
1490 2442 1533 2467 se
1559 2432 1604 2467 ut
1628 2441 1724 2467 con-

365 2491 584 2533 sceleratos
616 2491 997 2544 contaminatosque
1034 2489 1085 2531 ab
1121 2490 1229 2531 ludis
1265 2489 1384 2531 festis
1422 2488 1567 2530 diebus
1604 2495 1723 2529 coetu

364 2553 668 2605 quodammodo
717 2553 931 2594 hominum
957 2553 1209 2605 deorumque
1235 2551 1404 2592 abactos
1431 2565 1535 2591 esse.

448 2614 719 2656 XXXVIII.
753 2614 862 2656 Cum
882 2628 1010 2669 prope
1030 2614 1266 2655 continuato
1286 2613 1449 2668 agmine
1469 2613 1584 2659 irent,
1605 2623 1723 2664 prac-

364 2691 531 2728 gressus
557 2676 719 2717 Tullius
746 2677 798 2717 ad
824 2682 947 2730 caput
970 2675 1256 2724 Ferentinum,
1283 2683 1327 2714 ut
1353 2674 1526 2727 quisque
1550 2671 1720 2719 veniret,

365 2737 562 2788 primores
589 2753 729 2779 eorum
755 2738 963 2792 excipiens
989 2737 1197 2791 querendo
1216 2734 1566 2790 indignandoque,
1594 2738 1631 2773 et
1650 2746 1720 2773 eos
