1835 3226
339 272 422 314 202
695 278 846 312 LIBER
870 278 964 322 1111,
984 279 1015 313 s.
1035 279 1065 312 9.
1095 282 1142 322 [a.
1158 291 1191 314 u.
1207 291 1238 314 c.
1253 281 1336 324 311]

292 399 304 426 1
418 382 539 423 VHL
589 381 715 421 Hunc
741 396 913 430 annum,
954 396 1027 422 seu
1051 381 1238 423 tribunos
1269 383 1392 424 modo
1424 399 1498 425 seu
1523 387 1693 429 tribunis

335 445 530 485 suffectos
568 442 760 484 consules
797 457 960 497 quoque
997 443 1158 492 habuit,
1197 445 1382 498 sequitur
1418 461 1549 488 annus
1586 448 1696 490 haud

332 505 467 547 dubiis
487 504 727 546 consulibus
740 504 801 545 M.
814 503 1004 560 Geganio
1018 504 1233 547 Macerino
1252 507 1414 557 iterum,
1440 508 1490 548 T.
1502 507 1695 561 Quinctio

288 582 305 610 2
334 567 568 622 Capitolino
593 567 781 620 quintum
807 567 988 608 consule.
1027 568 1136 608 idem
1162 568 1229 609 hic
1254 584 1386 610 annus
1413 584 1611 611 censurae
1635 572 1698 611 in-

331 629 448 670 itium
473 628 563 678 fuit,
590 629 648 669 rei
674 644 698 669 a
722 643 850 683 parva
875 629 1032 684 origine
1057 636 1181 679 ortae,
1209 644 1314 683 quae
1340 631 1487 672 deinde
1505 638 1618 674 tanto
1637 633 1699 674 in-

331 698 539 732 cremento
576 698 697 731 aucta
732 698 813 741 est,
851 698 895 732 ut
931 706 1093 732 morum
1129 692 1454 747 disciplinaeque
1483 693 1697 736 Romanae

330 767 458 807 penes
478 767 569 793 eam
587 753 786 808 regimen,
814 761 981 795 senatus
1002 754 1269 807 equitumque
1290 755 1510 805 centuriae,
1537 756 1696 798 decoris

332 815 627 868 dedecorisque
653 816 875 856 discrimen
901 816 978 857 sub
1005 816 1166 857 dicione
1192 816 1280 857 eius
1306 817 1591 872 magistratus,
1621 833 1698 874 pu-

331 877 531 918 blicorum
556 877 621 918 ius
646 877 982 932 privatorumque
1007 878 1190 919 locorum
1217 879 1434 934 vectigalia
1452 879 1595 934 populi
1612 880 1698 922 Ro-

288 955 305 981 :3
333 940 442 980 mani
462 940 538 981 sub
552 947 655 980 nutu
675 946 797 993 atque
817 940 984 981 arbitrio
1004 947 1154 981 essent.
1188 948 1321 981 ortum
1341 948 1479 982 autem
1496 941 1698 984 initiumst

331 1001 407 1051 rei,
463 1002 574 1056 quod
610 1002 652 1042 in
687 1002 840 1057 populo
876 1017 950 1057 per
991 1002 1143 1043 multos
1186 1018 1315 1044 annos
1357 1003 1527 1045 incenso
1563 1018 1697 1058 neque

333 1064 487 1104 differri
518 1079 666 1105 census
697 1071 857 1118 poterat
887 1078 1021 1118 neque
1054 1063 1313 1113 consulibus,
1352 1079 1446 1106 cum
1477 1072 1536 1106 tot
1566 1080 1698 1121 popu-

332 1126 463 1166 lorum
492 1125 601 1167 bella
630 1126 909 1176 imminerent,
949 1141 1097 1181 operae
1128 1133 1214 1167 erat
1244 1126 1286 1167 id
1316 1128 1530 1183 negotium
1561 1143 1695 1184 agere.

288 1202 306 1229 4
335 1188 486 1228 mentio
516 1187 642 1228 inlata
673 1188 726 1228 ad
757 1195 946 1228 senatum
972 1195 1052 1238 est,
1089 1203 1176 1228 rem
1208 1203 1424 1243 operosam
1451 1204 1499 1231 ac
1529 1190 1696 1231 minime

333 1249 590 1290 consularem
617 1265 691 1290 suo
716 1250 881 1304 proprio
914 1251 1158 1305 magistratu
1190 1265 1330 1305 egere,
1370 1252 1435 1291 cui
1468 1251 1694 1292 scribarum

332 1311 604 1352 ministerium
635 1312 928 1365 custodiaeque
961 1311 1036 1365 (et)
1069 1312 1301 1353 tabularum
1338 1327 1453 1362 cura,
1493 1313 1558 1354 cui
1589 1313 1695 1354 arbi-

289 1388 307 1416 ξ)
334 1373 455 1414 trium
481 1373 681 1414 formulae
708 1374 903 1414 censendi
924 1373 1189 1414 subiceretur.
1228 1380 1267 1414 ct
1286 1381 1423 1428 patres
1443 1388 1694 1428 quamquam

333 1450 419 1476 rem
443 1450 627 1490 parvam,
654 1442 811 1485 tamen,
839 1450 921 1489 quo
946 1436 1084 1490 plures
1111 1435 1269 1489 patricii
1295 1436 1560 1491 magistratus
1586 1436 1627 1477 in
1652 1451 1694 1477 re

332 1497 499 1552 publica
536 1505 692 1547 essent,
730 1498 826 1538 laeti
864 1512 1077 1552 accepere,
1115 1498 1157 1538 id
1194 1498 1305 1551 quod
1341 1499 1476 1539 evenit
1512 1498 1694 1539 futurum

334 1560 455 1600 credo
481 1560 603 1600 etiam
628 1560 717 1609 rati,
744 1567 789 1600 ut
814 1575 911 1601 mox
936 1575 1035 1614 opes
1062 1575 1217 1609 eorum,
1245 1560 1315 1613 qui
1339 1568 1589 1615 praeessent,
1616 1561 1694 1615 ipsi

289 1636 306 1664 <3
333 1621 477 1661 honori
507 1621 570 1661 ius
603 1622 942 1675 maiestatemque
974 1622 1193 1662 adicerent.
1250 1628 1290 1662 et
1320 1622 1471 1663 tribuni
1507 1623 1548 1663 id
1585 1623 1695 1676 quod

334 1690 430 1724 tunc
455 1691 539 1724 erat
565 1684 698 1738 magis
723 1684 1003 1724 necessarium
1023 1698 1145 1736 quam
1169 1683 1345 1737 speciosi
1364 1684 1579 1725 ministerii
1602 1699 1695 1739 pro-

334 1745 585 1786 curationem
616 1745 840 1795 intuentes,
879 1760 930 1786 ne
960 1745 1003 1785 in
1027 1745 1166 1800 parvis
1197 1759 1361 1798 quoquc
1392 1745 1516 1787 rebus
1541 1743 1695 1787 incom-

291 1823 306 1850 ῖ
334 1808 454 1848 mode
481 1807 807 1857 adversarentur,
834 1807 933 1848 haut
961 1822 1059 1848 sane
1083 1807 1304 1848 tetendere.
1343 1822 1436 1847 cum
1462 1823 1487 1848 a
1509 1808 1695 1862 primori-

333 1869 411 1910 bus
437 1869 613 1910 civitatis
643 1876 804 1924 spretus
830 1869 961 1910 honor
985 1875 1112 1918 esset,
1144 1868 1359 1923 Papirium
1386 1867 1696 1924 Sempronium-

333 1946 430 1984 que,
470 1945 644 1984 quorum
669 1931 720 1972 de
746 1931 964 1972 consulatu
988 1930 1271 1980 dubitabatur,
1310 1938 1355 1971 ut
1379 1945 1427 1972 eo
1453 1931 1696 1987 magistratu

333 2007 478 2047 parum
504 1993 682 2034 solidum
708 1993 968 2035 consulatum
994 1993 1224 2048 explerent,
1264 1993 1406 2033 censui
1437 1994 1599 2048 agendo
1623 2009 1696 2049 po-

333 2055 454 2109 pulus
481 2055 689 2110 suffragiis
715 2056 926 2110 praefecit.
970 2070 1161 2096 censores
1189 2055 1239 2096 ab
1265 2070 1308 2096 re
1334 2055 1527 2110 appellati
1553 2062 1659 2097 sunt.

292 2133 303 2159 1
418 2117 564 2158 VIIII.
619 2118 735 2158 Dum
760 2118 862 2159 haec
887 2118 1046 2159 Romae
1077 2125 1294 2173 geruntur,
1326 2118 1452 2173 legati
1477 2117 1528 2159 ab
1553 2117 1696 2160 Ardea

333 2180 502 2220 veniunt
531 2195 605 2234 pro
636 2181 855 2221 veterrima
885 2181 1079 2222 societate
1116 2186 1394 2233 renovatoque
1430 2179 1597 2221 foedere
1632 2195 1695 2221 re-

290 2255 306 2283 *2
334 2242 441 2282 centi
465 2242 665 2282 auxilium
688 2257 816 2297 prope
843 2257 1010 2283 eversae
1042 2241 1133 2283 urbi
1164 2241 1415 2296 inplorantes
1425 2257 1435 2291 ;
1467 2241 1550 2282 frui
1579 2257 1695 2282 nam-

334 2318 413 2357 que
444 2319 564 2359 pace,
605 2305 758 2359 optimo
790 2305 961 2346 consilio
994 2319 1087 2345 cum
1117 2304 1272 2358 populo
1297 2303 1488 2345 Romano
1519 2310 1692 2353 servata,

334 2381 406 2421 per
418 2367 610 2408 intestina
629 2382 743 2409 arma
761 2382 844 2408 non
863 2367 990 2408 licuit.
1028 2381 1204 2420 quorum
1224 2380 1373 2407 causae
1393 2373 1515 2419 atque
1535 2366 1693 2406 initium

290 2443 307 2471 3
335 2430 505 2470 traditur
523 2445 575 2470 ex
593 2430 814 2471 certamine
833 2430 1059 2471 factionum
1079 2440 1226 2479 ortum,
1254 2444 1360 2483 quae
1378 2429 1545 2469 fuerunt
1558 2434 1694 2469 erunt-

334 2505 413 2544 que
448 2491 636 2546 pluribus
670 2492 835 2547 populis
871 2492 1004 2547 magis
1042 2491 1166 2532 exitio
1201 2506 1326 2545 quam
1367 2490 1477 2532 bella
1512 2496 1691 2538 externa,

335 2568 458 2605 quam
482 2553 614 2595 fames
640 2554 823 2595 morbive
849 2568 1037 2608 quaeque
1063 2553 1143 2594 alia
1167 2554 1209 2594 in
1239 2553 1363 2594 deum
1388 2552 1470 2593 iras
1495 2552 1607 2593 velut
1633 2549 1692 2590 ul-

336 2614 433 2654 tima
456 2614 717 2668 publicorum
742 2615 946 2657 malorum
970 2622 1146 2656 vertunt.

291 2689 310 2716 4
418 2676 632 2732 Virginem
657 2677 808 2732 plebeii
831 2677 993 2733 generis
1019 2677 1199 2718 maxime
1224 2676 1358 2718 forma
1382 2681 1519 2716 notam
1538 2671 1690 2727 petiere

337 2736 522 2787 iuvenes,
556 2739 657 2780 alter
680 2739 829 2795 virgini
854 2754 1004 2795 genere
1029 2754 1122 2794 par,
1155 2738 1358 2780 tutoribus
1383 2736 1530 2783 fretus,
1557 2733 1626 2787 qui
1651 2739 1690 2774 et
