1780 3204
446 268 599 302 LIBER
625 267 680 310 ΙΙ,
707 268 759 299 ῦῠ,
779 267 832 300 55.
862 268 910 310 [a.
926 267 964 299 C.
979 265 1176 306 473-471]
1411 258 1488 298 117

133 375 421 418 conticiscente
447 372 593 412 deinde
620 370 815 419 tumultu,
843 384 936 410 cum
961 370 1003 409 in
1029 376 1217 410 senatum
1245 370 1383 411 vocari
1407 369 1491 411 ius·
1520 385 1558 414 10

134 439 300 486 sissent,
327 440 552 489 queruntur
570 433 738 473 iniurias
760 447 875 482 suas,
901 431 985 472 vim
1004 431 1155 486 plebis,
1176 431 1396 473 Voleronis
1418 447 1491 473 au-

133 500 305 540 daciam.
349 497 488 538 multis
514 496 704 537 ferociter
729 495 848 536 dietis
875 494 1105 544 sententiis,
1131 494 1266 535 vicere
1293 495 1489 544 seniores,

134 561 282 614 quibus
308 561 368 601 ira
391 566 555 614 patrum
581 558 779 598 adversus
805 555 1074 597 temeritatem
1093 554 1225 611 plebis
1246 557 1390 597 certari
1410 571 1491 597 non

134 623 298 678 placuit.

217 684 335 726 LVI.
373 683 622 725 Voleronem
643 682 833 736 amplexa
851 681 991 722 favore
1009 680 1128 735 plebs
1147 681 1345 735 proximis
1366 681 1492 721 eomi-
1522 696 1530 723 1

134 749 199 788 tiis
227 746 434 788 tribunum
459 745 569 800 plebi
595 751 706 785 creat
729 744 771 784 in
796 759 890 784 eum
916 758 1088 792 annum,
1109 740 1192 796 'qui
1215 737 1495 784 Lucium'Pi-

134 809 310 857 narium,
337 807 533 848 Publium
551 806 723 847 Furium
749 805 938 846 eonsules
964 804 1120 845 habuit.
1158 811 1380 858 contraque
1406 820 1492 845 om-
1518 819 1536 846 2

134 872 246 911 nium
272 870 522 924 opinionem,
549 868 619 921 qui
638 883 733 908 eum
752 867 951 907 vexandis
970 867 1116 921 prioris
1137 867 1233 907 anni
1252 867 1491 908 consulibus

132 933 429 987 permissurum
448 930 700 971 tribunatum
721 929 953 978 credebant,
980 935 1074 983 post
1093 928 1302 983 publicam
1322 944 1490 970 causam

133 995 291 1048 privato
311 993 449 1034 dolore
468 991 626 1040 habito,
653 1006 704 1031 ne
724 990 849 1031 verbo
870 991 1037 1043 quidem
1055 990 1218 1031 violatis
1238 991 1490 1038 consulibus,

133 1056 387 1111 rogationem
406 1054 496 1094 tulit
516 1054 568 1094 ad
588 1053 799 1107 populum,
825 1059 870 1092 ut
888 1051 1023 1106 plebei
1042 1052 1309 1106 magistratus
1330 1052 1492 1092 tributis

134 1117 309 1158 comitiis
339 1116 494 1156 fierent.
549 1115 649 1155 haut
679 1129 807 1168 parva
836 1128 902 1154 res
935 1113 1011 1154 sub
1044 1113 1160 1153 titulo
1191 1113 1324 1167 prima
1356 1113 1491 1166 specie
1520 1128 1536 1154 3

134 1178 299 1218 minime
319 1177 445 1218 atroci
463 1175 681 1224 ferebatur,
709 1175 782 1216 scd
802 1189 907 1228 quac
926 1174 1107 1228 patriciis
1128 1188 1291 1214 omnem
1311 1180 1492 1227 potesta—

133 1247 214 1279 tem
244 1254 318 1293 per
347 1238 553 1279 clientium
586 1236 785 1291 suffragia
809 1236 975 1276 creandi
1001 1250 1104 1288 quos
1131 1235 1282 1276 vellent
1307 1235 1491 1276 tribunos

132 1300 320 1341 auferret.
371 1299 467 1339 huie
498 1298 649 1339 actioni
677 1298 938 1352 gratissimae
973 1297 1084 1352 plebi
1121 1312 1216 1338 cum
1254 1312 1416 1337 summa
1453 1298 1492 1337 vi
1519 1312 1536 1338 1

131 1361 364 1402 resisterent
377 1367 514 1415 patres
528 1374 674 1413 neque,
693 1358 836 1415 [quac]
853 1375 934 1400 una
946 1360 1009 1400 vis
1024 1359 1076 1400 ad
1095 1359 1371 1400 resistendum
1392 1366 1490 1407 crat,

132 1430 175 1463 ut
198 1422 465 1463 intercederet
489 1422 636 1474 aliquis
662 1436 714 1462 ex
732 1421 906 1476 collegio
926 1421 1166 1462 auctoritate
1187 1427 1257 1461 aut
1276 1421 1492 1461 consulum

132 1491 201 1525 aut
224 1484 455 1539 principum
480 1483 629 1524 adduci
659 1490 819 1537 posset,
856 1498 921 1524 res
954 1490 1110 1532 tamen,
1149 1497 1224 1524 suo
1254 1483 1346 1538 ipsa
1377 1483 1493 1523 moli-

133 1547 239 1587 mine
265 1546 421 1601 gravis,
448 1545 738 1586 certaminibus
764 1546 805 1585 in
831 1561 985 1586 annum
1010 1545 1247 1586 extrahitur.

215 1608 342 1649 Plebs
362 1608 613 1649 Voleronem
638 1607 848 1649 tribunum
868 1607 1009 1648 reficit.
1047 1614 1203 1662 patres,
1230 1607 1283 1647 ad
1302 1607 1491 1647 ultimum
1519 1622 1537 1649 ξ)

133 1670 403 1711 dimicationis
422 1671 499 1710 rati
517 1685 604 1710 rem
617 1677 845 1718 venturam,
866 1669 949 1724 Ap.
966 1668 1201 1718 Claudium,
1223 1669 1337 1723 Appi
1350 1669 1492 1717 filium,

134 1733 215 1772 iam
232 1731 328 1771 inde
347 1746 371 1771 a
383 1731 562 1785 paternis
577 1731 870 1772 certaminibus
884 1730 1063 1771 invisum
1076 1731 1355 1783 infestumque
1369 1729 1492 1783 plebi,

135 1793 345 1833 consulem
364 1792 532 1833 faciunt.
573 1792 732 1847 collega
751 1793 787 1832 ei
808 1793 927 1832 Titus
949 1791 1169 1844 Quinctius
1190 1792 1322 1831 datur.

218 1853 428 1907 Principio
454 1854 590 1894 statim
615 1854 711 1894 anni
735 1854 835 1893 nihil
859 1854 974 1907 prius
1000 1867 1125 1905 quam
1150 1853 1201 1892 de
1224 1852 1317 1907 lege
1342 1851 1492 1907 ageba-
1520 1867 1538 1895 6

136 1922 212 1955 tur.
262 1915 335 1954 sed
363 1920 409 1954 ut
437 1914 626 1955 inventor
655 1915 759 1969 legis
785 1914 956 1963 Volero,
989 1914 1047 1954 sic
1072 1913 1294 1954 Laetorius
1333 1913 1490 1968 collega

137 1977 223 2016 cius
243 1982 385 2016 auctor
403 1990 495 2016 cum
513 1976 714 2016 recentior
732 1983 818 2016 tum
838 1976 969 2016 acrior
988 1981 1085 2016 crat.
1116 1975 1297 2016 ferocem
1315 1975 1494 2016 faciebat
1521 1991 1537 2018 7

137 2039 230 2080 belli
256 2039 385 2093 gloria
408 2039 572 2093 ingens,
599 2039 710 2092 quod
729 2039 873 2079 aetatis
894 2039 981 2079 eius
1001 2038 1102 2078 haut
1126 2038 1345 2091 quisquam
1370 2053 1494 2078 manu

137 2101 361 2155 promptior
386 2108 482 2140 erat.
520 2100 573 2148 is,
601 2115 694 2140 cum
713 2099 866 2140 Volero
890 2100 991 2140 nihil
1016 2106 1300 2154 praeterquam
1327 2099 1377 2140 de
1401 2091 1507 2154 lege*

136 2163 379 2215 loqueretur,
405 2162 673 2202 insectatione
693 2161 904 2202 abstinens
931 2161 1166 2211 consulum,
1192 2162 1281 2216 ipse
1308 2162 1350 2201 in
1375 2176 1496 2202 accu-

139 2224 336 2265 sationem
354 2223 469 2276 Appi
487 2223 749 2276 familiaeque
769 2222 1088 2277 superbissimae
1114 2238 1161 2263 ac
1187 2223 1494 2264 crudelissimae

138 2286 180 2325 in
203 2285 366 2339 plebem
384 2286 616 2326 Romanam
641 2300 832 2334 exorsus,
859 2300 953 2326 cum
978 2300 1002 2326 a
1026 2284 1210 2339 patribus
1236 2300 1320 2326 non
1346 2299 1494 2325 consu-
1519 2298 1538 2326 s

138 2347 236 2395 lem,
275 2348 348 2387 sed
379 2348 610 2388 carnificem
640 2347 693 2388 ad
722 2347 953 2388 vexandam
984 2354 1023 2388 et
1047 2347 1306 2388 lacerandam
1331 2347 1494 2402 plebem

138 2414 320 2449 creatum
345 2423 435 2450 esse
461 2409 741 2458 contenderet,
772 2409 885 2450 rudis
910 2409 953 2449 in
977 2409 1138 2449 militari
1165 2409 1330 2450 homine
1355 2409 1498 2464 lingua

138 2485 221 2510 non
246 2470 490 2524 suppetebat
512 2470 690 2512 libertati
714 2471 944 2524 animoque.
992 2471 1132 2524 itaque
1164 2471 1377 2512 deficiente
1408 2485 1498 2511 ora·
1523 2483 1540 2512 9

140 2533 248 2573 tione
275 2534 457 2586 ‘quando
482 2534 649 2587 quidem
673 2548 756 2574 non
779 2533 901 2574 facile
924 2533 1095 2586 loquor,'
1119 2533 1252 2586 inquit
1278 2532 1496 2586 ‘Quirites,

140 2608 263 2647 quam
288 2595 398 2647 quod
422 2594 583 2635 locutus
610 2610 701 2635 sum
725 2601 908 2649 praesto,
935 2595 1112 2635 erastino
1138 2595 1203 2635 die
1228 2595 1382 2636 adeste.
1419 2609 1497 2649 ego

140 2656 206 2696 liic
231 2662 301 2696 aut
325 2656 366 2696 in
392 2663 615 2711 conspectu
640 2663 778 2697 vestro
802 2657 954 2697 moriar
978 2663 1048 2697 aut
1072 2656 1277 2711 perferam
1301 2655 1463 2712 legem.'

227 2715 502 2773 Occupabant
539 2718 694 2759 tribuni
730 2718 926 2773 templum
964 2725 1129 2773 postero
1172 2719 1256 2769 die3
1305 2717 1494 2760 consules
1526 2731 1564 2760 10
