1835 3226
263 1304 282 1332 4

253 2540 290 2569 10

305 192 387 234 488
564 197 716 232 LIBER
740 196 870 240 vnn,
895 195 1017 229 41.4·2.
1046 197 1094 238 [a.
1109 206 1143 229 u.
1159 206 1187 230 c.
1200 195 1395 239 4111-115]

306 302 516 344 consulem
553 299 778 352 armatique
815 297 964 338 milites
997 312 1047 338 ex
1078 298 1165 338 acie
1196 298 1238 338 in
1269 299 1399 339 aciem
1435 299 1660 349 transferri,

307 372 345 405 et
371 363 501 406 sicubi
526 368 588 403 est
613 367 837 410 certamen,
871 360 998 401 scutis
1024 360 1158 415 magis
1183 375 1306 414 quam
1333 361 1481 416 gladiis
1508 362 1662 416 geritur

306 440 394 467 res:
432 422 680 464 umbonibus
710 422 958 475 incussaque
990 421 1056 462 ala
1092 428 1327 463 sternuntur
1361 422 1514 464 hostes.
1570 423 1662 477 plus

306 487 464 542 eapitur
494 485 708 526 hominum
738 499 862 538 quam
894 484 1095 534 caeditur,
1133 490 1255 537 atque
1286 499 1369 525 una
1399 500 1480 526 vox
1509 499 1662 539 ponere

308 564 421 590 arma
462 546 692 588 iubentium
734 561 808 601 per
843 552 969 587 totam
1013 545 1142 586 fertur
1178 546 1349 591 aciem„
1380 547 1518 600 itaque
1560 547 1664 587 inter

307 612 443 665 ipsum
462 615 669 650 certamen
686 607 797 649 faeta
816 608 969 649 deditio
989 614 1051 648 est
1076 623 1100 649 a
1123 608 1266 662 primis
1292 609 1527 650 auctoribus
1553 608 1662 649 belli.

306 678 472 727 postero
502 669 897 724 insequentibusque
922 669 1068 711 diebus
1095 677 1134 710 et
1164 670 1288 710 ceteri
1313 669 1567 711 Umbrorum
1592 684 1665 724 po-

307 733 394 789 puli
418 733 635 774 deduntur.
670 730 908 773 Ocriculani
935 732 1155 786 sponsione
1180 732 1222 772 in
1247 732 1468 772 amicitiam
1494 731 1662 786 accepti.

392 793 646 836 XXXXII.
683 793 839 835 Fabius
866 793 1023 835 alienae
1055 794 1174 835 sortis
1199 794 1330 835 victor
1358 792 1456 835 belli
1479 795 1522 835 in
1548 809 1664 835 suam

310 857 564 913 provinciam
590 855 813 896 exercitum
839 856 1014 896 reduxit.
1064 856 1201 909 itaque
1227 856 1263 896 ei
1288 855 1340 897 ob
1365 870 1430 897 res
1462 862 1544 897 tam
1576 855 1666 896 feli-

306 920 405 960 citer
428 924 570 974 gestas
603 917 709 958 sicut
738 917 871 972 priore
898 932 1004 958 anno
1029 917 1206 972 populus
1233 918 1541 959 continuaverat
1570 932 1667 958 con-

306 981 497 1029 sulatum,
519 980 575 1020 ita
595 986 760 1021 senatus
786 979 829 1020 in
852 979 1135 1033 insequentem
1155 995 1321 1029 annum,
1342 994 1424 1033 quo
1438 979 1521 1034 Ap.
1539 978 1664 1020 Clau-

306 1044 417 1092 dius,
443 1043 497 1083 L.
517 1041 767 1083 Volumnius
793 1042 984 1083 consules
1010 1041 1193 1091 fuerunt,
1226 1042 1461 1097 prorogavit
1485 1041 1664 1082 maxime

307 1105 447 1159 Appio
479 1104 722 1145 adversante
753 1104 983 1158 imperium.
1038 1102 1226 1158 Appium
1262 1118 1476 1144 censorem
1511 1103 1664 1158 petisse

308 1166 567 1208 consulatum
603 1165 848 1218 comitiaque
885 1165 972 1206 eius
1009 1165 1061 1207 ab
1092 1166 1146 1206 L.
1172 1166 1298 1207 Furio
1335 1166 1497 1207 tribuno
1533 1164 1665 1220 plebis

306 1227 582 1282 interpellata,
620 1227 752 1267 donee
788 1241 832 1267 se
869 1241 1042 1268 censura
1078 1227 1302 1277 abdicavit,
1339 1228 1382 1268 in
1417 1227 1664 1281 quibusdam

308 1288 524 1331 annalibus
554 1288 731 1329 invenio,
787 1294 946 1328 creatus
979 1289 1141 1338 consul,
1175 1304 1268 1329 cum
1300 1289 1480 1344 collegae
1511 1304 1665 1330 novum

307 1350 460 1392 bellum
490 1348 690 1391 Salentini
721 1349 860 1390 hostes
886 1349 1217 1399 decernerentur,
1244 1350 1401 1392 Romae
1428 1350 1594 1399 mansit,
1621 1358 1666 1390 ut

309 1412 478 1453 urbanis
511 1411 666 1452 artibus
698 1425 797 1465 opes
829 1418 1016 1466 augeret,
1049 1411 1212 1465 quando
1243 1411 1339 1452 belli
1376 1413 1501 1453 decus
1538 1426 1664 1466 penes

310 1474 411 1515 alios
438 1479 559 1514 esset.
608 1471 878 1513 Volumnium
903 1473 1137 1527 provinciae
1162 1473 1273 1514 haud
1297 1475 1511 1529 paenituit:
1539 1474 1667 1515 multa

310 1535 491 1576 secunda
515 1533 670 1588 proelia
687 1534 796 1583 fecit,
818 1534 973 1587 aliquot
992 1534 1113 1575 urbes
1133 1534 1314 1577 hostium
1333 1536 1374 1577 vi
1393 1536 1512 1590 cepit.
1548 1551 1665 1591 prae-

310 1598 386 1638 dae
413 1603 498 1637 erat
527 1595 698 1650 largitor
722 1602 761 1636 et
785 1595 1082 1651 benignitatem
1113 1612 1186 1651 per
1218 1612 1260 1638 se
1285 1604 1445 1653 gratam
1476 1599 1665 1639 comitate

310 1658 553 1706 adiuvabat,
591 1657 844 1711 militemque
880 1657 945 1698 his
983 1658 1139 1700 artibus
1176 1659 1330 1699 fecerat
1360 1666 1398 1700 et
1428 1660 1597 1713 periculi
1627 1666 1666 1701 et

309 1720 461 1762 laboris
488 1719 667 1761 avidum.
718 1718 771 1772 Q.
797 1719 953 1760 Fabius
979 1735 1052 1774 pro
1078 1721 1246 1761 consule
1272 1721 1324 1761 ad
1348 1720 1491 1762 urbem
1515 1721 1666 1763 Allifas

311 1798 405 1823 011111
427 1780 677 1823 Samnitium
702 1781 884 1823 exercitu
910 1781 1038 1836 signis
1065 1782 1236 1823 conlatis
1263 1782 1456 1838 confligit.
1501 1783 1668 1823 minime

312 1843 508 1899 ambigua
537 1858 602 1885 res
633 1843 733 1884 fuit:
771 1843 856 1884 fusi
891 1843 1032 1885 hostes
1063 1850 1185 1898 atque
1221 1844 1263 1884 111
1300 1852 1433 1885 castra
1469 1844 1667 1900 conpulsi.

311 1920 388 1947 neo
418 1913 552 1946 castra
582 1905 717 1946 forent
747 1911 923 1955 retenta,
955 1905 997 1946 ni
1028 1906 1224 1961 exiguum
1262 1905 1534 1960 superfuisset
1569 1906 1668 1955 diei;

312 1975 406 2009 ante
436 1974 599 2008 noctem
630 1974 768 2007 tamen
799 1974 894 2007 sunt
925 1967 1198 2009 circumsessa
1228 1974 1269 2008 et
1297 1975 1415 2008 nocte
1453 1968 1668 2017 custodita,

313 2045 364 2071 ne
389 2030 482 2083 quis
509 2029 616 2070 elabi
640 2036 792 2084 posset.
835 2036 1001 2084 postero
1027 2030 1092 2070 die
1112 2030 1282 2070 vixdum
1307 2030 1397 2070 luce
1424 2037 1533 2071 certa
1557 2030 1670 2071 dedi-

316 2092 371 2133 tio
402 2092 490 2132 fieri
522 2099 691 2146 coepta3
731 2098 771 2132 et
799 2092 927 2146 pacti,
960 2092 1031 2146 qui
1058 2091 1307 2134 Samnitium
1336 2092 1471 2133 forent
1501 2100 1546 2133 ut
1576 2107 1670 2134 eum

316 2154 488 2209 singulis
525 2154 782 2203 vestimentis
820 2154 1110 2195 emitterentur.
1170 2154 1198 2195 ii
1235 2169 1377 2195 01111105
1415 2154 1491 2196 5111)
1527 2155 1670 2210 iugum

314 2216 442 2256 missi.
499 2216 620 2257 sociis
655 2214 905 2257 Samnitium
935 2216 1036 2257 1111111
1067 2222 1251 2265 cautum,
1289 2217 1341 2257 ad
1373 2222 1531 2271 septem
1560 2217 1673 2258 milia

316 2277 392 2319 sub
413 2292 563 2319 corona
582 2278 758 2319 veniere.
807 2278 878 2332 qui
902 2293 945 2319 se
966 2278 1097 2319 civem
1116 2278 1346 2319 Hernicum
1372 2279 1541 2328 dixerat,
1563 2294 1673 2320 seor-

315 2355 383 2380 sus
415 2341 456 2380 in
487 2341 675 2381 custodia
705 2339 883 2381 habitus.
939 2355 1009 2381 eos
1048 2355 1189 2381 omnes
1221 2340 1378 2382 Fabius
1410 2340 1587 2382 Romam
1618 2341 1669 2382 ad

315 2411 502 2442 senatum
532 2403 655 2445 misit.
712 2408 752 2443 et
782 2416 876 2443 cum
907 2403 1140 2455 quaesitum
1177 2409 1304 2451 esset,
1336 2402 1487 2443 dilectu
1518 2418 1569 2444 an
1599 2418 1671 2444 vo-

314 2463 477 2504 luntarii
502 2479 576 2519 pro
597 2463 853 2506 Samnitibus
879 2465 1078 2506 adversus
1098 2464 1310 2506 Romanos
1339 2463 1575 2514 bellassent,
1600 2479 1673 2519 per

314 2526 488 2567 Latinos
508 2527 682 2581 populos
702 2527 958 2568 custodiendi
978 2528 1137 2576 dantur,
1158 2527 1341 2580 iussique
1361 2541 1452 2567 eam
1471 2527 1671 2582 integram

316 2602 401 2628 reni
426 2590 522 2630 novi
547 2590 738 2632 consules
763 2589 812 2630 P.
836 2589 1055 2631 Cornelius
1081 2590 1253 2639 Arvina,
1282 2589 1333 2643 Q.
1360 2589 1544 2630 Marcius
1571 2589 1671 2630 Tre-

317 2650 452 2692 mulus
473 2677 525 2680 —
546 2652 587 2692 hi
612 2653 719 2697 enim
746 2653 827 2694 iam
853 2653 977 2694 creati
1003 2660 1115 2694 crant
1138 2678 1190 2682 —
1211 2652 1263 2695 ad
1289 2658 1475 2693 senatum
1505 2651 1668 2693 referre.
