1835 3226
353 268 431 309 186
644 272 797 306 LIBER
823 270 897 314 111,
924 270 977 303 65.
997 270 1050 304 66.
1079 272 1127 312 [a.
1141 281 1176 303 u.
1192 280 1223 303 e.
1239 270 1316 303 307.
1329 270 1412 313 308]

308 395 322 422 7
351 378 489 420 tollere
519 376 689 416 animos.
739 388 836 414 cura
865 372 979 427 pacis
1011 371 1253 413 concordiae
1289 385 1452 424 quoque
1488 371 1702 412 intestinae

349 454 473 480 causa
492 438 581 478 fuit.
621 436 693 477 sed
713 435 814 475 alter
833 449 995 488 semper
1014 434 1113 474 ordo
1131 433 1270 488 gravis
1291 432 1456 473 alterius
1481 432 1703 473 modestiae

348 507 445 542 erat.
493 497 720 552 quiescenti
751 496 862 551 plebi
892 495 943 536 ab
975 495 1201 536 iunioribus
1232 501 1394 549 patrum
1423 493 1594 534 iniuriae
1618 493 1704 534 fieri

304 578 322 606 s
350 568 531 616 coeptae.
569 559 640 600 ubi
659 558 811 599 tribuni
831 558 983 598 auxilio
1008 556 1295 598 humilioribus
1321 562 1477 604 essent,
1504 555 1546 595 in
1562 554 1704 609 primis

348 638 494 678 parum
529 622 738 677 proderat,
776 620 924 661 deinde
965 634 1016 660 ne
1053 619 1132 674 ipsi
1168 619 1334 672 quidem
1364 617 1548 658 inviolati
1579 623 1704 664 erant,

349 687 490 738 utique
515 683 733 738 postremis
758 682 991 732 mensibus,
1019 696 1112 722 cum
1138 688 1177 722 et
1196 696 1269 736 per
1288 681 1483 722 coitiones
1504 678 1706 734 potentio-

349 763 439 788 rum
464 746 612 787 iniuria
634 745 750 786 fieret
782 751 821 785 et
851 744 914 785 vis
939 743 1155 799 potestatis
1181 743 1313 784 omnis
1339 742 1546 796 aliquanto
1570 746 1706 795 poste-

303 824 320 852 9
348 810 452 850 riore
477 808 572 849 anni
596 815 711 862 parte
736 806 969 862 languidior
994 805 1121 846 ferme
1147 811 1268 846 esset.
1317 804 1481 858 iamque
1505 804 1624 859 plebs
1650 804 1707 845 ita

346 871 388 911 in
413 870 621 911 tribunatu
645 883 796 924 ponere
822 868 975 922 aliquid
1001 868 1106 922 spei,
1140 867 1174 908 si
1199 866 1352 908 similes
1378 866 1494 907 Icilio
1519 866 1705 908 tribunos

284 947 323 976 10
347 932 534 974 haberet:
582 931 748 972 nomina
784 937 943 971 tantum
980 944 1025 971 se
1060 929 1224 970 biennio
1260 928 1469 969 habuisse.
1525 929 1705 970 seniores

348 1002 488 1036 contra
506 1000 687 1049 patrum,
713 999 759 1034 ut
776 993 898 1033 nimis
918 993 1076 1033 feroces
1097 1006 1194 1032 suos
1215 991 1380 1032 credere
1405 991 1573 1032 iuvenes
1600 1006 1704 1040 esse,

348 1058 404 1098 ita
433 1057 574 1106 malle,
608 1056 643 1097 si
673 1055 820 1096 modus
853 1054 1114 1095 excedendus
1141 1060 1267 1103 esset,
1301 1054 1386 1094 suis
1413 1067 1537 1106 quam
1562 1054 1706 1094 adver-

286 1134 320 1162 11
351 1119 468 1160 sariis
495 1132 711 1173 superesse
737 1118 908 1158 animos.
959 1117 1062 1157 adeo
1092 1115 1319 1157 moderatio
1345 1115 1520 1156 tuendae
1544 1115 1706 1156 liberta-

351 1181 421 1229 tis,
459 1180 556 1220 dum
590 1179 756 1233 aequari
786 1179 891 1220 velle
923 1178 1154 1220 simulando
1184 1178 1242 1219 ita
1267 1192 1310 1218 se
1336 1177 1510 1231 quisque
1535 1177 1704 1227 extollit,

349 1249 394 1282 ut
418 1241 619 1296 deprimat
644 1241 788 1290 alium,
819 1241 861 1280 in
886 1240 1044 1280 difficili
1069 1246 1149 1289 est,
1182 1239 1467 1292 cavendoque,
1499 1254 1549 1280 ne
1574 1246 1705 1280 metu—

348 1311 434 1352 ant,
460 1303 648 1344 homines
673 1303 915 1343 metuendos
940 1301 1046 1342 ultro
1073 1316 1117 1343 se
1142 1301 1342 1349 efficiunt,
1376 1307 1415 1341 et
1439 1301 1626 1341 iniuriam
1652 1300 1703 1342 ab

348 1365 467 1406 nobis
492 1365 717 1419 repulsam,
750 1371 959 1417 tamquam
985 1369 1055 1404 aut
1079 1363 1214 1403 facere
1240 1369 1310 1402 aut
1335 1362 1419 1416 pati
1444 1376 1613 1403 necesse
1639 1363 1702 1409 sit,

350 1424 600 1482 iniungimus
626 1426 728 1467 aliis.

307 1504 321 1532 1
434 1487 601 1528 LXVI.
640 1488 689 1528 Τ.
713 1486 931 1540 Quinctius
954 1485 1212 1540 Capitolinus
1239 1492 1428 1538 quartum
1454 1492 1493 1526 et
1514 1485 1702 1541 Agrippa

348 1551 499 1591 Furius
531 1550 721 1590 consules
752 1549 846 1590 inde
876 1548 974 1589 facti
999 1563 1075 1588 nec
1100 1548 1342 1589 seditionem
1368 1548 1479 1588 domi
1503 1563 1577 1589 nec
1603 1548 1702 1590 foris

350 1612 501 1653 bellum
543 1617 807 1665 acceperunt:
850 1610 924 1651 sed
959 1609 1184 1650 inminebat
1218 1616 1449 1662 utrumque.
1504 1610 1584 1650 iam
1621 1626 1702 1651 non

347 1674 453 1714 ultra
482 1673 686 1713 discordia
711 1672 861 1713 civium
886 1671 1051 1725 reprimi
1075 1677 1234 1725 poterat
1258 1678 1298 1711 et
1322 1671 1494 1712 tribunis
1521 1679 1559 1712 et
1583 1672 1702 1726 plebe

347 1735 514 1775 incitata
543 1734 584 1774 in
614 1740 770 1788 patres,
808 1748 901 1774 cum
933 1733 1019 1773 dics
1051 1732 1174 1773 alicui
1208 1732 1406 1773 nobilium
1443 1733 1552 1773 dicta
1585 1734 1702 1774 novis

304 1813 321 1842 3
349 1811 512 1851 semper
536 1795 826 1836 certaminibus
853 1794 1064 1836 contiones
1095 1793 1288 1834 turbaret.
1339 1794 1390 1834 ad
1421 1808 1594 1847 quarum
1624 1796 1704 1849 pri-

347 1874 461 1899 mum
492 1858 706 1912 strepitum
738 1857 850 1898 velut
881 1857 999 1912 signo
1037 1862 1206 1911 accepto
1242 1871 1355 1897 arma
1391 1871 1535 1911 cepere
1566 1856 1704 1910 Aequi

348 1935 395 1961 ac
414 1919 576 1968 Volsci,
605 1919 725 1960 simul
751 1919 862 1972 quod
886 1925 1176 1973 persuaserant
1200 1918 1249 1958 iis
1275 1918 1401 1959 duces
1427 1918 1564 1972 cupidi
1588 1933 1705 1973 prae-

347 1984 512 2032 darum,
550 1982 715 2023 biennio
752 1988 845 2023 ante
882 1982 1076 2022 dilectum
1112 1981 1311 2022 indictum
1347 1980 1489 2022 haberi
1519 1996 1601 2021 non
1631 1996 1705 2036 po-

303 2060 322 2088 4
349 2045 478 2086 tuisse
503 2044 709 2086 abnuente
734 2044 816 2084 iam
849 2043 970 2098 plebe
995 2043 1210 2097 inperium.
1248 2057 1297 2084 eo
1328 2043 1525 2084 adversus
1553 2057 1596 2084 se
1622 2058 1703 2084 non

347 2122 438 2148 esse
470 2107 618 2147 missos
650 2106 865 2147 exercitus.
916 2105 1087 2147 dissolvi
1117 2105 1280 2146 licentia
1309 2104 1509 2145 militandi
1546 2119 1701 2146 morem

346 2184 422 2210 nec
446 2184 520 2224 pro
546 2169 754 2209 communi
778 2169 859 2209 iam
884 2168 1016 2222 patria
1040 2167 1217 2208 Romam
1243 2181 1347 2208 esse.
1402 2167 1602 2220 quidquid
1625 2167 1704 2208 ira-

346 2246 436 2272 rum
473 2230 824 2284 simultatiumque
861 2244 954 2270 cum
986 2229 1163 2270 externis
1195 2229 1335 2279 fuerit,
1372 2229 1413 2269 in
1442 2229 1555 2283 ipsos
1587 2229 1701 2270 verti.

347 2299 585 2334 occaecatos
621 2292 741 2347 lupos
777 2292 971 2333 intestina
1005 2291 1117 2332 rabie
1153 2291 1409 2346 opprimendi
1445 2290 1702 2332 occasionem

348 2370 451 2397 esse.
1512 2351 1514 2353 ’

304 2431 322 2460 5
433 2416 677 2458 Coniunctis
710 2415 956 2457 exercitibus
987 2415 1187 2456 Latinum
1217 2416 1395 2470 primum
1431 2430 1576 2470 agrum
1612 2430 1703 2470 per-

346 2478 530 2533 populati
550 2486 663 2528 sunt3
689 2478 854 2526 deinde,
880 2483 1098 2532 postquam
1118 2476 1174 2518 ibi
1193 2492 1314 2518 nemo
1339 2477 1492 2518 vindex
1517 2491 1702 2518 occurre-

347 2539 434 2589 bat,
466 2547 553 2581 tum
578 2555 692 2589 vcro,
729 2539 1007 2581 exultantibus
1040 2538 1136 2580 belli
1166 2538 1419 2587 auctoribus,
1458 2539 1510 2579 ad
1540 2538 1701 2579 moenia

346 2601 437 2655 ipsa
454 2602 611 2643 Romae
636 2601 919 2657 populabundi
943 2600 1110 2656 regione
1135 2608 1275 2656 portae
1295 2601 1538 2654 Esquilinae
1563 2613 1700 2640 acces-

348 2678 454 2712 sere,
491 2665 763 2705 vastationem
795 2679 987 2719 agrorum
1015 2678 1090 2718 per
1119 2663 1409 2705 contumeliam
1439 2662 1530 2703 urbi
1564 2666 1699 2702 osten-

305 2737 321 2766 ο
349 2730 492 2766 tantes.
541 2726 649 2766 unde
678 2732 899 2780 postquam
929 2725 1064 2774 inulti,
1102 2726 1297 2780 praedam
1328 2739 1425 2779 prae
1457 2738 1499 2764 se
1529 2727 1695 2776 agentes

304 1626 323 1654 Ιὺ
