1780 3204
417 213 570 248 LIBER
596 214 664 259 VI,
683 214 736 248 33.
757 213 811 248 34.
839 216 887 258 [a.
901 213 939 249 C.
955 213 1020 248 377
1035 213 1149 260 (376)]
1404 207 1485 248 339

135 332 290 359 omnes.
334 324 571 372 recuperato
597 317 648 359 ab
674 317 861 359 hostibus
880 317 1063 358 Tusculo
1089 317 1290 359 exercitus
1310 318 1487 360 Romam

135 386 197 421 est
220 380 426 420 reductus.

218 441 468 482 XXXIIH.
527 440 693 493 Quanto
730 441 862 496 magis
899 441 1105 496 prosperis
1142 456 1190 483 eo
1227 457 1332 483 anno
1368 442 1486 484 bellis
1516 457 1529 485 1

135 503 350 557 tranquilla
374 503 510 543 omnia
534 503 633 544 foris
660 510 790 553 erant,
829 509 939 544 tanto
968 503 1010 543 in
1036 503 1136 544 urbe
1167 503 1229 544 vis
1260 510 1421 558 patrum
1446 505 1488 545 in

134 565 220 605 dies
246 565 514 617 miseriaeque
539 563 670 618 plebis
696 564 946 613 crescebant,
974 579 1067 605 cum
1093 579 1139 605 eo
1158 565 1261 620 ipso,
1289 567 1398 619 quod
1418 581 1488 607 ne-

134 641 247 668 cesse
274 632 359 667 erat
384 626 498 675 solvi,
525 626 698 667 facultas
726 626 911 667 solvendi
935 627 1197 681 inpediretur.
1234 628 1372 682 itaque
1393 643 1486 669 cum
1512 642 1530 671 2

133 689 214 728 iam
239 703 290 728 ex
313 703 356 728 re
382 687 480 728 nihil
506 688 592 728 dari
616 695 776 742 posset,
809 688 921 729 fama
946 695 985 729 et
1017 703 1203 743 corpore,
1235 690 1403 731 iudicati
1428 697 1488 731 at-

133 765 210 803 que
231 749 394 799 addicti,
420 750 686 791 creditoribus
708 750 1028 800 satisfaciebant,
1054 765 1268 805 poenaque
1292 752 1335 792 in
1354 752 1487 793 vicem

132 812 226 852 fidei
257 818 447 853 cesserat.
501 812 603 852 adeo
635 827 732 866 ergo
765 812 964 853 obnoxios
1002 813 1292 853 summiserant
1327 814 1485 855 animos
1511 827 1530 856 3

132 888 211 914 non
236 873 364 914 infimi
389 873 533 922 solum,
561 874 633 914 sed
658 874 861 928 principes
883 874 1005 914 etiam
1023 874 1169 928 plebis,
1196 882 1239 915 ut
1260 890 1341 915 non
1363 876 1485 917 modo

132 936 183 975 ad
197 935 445 976 tribunatum
459 935 633 976 militum
646 936 750 976 inter
768 936 961 990 patricios
980 936 1217 990 petendum,
1244 938 1355 990 quod
1373 944 1486 979 tanta

131 998 170 1037 vi
195 1004 240 1038 ut
263 998 402 1038 liceret
426 997 699 1047 tetenderant,
733 998 806 1039 sed
830 1012 880 1038 nc
907 999 959 1038 ad
989 998 1172 1052 plebeios
1205 999 1371 1051 quidem
1396 1015 1484 1040 ma·
1509 1015 1528 1043 4

129 1059 323 1113 gistratus
350 1059 623 1113 capessendos
648 1059 928 1113 petendosque
953 1059 1026 1099 ulli
1050 1059 1138 1099 viro
1164 1060 1246 1100 acri
1272 1061 1485 1114 experien-

129 1121 238 1173 tique
258 1121 417 1160 animus
438 1127 547 1161 esset
563 1121 951 1174 possessionemque
970 1120 1136 1161 honoris
1156 1122 1341 1175 usurpati
1360 1123 1483 1163 modo

128 1198 149 1222 a
174 1181 293 1236 plebe
323 1196 396 1236 per
424 1196 577 1235 paucos
609 1197 738 1223 annos
768 1196 1034 1236 recuperasse
1064 1183 1107 1222 in
1136 1191 1381 1238 perpetuum
1410 1199 1484 1239 pa-

127 1251 205 1284 tres
220 1243 465 1284 xiderentur.
496 1257 547 1283 ne
566 1243 608 1283 id
626 1243 747 1284 nimis
766 1244 919 1284 laetum
938 1245 1042 1298 parti
1057 1245 1173 1286 alteri
1192 1252 1314 1296 esset,
1339 1261 1480 1301 parva,
1509 1261 1526 1290 5

128 1311 169 1344 ut
191 1305 432 1359 plerumque
464 1305 584 1355 solet,
616 1320 702 1346 rem
733 1306 941 1361 ingentem
973 1307 1172 1348 moliundi
1203 1322 1329 1350 causa
1358 1309 1482 1350 inter-

127 1367 248 1407 venit.

206 1427 267 1469 M.
292 1428 398 1470 Fabi
422 1428 633 1480 Ambusti,
659 1430 836 1485 potentis
861 1431 938 1471 viri
963 1446 1055 1471 cum
1081 1431 1185 1473 inter
1211 1433 1274 1474 sui
1299 1434 1479 1487 corporis

123 1490 308 1532 homines
334 1497 422 1531 tum
447 1492 571 1532 etiam
596 1492 647 1533 ad
672 1492 853 1546 plebem,
887 1493 997 1546 quod
1027 1493 1351 1548 haudquaquam
1376 1496 1481 1537 inter

123 1552 163 1592 id
192 1567 323 1608 genus
354 1559 609 1609 contemptor
639 1555 726 1595 eius
757 1554 1002 1605 habebatur,
1040 1555 1147 1596 filiae
1178 1557 1283 1597 duae
1313 1563 1478 1611 nuptae,

124 1612 212 1656 Ser.
230 1613 413 1669 Sulpicio
438 1616 580 1665 maior,
608 1617 741 1657 minor
761 1616 810 1657 C.
826 1617 990 1658 Licinio
1012 1616 1173 1659 Stoloni
1193 1624 1290 1667 erat,
1317 1619 1478 1660 inlustri

123 1676 288 1729 quidem
302 1677 402 1725 viro,
426 1683 562 1718 tamen
574 1677 747 1732 plebeio,
769 1693 897 1732 eaque
911 1679 1001 1732 ipsa
1015 1679 1204 1720 adfinitas
1217 1679 1329 1720 haud
1343 1687 1477 1734 spreta

121 1737 295 1792 gratiam
317 1737 449 1778 Fabio
475 1739 527 1778 ad
551 1739 723 1793 vulgum
748 1740 991 1792 quaesierat.
1030 1740 1134 1780 forte
1159 1740 1216 1780 ita
1240 1741 1393 1791 incidit,
1418 1749 1476 1791 ut,
1504 1757 1522 1786 6

121 1799 163 1839 in
185 1797 304 1840 Servi
325 1797 485 1853 Sulpici
508 1800 660 1841 tribuni
685 1801 860 1841 militum
885 1802 1007 1842 domo
1029 1816 1189 1842 sorores
1208 1801 1363 1843 Fabiae
1384 1818 1476 1844 cum

122 1861 225 1900 inter
250 1875 305 1910 se,
333 1867 377 1900 ut
400 1861 457 1910 fit,
485 1861 740 1903 sermonibus
765 1869 927 1917 tempus
953 1868 1140 1912 tererent,
1165 1863 1284 1905 lictor
1305 1863 1475 1919 Sulpici,

122 1922 273 1963 cumis
299 1923 349 1963 de
374 1922 464 1964 foro
490 1938 533 1964 se
565 1924 731 1964 domum
762 1925 978 1979 reciperet,
1015 1925 1165 1975 forem,
1203 1932 1248 1966 ut
1280 1941 1369 1968 mos
1401 1934 1474 1976 est,

121 1984 237 2038 virga
260 1991 502 2038 percuteret.
540 2000 634 2026 cum
658 1986 711 2026 ad
735 1986 778 2026 id
801 1987 925 2027 moris
947 1987 1034 2027 eius
1054 1987 1217 2028 insueta
1241 1989 1478 2042 expavisset

122 2046 252 2086 minor
269 2045 413 2094 Fabia,
438 2046 540 2087 risui
559 2048 688 2088 sorori
706 2047 784 2088 fuit
803 2048 977 2097 miranti,
1004 2049 1193 2103 ignorare
1219 2050 1261 2090 id
1280 2065 1473 2092 sororem.

121 2113 300 2147 ceterum
325 2107 360 2147 is
385 2107 491 2148 risus
518 2108 703 2150 stimulos
729 2109 866 2163 parvis
897 2109 1040 2150 mobili
1068 2110 1192 2152 rebus
1225 2111 1361 2153 animo
1386 2107 1476 2153 mu·
1503 2127 1520 2155 7

123 2167 240 2208 liebri
265 2168 457 2209 subdidit.
506 2169 736 2223 frequentia
766 2185 929 2224 quoque
959 2173 1297 2226 prosequentium
1326 2188 1478 2228 rogan-

121 2229 314 2282 tiumque,
341 2246 440 2270 num
465 2231 563 2284 quid
587 2231 719 2280 vellet,
747 2233 866 2274 credo
892 2233 1145 2275 fortunatum
1169 2235 1474 2276 matrimonium

121 2291 157 2331 ei
182 2292 330 2332 sororis
355 2292 492 2333 visum
517 2293 661 2346 suique
685 2294 819 2348 ipsam
843 2295 952 2336 malo
978 2295 1157 2345 arbitrio,
1185 2311 1266 2350 quo
1292 2312 1315 2337 a
1335 2298 1474 2351 proxi-

120 2352 196 2393 mis
222 2353 395 2407 quisque
419 2354 587 2395 minime
618 2356 760 2396 anteiri
790 2356 895 2405 vult,
933 2357 1199 2412 paenituisse.
1255 2359 1472 2400 confusam
1497 2374 1516 2404 8

120 2428 209 2454 eam
235 2429 286 2455 ex
309 2415 461 2456 recenti
485 2431 624 2457 morsu
649 2417 773 2458 animi
797 2432 891 2459 cum
909 2425 1027 2473 pater
1045 2418 1151 2460 forte
1170 2419 1354 2469 vidisset,
1381 2436 1473 2476 per-

120 2483 324 2517 contatus:
352 2477 476 2518 ‘satin
490 2478 643 2519 salve?’
669 2485 920 2520 avertentem
941 2495 1109 2522 causam
1128 2481 1292 2531 doloris,
1319 2483 1471 2538 quippe

119 2552 193 2579 nec
219 2539 317 2580 satis
343 2539 454 2593 piam
479 2540 677 2581 adversus
703 2556 883 2582 sororem
908 2557 985 2584 nec
1010 2544 1233 2584 admodum
1264 2544 1307 2584 in
1337 2545 1470 2586 virum

117 2599 393 2650 honorificam,
420 2601 556 2642 elicuit
581 2603 750 2644 comiter
775 2604 1040 2654 sciscitando,
1067 2612 1113 2646 ut
1136 2605 1350 2656 fateretur,
1377 2621 1468 2648 eam
1494 2622 1512 2651 9

117 2676 208 2703 esse
234 2677 400 2704 causam
432 2663 601 2713 doloris,
641 2665 751 2718 quod
781 2665 919 2706 iuncta
948 2666 1080 2722 inpari
1111 2674 1238 2718 esset,
1273 2674 1403 2723 nupta
1426 2668 1468 2709 in

1174 2733 1241 2767 22⁸
