1780 3204
451 245 604 279 LIBER
628 246 701 290 111,
727 246 784 281 54.
804 246 859 280 55.
890 249 939 290 [a.
958 246 1093 290 0449]
1371 238 1452 279 175

97 356 350 400 creaverunt,
376 349 558 391 omnium
575 350 752 404 primum
765 349 1084 405 L.Verginium‚
1110 349 1205 390 inde
1218 350 1271 390 L.
1285 350 1451 391 Icilium

96 420 136 454 et
160 412 208 453 P.
233 412 528 461 Numitorium,
555 412 804 452 avunculum
828 411 1013 467 Vergini,
1040 418 1227 452 auctores
1253 412 1452 453 secessio-

96 476 178 524 nis,
205 482 293 516 tum
320 473 368 515 C.
397 472 610 523 Sicinium,
636 474 875 529 progeniem
900 474 1006 522 eius,
1033 488 1156 526 quem
1180 473 1359 528 primum
1384 474 1454 514 tri-

96 537 253 578 bunum
276 536 409 591 plebis
436 542 617 576 creatum
641 536 684 576 in
709 550 824 576 sacro
849 542 987 576 monte
1005 535 1213 589 proditum
1232 535 1452 576 memoriae

97 607 175 648 est,
213 606 252 640 et
282 599 342 639 M.
368 598 591 647 Duillium,
629 598 700 651 qui
730 598 981 640 tn'bunatum
1016 598 1222 653 insignem
1253 605 1346 639 ante
1383 599 1453 639 de-

96 661 297 701 cemviros
323 666 479 700 creatos
505 666 690 714 gesserat
714 674 790 701 nec
819 660 861 700 in
891 660 1232 701 decemviralibus
1265 661 1452 701 certami-

96 721 216 762 nibus
253 721 364 776 plebi
400 721 600 762 defuerat.
661 736 733 775 spe
775 721 922 762 deinde
958 722 1091 777 magis
1129 736 1253 775 quam
1295 722 1450 763 meritis

96 784 213 824 electi
237 783 299 823 M.
327 783 522 831 Titinius,
554 782 615 823 M.
641 782 917 837 Pomponius,
952 782 1000 825 C.
1027 783 1258 838 Apronius,
1285 782 1451 838 Appius

95 844 259 894 Villius,
288 843 337 886 C.
360 844 537 899 Oppius.
586 844 796 885 tribunatu
820 845 920 886 inito
944 845 1104 886 Lucius
1130 846 1271 887 Icilius
1297 854 1453 887 extem-

95 907 162 961 plo
186 906 350 960 plebem
374 906 534 961 rogavit
559 912 598 946 et
621 905 739 960 plebs
766 906 897 955 scivit,
923 921 974 947 ne
1000 907 1066 947 eui
1090 907 1226 947 fraudi
1251 914 1361 948 esset
1387 922 1451 948 se-

96 968 228 1009 cessio
247 967 298 1008 ab
320 967 561 1008 decemviris
581 967 702 1008 facta.
741 968 959 1008 confestim
979 968 1029 1009 de
1049 969 1288 1010 consulibus
1308 983 1450 1010 crean-

95 1030 157 1070 dis
184 1044 278 1070 cum
298 1029 585 1083 provocatione
604 1029 775 1070 Marcus
793 1029 976 1070 Duillius
996 1031 1253 1085 rogationem
1270 1030 1450 1084 pertulit.

95 1105 143 1131 ea
173 1091 310 1131 omnia
338 1091 381 1130 in
411 1090 537 1144 pratis
567 1090 781 1131 Flaminiis
813 1091 985 1131 concilio
1015 1091 1148 1145 plebis
1181 1098 1290 1140 acta,
1328 1105 1452 1144 quem

96 1167 204 1193 nunc
230 1153 383 1193 circum
405 1152 655 1192 Flaminium
681 1152 900 1205 appellant.

177 1213 273 1254 LV.
321 1213 405 1253 Per
426 1213 673 1267 interregem
697 1213 844 1253 deinde
877 1212 1066 1253 consules
1098 1213 1223 1253 creati
1247 1213 1301 1254 L.
1327 1212 1453 1254 Vale-

94 1276 195 1324 rius,
220 1273 281 1315 Μ.
307 1273 526 1322 Horatius,
553 1273 624 1327 qui
648 1274 853 1328 extemplo
878 1274 1167 1329 magistratum
1192 1283 1450 1329 occeperunt.

93 1350 267 1388 quorum
292 1335 529 1376 consulatus
553 1335 763 1389 popularis
790 1336 877 1376 sine
902 1336 986 1376 ulla
1004 1343 1167 1390 patrum
1186 1336 1348 1386 iniuria,
1374 1352 1450 1377 nee

93 1398 179 1438 sine
205 1397 431 1438 offensione
461 1396 557 1437 fuit:
589 1397 791 1451 quidquid
821 1398 931 1438 enim
959 1397 1138 1439 libertati
1168 1398 1300 1453 plebis
1332 1413 1451 1439 cave-

1481 488 1517 517 12

1481 736 1517 764 13

1480 859 1516 887 14

1478 982 1516 1010 15

1476 1413 1494 1441 [ὑ

93 1466 215 1508 retur,
240 1459 284 1499 id
308 1458 393 1499 suis
408 1458 604 1499 decedere
619 1458 766 1513 opibus
787 1459 1019 1500 credebant.
1058 1460 1242 1501 omnium
1256 1460 1446 1515 primum,

92 1536 186 1563 cum
216 1520 328 1560 velut
357 1520 400 1560 in
430 1526 693 1561 controverso
718 1521 805 1561 iure
837 1528 964 1570 esset,
1002 1529 1288 1563 tenerenturne
1313 1529 1450 1576 patres

91 1582 199 1638 plebi
226 1582 351 1631 scitis,
377 1582 513 1637 legem
538 1582 775 1623 centuriatis
801 1583 976 1624 comitiis
1002 1583 1149 1633 tulere,
1175 1590 1221 1625 ut
1246 1584 1357 1637 quod
1382 1585 1451 1624 tri-

91 1644 223 1685 butim
246 1643 379 1698 plebis
403 1643 606 1692 iussisset,
631 1643 832 1698 populum
857 1651 1031 1694 teneret,
1057 1659 1140 1698 qua
1163 1645 1255 1700 lege
1280 1644 1452 1686 tribuni-

92 1706 209 1746 niciis
233 1704 515 1759 rogationibus
539 1705 666 1746 telum
691 1706 936 1746 acerrimum
960 1706 1102 1746 datum
1122 1713 1196 1747 est.
1233 1706 1355 1746 aliam
1381 1706 1452 1746 de-

93 1767 187 1807 inde
218 1766 473 1807 consularem
503 1766 640 1821 legem
669 1767 720 1808 de
750 1768 1059 1821 provocatione,
1096 1768 1266 1808 unicum
1296 1768 1452 1822 praesi-

94 1828 208 1868 dium
237 1827 453 1876 libertatis,
491 1828 754 1868 decemvirali
783 1836 986 1883 potestate
1012 1843 1198 1869 eversam
1228 1844 1312 1870 non
1334 1830 1452 1870 resti-

95 1894 214 1929 tuunt
243 1888 384 1936 modo,
423 1888 496 1928 sed
525 1889 648 1929 etiam
677 1889 720 1929 in
754 1897 966 1943 posterum
1002 1890 1193 1930 muniunt
1229 1891 1450 1932 sanciendo

95 1965 245 1990 novam
269 1949 422 2003 legem,
459 1964 510 1990 ne
541 1950 633 2002 quis
658 1950 789 1990 ullum
819 1951 1107 2005 magistratum
1139 1951 1227 1993 sine
1251 1967 1451 2006 provoca-

96 2012 204 2052 tione
229 2018 401 2060 crearet,
439 2012 509 2064 qui
534 2019 730 2061 creasset,
769 2027 863 2053 eum
894 2013 958 2053 ius
989 2013 1137 2067 fasque
1168 2020 1277 2055 esset
1307 2015 1449 2063 occidi,

96 2087 200 2113 neve
225 2087 273 2113 ea
297 2073 443 2113 caedes
470 2073 656 2127 capitalis
681 2089 813 2115 noxae
838 2074 1069 2116 haberetur.
1109 2082 1148 2116 et
1173 2090 1267 2116 cum
1286 2075 1449 2130 plebem

96 2133 190 2174 hinc
214 2134 515 2188 provocatione,
542 2134 636 2175 hinc
661 2135 876 2177 tribunicio
901 2137 1053 2178 auxilio
1079 2137 1178 2179 satis
1204 2137 1449 2187 firmassent,
1479 2163 1483 2166 ·

96 2194 196 2248 ipsis
222 2209 384 2248 quoque
409 2195 602 2245 tribunis,
628 2203 673 2237 ut
698 2198 948 2239 sacrosancti
972 2198 1225 2248 viderentur,
1252 2199 1368 2240 cuius
1393 2199 1451 2239 rei

96 2270 222 2310 prope
235 2256 318 2296 iam
330 2257 527 2298 memoria
541 2257 786 2308 aboleverat,
811 2259 949 2300 relatis
964 2259 1211 2313 quibusdam
1233 2275 1285 2301 ex
1299 2275 1451 2316 magno

96 2318 310 2359 intervallo
335 2319 590 2360 caerimoniis
620 2328 869 2362 renovarunt
899 2328 939 2362 et
969 2337 1063 2363 cum
1093 2322 1291 2378 religione
1321 2323 1451 2364 invio-

96 2378 200 2420 latos
227 2394 315 2429 eos,
346 2387 433 2421 tum
457 2380 549 2436 lege
575 2382 697 2422 etiam
721 2382 907 2424 fecerunt
932 2384 1172 2434 sanciendo,
1206 2392 1252 2426 ut
1281 2385 1351 2438 qui
1381 2385 1451 2426 tri-

98 2440 218 2482 bunis
254 2441 406 2495 plebis,
444 2443 664 2493 aedilibus,
707 2444 912 2486 iudicibus
949 2446 1192 2488 decemviris
1227 2447 1448 2497 nocuisset,

97 2502 184 2542 eius
216 2510 340 2557 caput
362 2503 455 2544 Iovi
486 2519 646 2545 sacrum
678 2513 805 2556 esset,
843 2506 1000 2548 familia
1024 2508 1077 2548 ad
1101 2509 1245 2549 aedem
1272 2507 1448 2558 Cereris,

1478 2338 1493 2366 7

96 2563 239 2604 Liberi
262 2564 525 2619 Liberaeque
548 2581 701 2607 venum
724 2567 811 2608 iret.
861 2568 938 2609 hac
961 2568 1053 2624 lege
1083 2569 1183 2611 iuris
1207 2570 1448 2625 interpretes
1474 2583 1493 2613 S

96 2632 248 2680 negant
267 2640 516 2680 quemquam
535 2636 843 2670 sacrosanctum
861 2644 965 2679 esse,
993 2631 1066 2671 sed
1086 2646 1193 2681 eum,
1219 2632 1290 2685 qui
1309 2647 1449 2673 eorum

96 2686 159 2727 cui
186 2688 386 2738 nocuerit,
420 2704 581 2730 sacrum
607 2691 767 2732 sanciri.
815 2691 952 2745 itaque
977 2692 1150 2734 aedilem
1174 2693 1318 2748 prendi
1336 2694 1449 2735 duci-

1474 2707 1491 2738 9
