1835 3226
293 229 378 272 420
558 236 714 270 LIBER
737 234 848 278 vm,
874 233 1002 267 2122.
1029 235 1173 277 [a.u.c.
1189 233 1384 278 425-427]

294 342 479 396 quidam,
517 345 556 380 et
585 338 665 379 illis
695 336 868 378 vocibus
900 335 953 377 ad
982 335 1265 377 rebellandum
1295 336 1455 377 incitari
1479 345 1647 391 pacatos

250 421 268 450 (ς
293 403 486 458 populos;
513 415 606 454 pars
632 399 775 440 melior
800 407 967 440 senatus
994 398 1046 438 ad
1071 398 1240 439 meliora
1264 413 1465 453 responsa
1490 400 1650 441 trahere

297 473 334 505 ct
367 464 520 511 dicere,
558 461 635 501 x-iri
666 467 705 502 et
735 460 854 502 liberi
883 475 1028 501 vocem
1059 460 1259 501 auditam:
1296 476 1349 501 an
1379 461 1489 502 credi
1514 476 1649 516 posse,

292 526 422 566 ullum
457 523 657 579 populum
693 530 764 564 aut
799 522 1008 563 hominem
1039 522 1215 576 denique
1246 522 1289 563 in
1320 537 1368 564 ea
1399 524 1649 573 condicione,

292 587 408 628 cuius
430 601 522 626 eum
542 585 767 640 paeniteat,
793 584 946 625 diutius
966 599 1090 637 quam
1113 599 1283 625 necesse
1310 585 1360 625 sit
1386 586 1651 626 mansurum?

251 667 267 696 7
295 649 351 690 ibi
375 662 520 703 pacem
547 662 637 688 csse
656 646 800 696 fidam,
828 646 898 687 ubi
918 646 1137 687 voluntarii
1156 647 1291 701 pacati
1317 647 1415 696 sint,
1441 662 1575 701 neque
1601 661 1650 688 co

293 711 403 759 loco,
440 709 511 750 ubi
543 709 780 750 servitutem
814 723 905 749 esse
936 708 1081 758 velint,
1118 708 1242 749 fidem
1274 709 1519 764 sperandam
1545 724 1650 750 esse.

247 788 266 818 ε
293 773 335 813 in
365 772 471 813 hanc
497 771 741 813 sententiam
767 771 946 812 maxime
972 771 1117 812 consul
1141 771 1230 826 ipse
1254 771 1465 812 inclinavit
1490 772 1649 813 animos

291 834 515 875 identidem
540 834 593 875 ad
617 834 823 888 principes
850 834 1144 875 sententiarum
1165 833 1421 884 consulares,
1447 834 1506 874 uti
1526 849 1651 875 exau-

251 912 268 941 9
295 897 373 938 diri
408 904 548 951 posset
584 912 608 937 a
642 896 850 951 pluribus,
894 896 1086 946 dicendo,
1125 911 1195 937 eos
1227 896 1412 946 demum,
1449 897 1520 950 qui
1548 896 1649 936 nihil

292 967 581 1015 praeterquam
618 959 668 1000 de
704 958 892 1000 libertate
929 959 1128 1014 cogitent,
1165 959 1313 1014 dignos
1345 973 1436 1000 esse
1467 959 1538 1012 qui
1566 958 1653 1000 Ro-

226 1036 267 1065 10
291 1022 402 1062 mani
432 1021 543 1062 fiant.
591 1021 730 1075 itaque
761 1028 800 1062 et
830 1021 873 1062 in
904 1028 1049 1062 senatu
1081 1036 1250 1062 causam
1286 1020 1499 1062 obtinuere
1530 1027 1570 1062 et
1601 1035 1652 1062 cx

292 1084 532 1125 auctoritate
557 1091 719 1138 patrum
744 1082 873 1124 latum
899 1084 950 1124 ad
980 1083 1181 1138 populum
1212 1091 1292 1133 est,
1329 1090 1374 1124 ut
1397 1083 1650 1124 Privernati-

226 1160 264 1189 11
292 1145 370 1187 bus
397 1146 539 1186 civitas
566 1146 742 1186 daretur.
793 1147 937 1187 eodem
962 1161 1069 1187 anno
1094 1146 1245 1187 Anxur
1269 1146 1440 1187 trecenti
1464 1145 1507 1186 in
1538 1145 1648 1187 colo-

293 1207 403 1248 niam
430 1207 546 1247 missi
572 1214 684 1256 sunt3
716 1206 813 1248 bina
837 1207 980 1262 iugera
1005 1208 1093 1262 agri
1118 1214 1375 1262 acceperunt.

249 1284 264 1313 1
376 1269 532 1310 XXII.
584 1267 762 1309 Secutus
795 1276 857 1309 est
887 1285 1019 1310 annus
1050 1269 1162 1310 nulla.
1191 1285 1234 1310 re
1267 1269 1363 1311 belli
1394 1270 1557 1311 domive
1588 1270 1649 1310 in-

293 1331 441 1386 signis,
473 1329 522 1371 P.
548 1329 712 1371 Plautio
737 1330 933 1380 Proculo,
965 1330 1013 1371 P.
1042 1330 1235 1372 Cornelio
1263 1330 1445 1385 Scapula
1469 1331 1648 1372 consuli-

249 1406 267 1435 2
293 1393 391 1442 bus,
417 1400 704 1448 praeterquam
725 1393 836 1445 quod
855 1392 1066 1448 Fregellas
1093 1418 1146 1422 ——
1174 1392 1450 1434 Sidicinorum
1476 1393 1510 1434 is
1536 1407 1647 1446 ager,

293 1455 440 1495 deinde
471 1454 719 1495 Volscorum
755 1454 886 1495 fuerat
923 1480 977 1484 —
1014 1454 1174 1495 colonia
1209 1454 1385 1495 deducta
1421 1460 1459 1495 et
1495 1454 1648 1508 populo

249 1531 268 1560 3
295 1518 511 1558 visceratio
542 1518 637 1558 data
667 1533 692 1558 a
720 1517 782 1558 M.
807 1517 952 1559 Flavio
982 1518 1024 1558 in
1054 1518 1197 1559 funere
1228 1519 1381 1559 matris.
1431 1526 1544 1559 erant
1575 1518 1646 1571 qui

292 1594 367 1634 per
398 1580 577 1633 speciem
607 1579 869 1621 honorandae
900 1581 1080 1634 parentis
1106 1581 1293 1622 meritam
1318 1581 1548 1622 mercedem
1573 1595 1647 1635 po-

292 1640 389 1695 pulo
427 1641 603 1682 solutam
638 1641 1020 1696 interpretarentur,
1069 1643 1180 1695 quod
1216 1657 1308 1683 eum
1346 1643 1411 1683 die
1449 1643 1558 1683 dicta
1594 1641 1645 1683 ab

293 1702 493 1744 aedilibus
537 1703 704 1744 crimine
748 1710 955 1758 stupratae
997 1704 1138 1745 matris
1174 1704 1352 1745 familiae
1391 1703 1647 1746 absolvisset.

246 1778 266 1806 4
292 1765 387 1806 data
405 1766 622 1807 visceratio
642 1766 684 1806 in
702 1767 963 1821 praeteritam
981 1766 1121 1807 iudicii
1140 1767 1314 1822 gratiam
1338 1766 1504 1808 honoris
1525 1767 1647 1808 etiam

293 1828 330 1868 ei
356 1842 481 1869 causa
506 1828 600 1878 suit,
633 1828 968 1882 tribunatumque
992 1827 1128 1883 plebei
1151 1828 1350 1884 proximis
1377 1828 1550 1870 comitiis
1578 1827 1649 1870 ab-

294 1904 388 1931 sens
414 1890 648 1944 petcntibus
674 1891 917 1945 praefertur.

248 1966 267 1994 5
377 1951 612 2007 Palaepolis
644 1952 722 1993 suit
751 1952 864 1993 haud
893 1953 1035 2007 procul
1067 1953 1180 2002 inde,
1218 1952 1288 1994 ubi
1318 1967 1427 1994 nunc
1451 1952 1648 2007 Neapolis

294 2013 371 2054 sita
396 2021 470 2054 cst.
514 2014 675 2056 duabus
702 2015 872 2056 urbibus
897 2015 1074 2070 populus
1100 2015 1208 2056 idem
1234 2014 1458 2056 habitabat.
1503 2013 1649 2056 Cumis

291 2083 405 2116 erant
425 2077 603 2126 oriundi,
631 2076 809 2119 Cumani
825 2077 1023 2119 Chalcide
1041 2077 1231 2119 Euboica
1250 2078 1449 2132 originem
1469 2077 1646 2118 trahunt.

249 2152 266 2181 G
292 2137 442 2188 classe,
470 2153 551 2192 qua
570 2136 732 2180 a'dvecti
751 2139 802 2181 ab
823 2140 945 2181 domo
966 2139 1145 2189 fuerant,
1172 2140 1347 2180 multum
1366 2140 1407 2180 in
1427 2154 1497 2180 ora.
1521 2139 1646 2180 maris

292 2200 380 2241 eius
406 2201 517 2254 quod
542 2201 733 2243 accolunt
757 2209 945 2256 potuere,
972 2202 1104 2257 primo
1123 2202 1165 2242 in
1183 2202 1338 2243 insulas
1359 2201 1584 2242 Aenariam
1609 2208 1650 2242 et

291 2261 538 2304 Pithecusas
559 2264 728 2319 egressi,
750 2264 897 2305 deinde
917 2265 957 2304 in
979 2265 1254 2305 continentem
1274 2264 1364 2305 ausi
1385 2264 1503 2304 sedes
1518 2271 1650 2304 trans-

250 2340 264 2368 7
291 2324 410 2366 serre.
460 2325 562 2367 hacc
588 2327 732 2368 civitas
759 2341 853 2367 cum
880 2326 965 2368 suis
991 2326 1146 2367 viribus
1173 2334 1259 2367 tum
1287 2325 1533 2368 Samnitium
1558 2325 1650 2366 infi-

292 2386 367 2427 dae
408 2387 606 2430 adversus
644 2389 856 2430 Romanos
894 2388 1079 2429 societati
1116 2388 1221 2429 freta
1258 2389 1344 2429 sive
1379 2387 1648 2443 pestilentiae,

291 2462 395 2500 quae
426 2449 659 2491 Romanam
689 2450 834 2491 urbem
865 2450 1008 2490 adorta
1038 2450 1320 2499 nuntiabatur,
1357 2449 1488 2490 fidens
1520 2448 1649 2489 multa.

292 2509 455 2552 hostilia
485 2512 684 2554 adversus
710 2512 921 2554 Romanos
947 2527 1093 2567 agrum
1121 2511 1382 2568 Campanum
1406 2512 1650 2553 Falernum-

296 2584 374 2622 que
400 2572 624 2616 incolentes
651 2575 759 2615 fecit.

248 2641 267 2671 S
377 2633 509 2688 Igitur
528 2636 580 2676 L.
599 2635 791 2678 Cornelio
810 2637 1004 2686 Lentulo,
1033 2636 1085 2690 Q.
1106 2636 1287 2678 Publilio
1306 2636 1480 2678 Philone
1500 2636 1646 2676 iterum

294 2696 550 2746 consulibus,
577 2698 784 2740 fetialibus
798 2698 1054 2754 Palaepolim
1075 2699 1127 2740 ad
1147 2714 1212 2741 res
1231 2699 1474 2754 repetendas
1495 2697 1645 2745 missis,
