1780 3204
446 274 600 308 Lissnn
625 274 698 318 111,
725 273 778 307 25.
799 273 854 307 26.
887 275 936 316 [a.
954 272 1181 315 0459458]
1416 261 1495 302 149

135 395 201 421 res
232 379 464 434 repetitum.
515 392 585 419 eos
616 376 860 431 Aequorum
891 376 1129 431 imperator,
1168 390 1274 428 quae
1304 375 1498 416 mandata
1526 389 1540 415 ῖ

135 442 317 484 habeant
342 440 393 482 ab
421 447 566 481 senatu
589 440 798 489 Romano,
831 439 883 480 ad
908 453 1105 492 quercum
1130 438 1242 479 iubet
1268 437 1421 479 dicere:
1455 452 1498 478 se

136 505 216 546 alia
239 503 403 544 interim
428 510 628 543 acturum.
677 516 853 556 quercus
878 502 1024 556 ingens
1051 500 1172 541 arbor
1195 500 1398 555 praetorio
1423 500 1500 540 im-

135 565 333 615 minebat,
371 564 488 606 cuius
519 563 666 605 umbra
695 578 824 618 opaca
855 563 974 604 sedes
1007 569 1105 604 erat.
1155 568 1242 603 tum
1275 577 1326 603 ex
1349 562 1497 617 legatis
1524 575 1543 605 3

135 643 241 669 unus
267 627 410 668 abiens
443 630 501 667 ‘et
525 625 644 666 haec'
669 625 801 679 inquit
828 629 1006 666 ‘sacrata
1031 638 1206 678 quercus
1233 630 1273 665 et
1297 623 1498 677 quidquid

135 691 305 731 deorum
336 695 398 730 est
428 688 596 729 audiant
626 687 773 729 foedus
805 703 829 728 a
859 687 977 728 vobis
1008 693 1176 741 ruptum
1200 686 1434 739 nostrisque
1459 692 1499 726 et

134 766 243 792 nunc
273 750 464 805 querellis
495 749 632 791 adsint
663 755 702 790 et
732 764 829 790 mox
860 749 1003 798 armis,
1042 763 1136 789 cum
1167 748 1339 789 deorum
1367 747 1500 788 homi-

135 827 317 867 numque
355 811 478 853 simul
504 811 655 852 violata
684 811 774 852 iura
804 810 1105 864 exsequemur.’
1164 810 1343 851 Romam
1368 816 1411 849 ut
1437 824 1500 850 re·
1525 825 1542 851 υ

135 876 246 916 diere
270 874 414 930 legati,
441 879 606 915 senatus
632 873 751 913 iussit
776 872 948 913 alterum
973 872 1185 913 consulem
1206 879 1347 913 contra
1367 869 1498 913 Grac-

135 938 259 979 chum
284 937 326 978 in
349 936 552 992 Algidum
583 935 808 976 exercitum
838 934 1005 984 ducere,
1043 934 1160 975 alteri
1189 933 1497 989 populationem

135 1000 278 1040 finium
296 998 539 1052 Aequorum
562 997 816 1052 proxinciam
842 997 966 1037 dedit.
1004 996 1157 1037 tribuni
1183 1011 1257 1037 suo
1282 1010 1396 1037 more
1420 996 1497 1036 im-

134 1062 273 1117 pedire
305 1061 516 1109 dilectum3
555 1067 594 1100 et
618 1059 791 1101 forsitan
815 1059 866 1100 ad
892 1059 1081 1099 ultimum
1106 1059 1395 1113 impedissent,
1423 1057 1497 1099 sed

135 1139 266 1165 novus
294 1122 429 1164 subito
454 1122 617 1163 additus
643 1127 772 1162 terror
796 1128 870 1162 est.

218 1184 391 1227 XXVI.
429 1183 505 1225 Vis
527 1182 775 1225 Sabinorum
794 1183 941 1237 ingens
959 1196 1087 1236 prope
1113 1182 1166 1222 ad
1190 1181 1353 1222 moenia
1378 1180 1492 1222 urbis
1525 1197 1532 1223 1

132 1247 283 1288 infesta
300 1246 564 1301 populatione
583 1245 712 1285 venit:
738 1244 893 1285 foedati
919 1244 1025 1299 agri,
1052 1250 1180 1284 terror
1204 1244 1377 1284 iniectus
1404 1243 1495 1284 urbi

133 1315 205 1350 est.
254 1314 341 1348 tum
364 1307 482 1362 plebs
507 1306 685 1362 benigne
711 1321 824 1347 arma
849 1306 955 1360 cepit
965 1321 975 1355 3
1001 1305 1321 1346 reclamantibus
1342 1304 1496 1346 frustra

131 1369 303 1411 tribunis
328 1369 468 1424 magni
487 1369 568 1409 duo
590 1368 792 1409 exercitus
813 1368 965 1422 scripti.
1009 1367 1183 1408 alterum
1201 1367 1378 1408 Nautius
1400 1381 1495 1408 con-

131 1440 192 1473 tra
219 1430 398 1474 Sabinos
431 1431 548 1471 duxit
572 1431 799 1484 castrisque
825 1430 878 1471 ad
902 1430 1076 1471 Eretum
1100 1430 1246 1485 positis
1272 1444 1346 1484 per
1371 1444 1496 1484 expe-

130 1495 304 1535 ditiones
322 1509 484 1549 parvas,
504 1493 747 1548 plerumque
767 1493 977 1535 nocturnis
996 1492 1317 1542 incursionibus,
1339 1499 1495 1533 tantam

130 1556 363 1597 vastitatem
393 1557 436 1596 in
463 1554 620 1598 Sabino
651 1571 751 1612 agro
775 1556 970 1605 reddidit,
1004 1562 1049 1596 ut
1074 1556 1286 1610 conparati
1319 1556 1372 1597 ad
1404 1571 1494 1597 eam

132 1633 259 1673 prope
283 1619 426 1658 intacti
450 1617 558 1659 bello
583 1617 686 1659 fines
710 1618 891 1659 Romani
916 1618 1162 1658 viderentur.

216 1679 403 1720 Minucio
422 1694 556 1733 neque
574 1679 740 1720 fortuna
758 1694 833 1720 nec
852 1679 915 1720 vis
936 1679 1063 1720 animi
1082 1680 1226 1720 eadem
1246 1680 1289 1719 in
1313 1679 1495 1734 gerendo
1523 1692 1539 1718 ι’,

130 1741 295 1796 negotio
324 1741 421 1782 fuit:
456 1757 553 1782 nam
584 1756 678 1782 cum
708 1741 820 1782 haud
850 1741 993 1796 procul
1023 1741 1074 1782 ab
1105 1741 1224 1782 hoste
1257 1750 1392 1782 castra
1421 1755 1494 1795 po-

133 1803 300 1851 suisset,
326 1802 438 1843 nulla
462 1817 712 1857 magnopere
738 1803 854 1844 clade
874 1810 1061 1858 accepta,
1089 1803 1234 1844 castris
1257 1818 1299 1844 sc
1320 1803 1494 1856 pavidus

132 1863 309 1905 tenebat.
348 1864 459 1916 quod
475 1863 548 1905 ubi
567 1872 779 1905 senserant
797 1865 958 1914 hostes,
985 1865 1113 1905 crevit
1133 1880 1186 1905 ex
1210 1872 1324 1905 metu
1348 1864 1494 1914 alieno,
1522 1879 1539 1906 4

132 1932 177 1966 ut
196 1925 259 1975 fit,
285 1926 475 1975 audacia,
502 1932 540 1966 et
560 1933 679 1967 nocte
700 1927 831 1967 adorti
851 1934 1002 1976 castra,
1028 1934 1249 1981 postquam
1267 1941 1414 1981 parum
1432 1927 1495 1968 vis

133 1994 274 2042 aperta
292 1987 534 2042 profecerat,
560 1988 807 2029 munitiones
828 1995 993 2043 postero
1013 1989 1078 2029 die
1098 1989 1364 2030 circumdant.
1390 2003 1495 2042 quae

133 2050 374 2104 priusquam
398 2049 578 2103 undique
604 2049 712 2091 vallo
737 2049 921 2091 obiectae
941 2050 1177 2092 clauderent
1197 2051 1349 2099 exitus,
1376 2051 1496 2103 quin-

133 2125 213 2164 que
244 2111 402 2164 equites
431 2111 537 2152 inter
562 2111 757 2153 stationes
782 2111 965 2153 hostium
990 2113 1131 2153 emissi
1154 2112 1333 2153 Romam
1356 2119 1495 2167 pertu-

133 2173 234 2222 lere,
261 2172 473 2213 consulem
499 2173 806 2227 exercitumque
832 2173 1024 2215 obsideri.
1072 2174 1175 2215 nihil
1211 2181 1295 2214 tam
1331 2174 1495 2228 necopi-
1521 2190 1538 2218 5

132 2241 275 2274 natum
298 2249 375 2275 nec
400 2241 485 2275 tam
507 2235 762 2290 insperatum
787 2236 972 2277 accidere
997 2237 1142 2291 potuit.
1191 2237 1330 2290 itaque
1355 2243 1494 2277 tantus

132 2309 272 2350 pavor,
299 2301 412 2336 tanta
436 2296 652 2350 trepidatio
677 2297 773 2347 suit,
800 2305 972 2351 quanta,
999 2298 1035 2339 si
1053 2298 1217 2347 urbem,
1244 2313 1328 2339 non
1347 2305 1493 2348 castra,

133 2357 272 2398 hostes
297 2357 544 2399 obsiderent.
603 2358 801 2400 Nautium
826 2360 1038 2401 consulem
1063 2367 1289 2401 arcessunt.
1343 2360 1386 2400 in
1411 2374 1493 2413 quo
1520 2376 1538 2404 ι,-

134 2434 227 2460 cum
256 2434 403 2474 parum
432 2421 627 2475 praesidii
656 2422 864 2463 videretur
893 2423 1216 2476 dictatoremque
1247 2423 1328 2463 dici
1358 2423 1495 2477 place-

132 2487 212 2530 ret,
243 2481 314 2535 qui
343 2496 431 2522 rem
459 2483 693 2537 perculsam
716 2484 965 2535 restitueret,
996 2485 1050 2526 L.
1079 2484 1299 2539 Quinctius
1327 2484 1494 2527 Cincin-

134 2551 254 2584 natus
280 2558 487 2585 consensu
510 2545 694 2586 omnium
719 2546 878 2587 dicitur.

219 2602 384 2660 Operae
420 2607 596 2661 pretium
632 2614 695 2648 est
729 2608 888 2657 audire,
926 2608 997 2662 qui
1032 2609 1170 2650 omnia
1204 2623 1302 2664 prae
1339 2609 1492 2650 divitiis
1520 2625 1535 2653 7

131 2665 312 2708 humana
338 2675 534 2723 spernunt
558 2683 692 2723 neque
710 2669 856 2711 honori
874 2686 1025 2726 magno
1043 2670 1181 2712 locum
1199 2686 1333 2726 neque
1352 2672 1492 2713 virtuti

132 2735 275 2783 putant
296 2743 406 2780 esse,
433 2730 513 2771 nisi
532 2730 602 2772 ubi
623 2731 779 2773 effusae
799 2731 981 2773 adfluant
1006 2747 1124 2788 opes:
1151 2748 1246 2789 spes
1271 2732 1393 2775 unica
1417 2733 1493 2774 im·
1517 2750 1537 2778 s·

1522 1384 1539 1410 Ν.
