1780 3204
440 294 593 330 LIBER
617 294 662 338 V,
683 294 737 328 36.
756 294 810 328 37.
839 296 886 337 [a.
902 292 939 328 C.
953 294 1029 329 391.
1043 295 1125 338 390]
1381 285 1462 326 287

106 403 271 451 cedant3
308 401 424 442 aliter
448 415 593 455 pacem
618 399 826 454 impetrari
850 414 933 440 non
964 413 1099 453 posse.
1155 405 1194 439 et
1217 413 1464 454 responsum

107 479 243 505 coram
270 463 469 504 Romanis
496 462 680 515 accipere
706 461 809 502 velle
835 467 893 509 et,
922 461 956 500 si
980 468 1154 515 negetur
1178 475 1294 516 ager,
1327 475 1464 501 coram

107 526 252 566 iisdem
280 524 476 565 Romanis
503 524 780 572 dimicaturos,
807 530 851 563 ut
875 523 1061 563 nuntiare
1088 523 1255 563 domum
1280 528 1462 577 possent,

108 594 306 640 quantum
327 584 438 627 Galli
463 586 610 626 virtute
636 592 792 626 ceteros
818 584 1011 625 mortales
1030 591 1296 639 praestarent.
1335 585 1465 638 quod-
1491 599 1504 625 s

109 664 203 689 nam
228 648 271 688 id
294 648 358 688 ius
384 654 504 696 esset,
532 662 677 703 agrum
702 663 726 688 a
743 646 1053 702 possessoribus
1073 652 1210 700 petere
1231 652 1300 687 aut
1319 647 1466 686 minari

110 726 233 760 arma,
260 709 459 750 Romanis
485 709 787 763 quaerentibus,
815 715 853 749 et
879 708 978 761 quid
1001 708 1044 748 in
1061 708 1229 749 Etruria
1253 709 1312 749 rei
1333 706 1465 749 Gallis

110 779 236 820 esset,
275 787 368 813 cum
393 771 451 811 illi
477 786 521 811 se
546 771 588 811 in
613 771 735 811 armis
761 771 824 811 ius
850 770 956 811 ferre
983 778 1021 811 et
1053 770 1191 811 omnia
1214 770 1382 811 fortium
1408 770 1466 810 vi-

110 849 246 875 rorum
272 848 362 874 esse
388 834 576 874 ferociter
595 833 786 882 dicerent,
814 833 998 873 accensis
1022 832 1227 886 utrimque
1247 833 1393 874 animis
1414 832 1467 873 ad

111 912 223 936 arma
248 895 488 936 discurritur
513 901 552 935 et
576 895 777 949 proelium
803 895 1041 936 conseritur.

194 957 271 1007 Ibi,
298 958 378 998 iam
404 957 644 1012 urgentibus
664 957 897 998 Romanam
921 957 1065 998 urbem
1091 957 1200 1007 fatis,
1226 957 1352 1012 legati
1371 971 1467 998 con·
1503 971 1511 998 ς

112 1026 172 1060 tra
203 1019 266 1060 ius
298 1019 484 1074 gentium
514 1034 628 1059 arma
658 1019 836 1073 capiunt.
896 1034 972 1060 nec
1003 1019 1045 1060 id
1071 1019 1176 1060 clam
1207 1034 1298 1060 esse
1324 1021 1467 1074 potuit,

111 1096 205 1121 cum
231 1087 324 1122 ante
350 1081 468 1136 signa
491 1080 764 1121 Etruscorum
790 1087 872 1122 tres
897 1081 1143 1121 nobilissimi
1173 1081 1469 1134 fortissimique

111 1143 323 1184 Romanae
359 1143 581 1183 iuventutis
618 1149 868 1197 pugnarent:
912 1148 1070 1182 tantum
1107 1141 1313 1182 eminebat
1354 1156 1471 1195 pere-

112 1205 227 1261 grina
252 1205 393 1245 virtus.
454 1204 553 1257 quin
579 1204 701 1244 etiam
729 1203 780 1256 Q.
806 1203 963 1244 Fabius
995 1209 1162 1245 evectus
1194 1209 1309 1244 extra
1339 1203 1469 1244 aciem
1498 1215 1512 1242 ῖ

112 1281 216 1320 equo
241 1267 386 1306 ducem
410 1263 636 1314 Gallorum,
663 1264 854 1305 ferociter
876 1265 919 1304 in
943 1265 1034 1319 ipsa
1060 1265 1178 1319 signa
1197 1264 1471 1305 Etruscorum

111 1329 398 1376 incursantem,
425 1341 497 1381 per
521 1326 628 1367 latus
654 1326 897 1367 transfixum
923 1326 1041 1367 hasta
1062 1327 1210 1367 occidit
1220 1343 1230 1376 3
1257 1326 1470 1382 spoliaque

111 1390 197 1430 eius
222 1389 427 1444 legentem
455 1387 566 1430 Galli
592 1403 797 1444 agnovere
822 1403 977 1444 perque
1003 1395 1131 1430 totam
1162 1389 1292 1430 aciem
1316 1389 1470 1430 Roma-

111 1466 210 1491 num
244 1450 428 1506 legatum
464 1465 555 1492 esse
593 1451 757 1506 signum
794 1451 936 1492 datum
974 1458 1048 1493 est.
1109 1452 1264 1493 omissa
1298 1452 1393 1492 inde
1428 1452 1471 1492 in

114 1513 306 1554 Clusinos
343 1513 404 1553 ira
438 1513 622 1567 receptui
659 1520 810 1554 canunt
841 1514 1044 1555 minantes
1076 1514 1289 1555 Romanis.
1356 1520 1470 1554 erant

112 1575 181 1628 qui
207 1575 411 1629 extemplo
436 1575 615 1616 Romam
640 1575 821 1616 eundum
848 1583 1080 1626 censerent3
1112 1576 1247 1617 vicere
1274 1576 1469 1625 seniores,

112 1647 155 1677 ut
174 1637 298 1692 legati
316 1638 429 1692 prius
450 1638 705 1678 mitterentur
723 1644 915 1691 questum
935 1638 1102 1679 iniurias
1122 1638 1470 1692 postulatumque,

113 1705 157 1739 ut
180 1714 254 1753 pro
279 1699 366 1739 iure
391 1699 577 1753 gentium
605 1699 753 1740 violato
778 1699 899 1740 Fabii
924 1700 1182 1740 dederentur.
1220 1700 1345 1754 legati
1372 1698 1473 1740 Gal·
1499 1714 1507 1728 ‘

113 1760 244 1801 lorum
270 1775 364 1800 eum
389 1775 449 1809 ea,
477 1761 582 1801 sicut
608 1767 723 1801 erant
748 1761 955 1810 mandata,
983 1761 1285 1816 exposuissent,
1313 1761 1472 1801 senatui

115 1835 191 1862 nec
222 1821 377 1861 factum
407 1822 598 1875 placebat
627 1822 851 1863 Fabiorum
889 1829 928 1863 et
964 1823 1029 1864 ius
1065 1823 1273 1876 postulare
1310 1822 1474 1863 barbari

116 1882 372 1923 videbantur.
433 1883 505 1923 sed
535 1897 587 1924 ne
618 1883 661 1923 id
691 1884 803 1936 quod
831 1884 1022 1938 placebat
1053 1885 1289 1925 decerneret
1318 1884 1361 1924 in
1385 1890 1474 1925 tan-

119 1958 182 1984 tae
212 1943 435 1984 nobilitatis
466 1945 582 1994 viris,
621 1945 789 1986 ambitio
821 1945 1023 1986 obstabat.
1084 1946 1222 1999 itaque
1259 1961 1310 1987 ne
1345 1961 1471 2001 penes

117 2007 230 2061 ipsos
256 2005 376 2060 culpa
401 2013 510 2047 esset
535 2007 662 2048 cladis
693 2007 798 2048 forte
825 2006 986 2049 Gallico
1017 2008 1125 2050 bello
1156 2016 1367 2064 acceptae,
1406 2025 1473 2051 co-

118 2068 342 2123 gnitionem
379 2068 430 2108 de
465 2069 681 2122 postulatis
715 2069 930 2111 Gallorum
967 2071 1020 2112 ad
1053 2072 1253 2126 populum
1287 2073 1471 2114 reiciunt.

119 2129 190 2170 ubi
215 2136 327 2170 tanto
351 2129 444 2183 plus
470 2131 602 2185 gratia
627 2138 748 2185 atque
774 2147 873 2187 opes
901 2133 1084 2182 valuere,
1124 2141 1184 2183 ut,
1223 2148 1396 2187 quorum
1421 2135 1480 2176 de-

120 2205 251 2246 poena
287 2191 503 2246 agebatur,
547 2193 699 2234 tribuni
734 2194 910 2235 militum
947 2195 1153 2236 consulari
1194 2203 1397 2250 potestate
1432 2197 1475 2237 in

120 2253 406 2306 insequentem
443 2269 596 2294 annum
632 2262 876 2297 crearentur.
937 2271 1018 2310 quo
1054 2257 1164 2298 facto
1206 2257 1317 2298 haud
1354 2273 1475 2301 secus

120 2328 244 2367 quam
269 2315 439 2369 dignum
466 2322 550 2356 erat
574 2316 725 2357 infensi
751 2316 862 2359 Galli
891 2317 1045 2358 bellum
1075 2319 1288 2374 propalam
1318 2320 1476 2361 minan-

121 2382 182 2416 tes
208 2375 261 2415 ad
292 2391 389 2416 suos
419 2377 603 2418 redeunt.
664 2378 816 2419 tribuni
846 2379 1023 2420 militum
1053 2394 1148 2420 cum
1178 2380 1308 2422 tribus
1332 2381 1474 2423 Fabiis
1524 2396 1535 2408 ³

121 2436 246 2477 creati
272 2435 324 2489 Q.
353 2435 561 2492 Sulpicius
585 2439 775 2495 Longus,
804 2439 856 2493 Q.
885 2439 1086 2482 Servilius
1112 2449 1270 2495 quarto,
1296 2442 1346 2484 P.
1373 2442 1476 2485 Cor-

121 2498 253 2539 nelius
278 2498 594 2553 Maluginensis.

206 2560 453 2602 XXXVII.
487 2560 596 2603 Cum
620 2569 732 2604 tanta
756 2563 885 2605 moles
905 2564 1002 2605 mali
1021 2565 1192 2607 instaret
1210 2591 1264 2596 ——
1282 2567 1385 2608 adeo
1404 2568 1476 2609 ob-

123 2629 263 2663 caecat
286 2623 444 2664 animos
470 2623 650 2674 fortuna,
677 2625 749 2666 ubi
773 2625 857 2666 vim
882 2641 999 2667 suam
1023 2627 1283 2682 ingruentem
1307 2629 1476 2686 refringi

123 2699 204 2725 non
228 2685 316 2726 vult
342 2710 412 2736 -—,
439 2686 601 2737 civitas,
633 2702 738 2741 quae
764 2688 962 2730 adversus
987 2689 1228 2731 Fidenatem
1254 2706 1302 2733 ac
1325 2691 1477 2734 Veien-

123 2757 204 2788 tem
233 2746 393 2788 hostem
425 2748 608 2802 aliosque
644 2749 837 2790 finitimos
873 2751 1048 2805 populos
1085 2751 1227 2794 ultima
1263 2754 1475 2809 experiens

1502 1961 1540 1989 lo
