1835 3226
272 941 287 969 *Ι

257 1620 295 1648 10

276 1930 293 1957 Ιὺ

314 264 397 304 292
664 267 819 301 LIBER
843 267 888 310 V,
914 266 968 299 41.
987 266 1040 299 42.
1070 269 1117 309 [a.
1132 277 1165 301 u.
1181 277 1212 301 c.
1229 267 1311 310 364]

311 379 475 428 postero
506 371 571 411 die
603 369 746 411 urbem
781 375 946 424 patente
980 368 1143 410 Collina
1177 375 1296 423 porta
1331 369 1372 409 in
1410 369 1544 411 forum
1578 387 1670 426 pcr-

312 434 499 482 veniunt,
526 431 860 472 circumferentes
883 430 1024 471 oeulos
1050 430 1103 471 ad
1128 430 1281 485 templa
1304 430 1427 471 deum
1453 446 1670 486 arcemque

313 495 476 549 (totam)
503 493 632 535 solam
657 492 754 534 belli
779 493 958 547 speciem
978 498 1196 533 tenentem.
1236 493 1330 533 inde
1350 494 1511 535 modico
1530 495 1671 536 relicto

312 555 534 611 praesidio,
566 569 617 595 ne
643 554 735 607 quis
760 554 803 594 in
828 554 1049 609 dissipatos
1075 568 1127 595 ex
1152 569 1243 595 aree
1269 562 1339 595 aut
1366 554 1572 610 Capitolio
1596 556 1672 596 im-

312 624 430 673 petus
455 617 588 665 fieret,
620 616 768 671 dilapsi
793 617 846 657 ad
870 616 1066 670 praedam
1090 616 1233 657 vacuis
1259 612 1434 658 occursu
1461 617 1672 659 hominum

314 680 409 728 viis,
446 694 542 733 pars
572 678 613 718 in
649 678 838 732 proxima
874 692 1061 731 quaeque
1098 684 1298 719 tectorum
1335 680 1498 734 agmine
1534 687 1672 729 ruunt,

313 756 408 796 pars
440 741 601 789 ultima,
639 740 752 781 velut
784 755 832 781 ea
862 740 1028 780 demum
1059 740 1211 781 intaeta
1246 747 1286 781 01
1321 742 1472 782 referta
1505 742 1671 796 praeda,

313 808 467 857 petunt.
504 802 600 843 inde
619 816 761 842 rursus
781 801 872 856 ipsa
892 801 1111 842 solitudine
1131 801 1354 851 absterriti,
1379 817 1430 843 ne
1453 817 1535 855 qua
1560 804 1673 845 fraus

313 865 473 907 hostilis
503 879 633 919 vagos
660 864 883 918 exciperet,
914 864 957 904 in
982 864 1117 904 forum
1143 879 1191 904 ae
1215 865 1446 918 propinqua
1471 865 1561 905 foro
1585 865 1676 907 loca

315 927 549 982 conglobati
573 926 779 976 rcdibant3
805 925 877 967 ubi
901 940 970 966 eos
990 925 1122 980 plebis
1143 926 1338 967 aedificiis
1359 926 1577 977 obseratis,
1603 942 1676 982 pa-

315 989 493 1030 tentibus
525 988 637 1029 atriis
667 988 919 1042 principum,
957 988 1087 1028 maior
1116 1002 1244 1042 prope
1275 988 1480 1029 cunetatio
1511 989 1674 1030 tenebat

315 1057 455 1105 aperta
490 1065 614 1103 quam
651 1050 793 1090 clausa
827 1049 1067 1090 invadendi:
1107 1049 1210 1090 adeo
1247 1049 1357 1090 haud
1396 1064 1514 1091 secus
1551 1065 1674 1104 quam

316 1111 597 1152 venerabundi
637 1111 902 1152 intuebantur
943 1111 985 1151 in
1026 1111 1190 1151 aedium
1233 1110 1448 1152 vestibulis
1486 1112 1674 1153 sedentes

319 1174 428 1214 viros
458 1180 620 1228 praeter
650 1180 837 1214 ornatum
875 1173 1143 1226 habitumque
1180 1172 1360 1214 humano
1396 1174 1675 1228 augustiorem

317 1235 529 1276 maiestate
566 1235 706 1284 etiam,
744 1250 868 1288 quam
905 1235 1043 1275 vultus
1080 1235 1343 1289 gravitasque
1380 1236 1461 1276 oris
1497 1250 1596 1290 prae
1632 1250 1675 1276 se

318 1297 491 1347 ferebat,
519 1297 746 1337 simillimos
772 1297 847 1337 dis.
896 1297 949 1337 ad
974 1311 1043 1337 eos
1069 1297 1180 1337 velut
1206 1297 1424 1337 simulacra
1449 1297 1555 1337 versi
1583 1311 1675 1337 cum

319 1365 490 1408 starent,
521 1358 582 1399 M.
609 1358 800 1413 Papirius
837 1373 943 1398 unus
981 1372 1032 1398 ex
1068 1357 1131 1398 his
1169 1358 1317 1398 (licitur
1348 1357 1470 1399 Gallo
1506 1357 1675 1399 barbam

319 1435 454 1470 suam,
482 1428 524 1461 ut
546 1428 632 1461 tum
651 1419 841 1461 omnibus
860 1420 1064 1474 promissa
1083 1426 1180 1464 crat,
1206 1419 1474 1473 permulcenti
1495 1419 1675 1474 scipione

319 1482 498 1523 eburneo
524 1482 564 1522 in
591 1490 714 1536 caput
737 1482 903 1522 incusso
929 1481 1029 1522 iram
1055 1481 1255 1531 movissc3
1293 1489 1414 1534 atque
1446 1480 1497 1522 ab
1528 1496 1575 1521 co
1602 1481 1673 1521 ini-

320 1544 421 1584 tium
458 1544 595 1584 caedis
632 1549 783 1592 ortum,
833 1549 989 1583 ceteros
1031 1542 1072 1582 in
1111 1542 1277 1583 sedibus
1316 1543 1400 1583 suis
1439 1543 1674 1584 trucidatos.

320 1612 414 1660 post
433 1605 666 1659 principum
687 1605 854 1645 caedem
874 1604 975 1644 nulli
994 1604 1141 1645 deinde
1160 1605 1391 1645 mortalium
1405 1605 1529 1659 parci,
1556 1605 1675 1659 diripi

319 1673 443 1715 tecta,
471 1666 682 1707 exhaustis
708 1666 803 1706 inici
827 1666 958 1720 ignes.

402 1728 656 1768 XXXXIL
714 1727 909 1768 Ceterum
929 1751 982 1756 -—-
1004 1739 1077 1767 seu
1101 1741 1184 1767 non
1209 1727 1399 1768 omnibus
1425 1728 1587 1768 delendi
1612 1743 1679 1768 111·-

319 1790 413 1831 bem
437 1790 563 1831 libido
589 1796 675 1830 erat
701 1804 774 1830 seu
797 1789 855 1829 ita
873 1788 1083 1843 placuerat
1103 1789 1357 1843 principibus
1380 1787 1612 1838 Gallorum,
1639 1797 1677 1830 ct

319 1852 515 1893 ostentari
540 1852 741 1906 quaedam
767 1850 957 1891 incendia
982 1850 1145 1891 terroris
1172 1865 1315 1899 causa,
1348 1850 1382 1891 si
1408 1851 1597 1905 compelli
1627 1851 1677 1891 ad

320 1914 570 1955 deditionem
595 1914 762 1954 caritate
789 1913 934 1954 sedum
959 1927 1125 1953 suarum
1147 1912 1306 1953 obsessi
1326 1919 1513 1967 possent,
1540 1921 1580 1953 et
1598 1927 1679 1953 non

321 1976 457 2017 omnia
483 1975 735 2017 concremari
761 1981 886 2024 tecta,
914 1980 959 2015 ut
979 1974 1268 2028 quodcumque
1294 1981 1528 2028 superesset
1552 1974 1678 2023 urbis,

322 2039 363 2079 id
393 2039 545 2094 pignus
571 2039 624 2079 ad
648 2038 872 2079 flectendos
898 2036 1078 2077 hostium
1104 2037 1262 2077 animos
1288 2036 1504 2086 haberent,
1531 2061 1585 2066 ——
1610 2051 1680 2077 nc-

319 2116 527 2155 quaquam
558 2101 727 2155 perinde
757 2107 879 2153 atque
909 2099 952 2139 in
977 2106 1096 2153 capta
1121 2098 1220 2139 urbe
1245 2099 1377 2153 prima
1401 2099 1466 2139 die
1492 2104 1563 2139 aut
1585 2113 1679 2153 pas-

276 2178 292 2205 :3
321 2164 397 2204 sim
428 2170 499 2204 aut
527 2163 608 2204 late
639 2168 813 2218 vagatus
846 2168 908 2202 est
938 2161 1059 2216 ignis.
1108 2160 1286 2202 Romani
1317 2175 1368 2201 ex
1399 2174 1491 2201 arce
1515 2160 1677 2215 plenam

281 2733 299 2759 ἰ)

320 2226 500 2267 hostium
524 2225 669 2267 urbem
694 2231 907 2265 cernentes
930 2238 1139 2278 vagosque
1157 2238 1231 2278 per
1250 2223 1337 2263 vias
1357 2237 1498 2264 omnes
1519 2236 1676 2270 cursus,

320 2302 414 2328 eum
440 2288 519 2329 alia
544 2294 666 2341 atque
692 2287 772 2327 alia
794 2292 909 2341 parte
935 2300 1044 2326 nova
1063 2285 1201 2339 aliqua
1221 2285 1357 2326 clades
1378 2291 1571 2333 oreretur,
1597 2299 1678 2325 non

321 2350 526 2391 mentibus
559 2350 691 2391 solum
723 2349 956 2403 concipere,
995 2348 1068 2390 sed
1098 2363 1148 2389 ne
1174 2347 1341 2389 auribus
1367 2347 1533 2400 quidem
1557 2352 1679 2399 atque

322 2412 449 2453 oculis
472 2412 570 2453 satis
591 2418 778 2453 constare
796 2416 997 2465 poterant.
1035 2424 1294 2463 quocumque
1314 2409 1468 2449 clamor
1485 2408 1677 2456 hostium,

322 2474 538 2514 mulierum
553 2487 857 2529 puerorumque
871 2472 1067 2526 ploratus,
1095 2472 1252 2512 sonitus
1272 2471 1461 2511 flammae
1482 2477 1522 2511 et
1542 2470 1680 2525 fragor

321 2536 526 2577 ruentium
557 2542 757 2577 tectorum
789 2534 1022 2583 avertisset,
1054 2539 1251 2587 paventes
1283 2533 1335 2573 ad
1361 2532 1497 2573 onmia
1522 2531 1678 2572 animos

322 2612 474 2651 oraque
499 2604 539 2639 et
563 2597 703 2639 oculos
728 2595 945 2637 flectebant
971 2595 1081 2636 velut
1101 2596 1153 2636 ad
1173 2594 1454 2650 spectaculum
1473 2609 1497 2634 a
1517 2593 1679 2634 fortuna

322 2659 444 2712 positi
475 2660 700 2701 occidentis
731 2658 886 2714 patriae
917 2671 991 2698 nec
1022 2657 1144 2698 ullius
1174 2672 1309 2697 rerum
1348 2670 1513 2696 suarum
1548 2652 1676 2694 relicti

325 2727 606 2774 praeterquam
628 2735 841 2776 corporum
863 2719 1066 2768 vindices,
1093 2725 1205 2759 tanto
1225 2725 1318 2759 ante
1338 2717 1438 2757 alios
1458 2713 1675 2755 miserandi
