1780 3204
502 264 656 298 LIBER
675 264 729 308 11,
756 263 808 297 1-2.
837 262 1036 307 [acme]
1395 254 1446 293 75

90 370 286 419 obsideri,
325 384 500 422 quorum
532 382 654 422 saepe
686 367 889 408 exercitus
920 366 1089 415 fuderit,
1127 366 1263 419 itaque
1294 381 1446 422 magno

89 432 315 485 audacique
342 431 479 484 aliquo
503 429 686 470 facinore
718 444 810 470 eam
840 428 1126 483 indignitatem
1157 428 1447 469 vindicandam

88 500 220 542 ratus,
252 493 384 547 primo
411 507 486 533 sua
511 498 656 546 sponte
680 497 894 545 penetrare
919 490 961 530 in
985 489 1167 530 hostium
1193 496 1328 530 castra
1352 505 1449 531 con-

90 555 237 604 stituit,
263 555 359 595 dein
402 560 609 602 metuens,
635 567 704 602 ne,
739 552 774 593 si
799 551 1015 593 consulum
1039 551 1199 592 iniussu
1225 558 1264 592 et
1287 552 1443 607 ignaris

91 616 280 657 omnibus
306 616 394 664 iret,
420 615 526 656 fortc
551 614 832 669 deprehensus
858 629 882 654 a
901 613 1141 654 custodibus
1161 613 1361 654 Romanis
1386 628 1449 654 re-

90 678 316 719 traheretur
340 685 385 718 ut
415 676 648 732 transfuga,
685 676 851 717 fortuna
880 682 968 716 tum
997 674 1111 716 urbis
1144 675 1298 716 crimen
1329 676 1449 716 adfir-

89 746 245 788 mante,
278 745 466 780 senatum
496 738 592 779 adit.
644 738 835 779 ‘transire
861 736 1076 786 Tiberim,'
1113 737 1245 790 inquit
1277 741 1444 792 ‘patres,

89 809 130 842 ct
152 802 314 849 intrare,
343 801 378 840 si
401 801 571 855 possim,
599 806 733 840 castra
756 799 938 840 hostium
962 798 1070 847 volo,
1097 813 1180 839 non
1199 800 1353 854 praedo
1373 814 1449 840 nec

89 862 403 917 populationum
422 862 598 902 invicem
617 861 741 910 ultor3
767 861 913 909 maius,
941 860 977 901 si
1001 861 1043 900 di
1067 861 1221 909 iuvant,
1248 861 1291 901 in
1310 861 1448 902 animo

89 931 152 965 est
176 923 362 965 facinus.’
411 923 638 978 adprobant
661 929 818 977 patres,
856 921 996 962 abdito
1020 922 1126 962 intra
1155 929 1315 963 vestem
1339 923 1448 963 ferro

88 985 372 1040 proficiscitur.
422 985 492 1026 ubi
523 999 571 1025 eo
601 985 731 1033 venit,
769 984 812 1024 in
842 983 1145 1024 confertissima
1170 983 1290 1025 turba
1319 999 1447 1039 prope

88 1048 249 1102 regium
278 1046 456 1088 tribunal
492 1046 684 1087 constitit.
739 1044 797 1086 ibi
833 1059 926 1086 cum
963 1045 1213 1099 stipendium
1249 1046 1446 1087 militibus

88 1109 194 1150 forte
225 1110 389 1150 daretur
419 1115 459 1149 et
490 1108 625 1149 scriba
657 1122 751 1148 cum
774 1121 872 1161 rege
898 1107 1046 1147 sedens
1071 1107 1160 1160 pari
1190 1107 1276 1147 fere
1302 1115 1448 1148 ornatu

88 1171 216 1211 multa
240 1178 390 1225 ageret,
418 1185 512 1211 eum
536 1169 686 1210 milites
711 1168 835 1223 volgo
861 1169 1030 1217 adirent,
1058 1169 1207 1209 timens
1234 1169 1445 1218 sciscitari,

87 1239 177 1272 uter
200 1232 375 1272 Porsina
400 1238 521 1280 esset,
548 1245 599 1271 ne
623 1230 854 1286 ignorando
878 1244 1020 1285 regem
1046 1237 1177 1270 semet
1200 1230 1290 1284 ipse
1315 1231 1447 1285 aperi-

86 1300 146 1334 ret
170 1294 261 1347 quis
288 1300 415 1342 esset,
442 1308 523 1347 quo
549 1299 700 1334 temere
726 1292 848 1333 traxit
873 1292 1037 1333 fortuna
1062 1291 1242 1341 facinus,
1270 1291 1445 1334 scribam

85 1369 159 1409 pro
184 1369 282 1410 rege
307 1354 536 1396 obtruncat.

169 1416 402 1458 Vadentem
425 1417 532 1466 inde,
560 1431 642 1470 qua
665 1431 739 1471 per
764 1416 966 1471 trepidam
984 1416 1148 1458 turbam
1168 1423 1336 1458 cruento
1356 1432 1446 1458 mu-

86 1493 206 1519 crone
233 1478 312 1519 sibi
335 1479 424 1533 ipse
449 1479 603 1519 fecerat
629 1479 750 1527 viam,
778 1493 890 1527 cum,
917 1493 1122 1519 concursu
1147 1479 1199 1519 ad
1225 1479 1445 1520 clamorem

85 1539 214 1589 facto,
241 1540 570 1594 conprehensum
593 1541 697 1595 regii
722 1541 918 1581 satellites
943 1541 1228 1589 retraxissent,
1256 1548 1349 1581 ante
1375 1541 1444 1581 tri-

86 1601 211 1642 bunal
240 1602 350 1656 regis
376 1602 614 1651 destitutus,
652 1610 740 1643 tum
770 1616 933 1655 quoque
959 1602 1064 1643 inter
1089 1609 1223 1643 tantas
1255 1602 1445 1643 fortunae

86 1664 218 1704 minas
244 1664 488 1705 metuendus
514 1665 647 1719 magis
673 1679 797 1718 quam
827 1672 1034 1713 metuens,
1074 1664 1308 1705 ‘Romanus
1335 1665 1445 1705 sum’
1471 1681 1478 1705 2

87 1725 219 1777 inquit
244 1725 382 1775 ‘civis,
417 1725 466 1767 C.
492 1725 682 1767 Mucium
706 1735 867 1767 vocant.
916 1726 1047 1767 hostis
1073 1726 1236 1767 hostem
1261 1727 1445 1766 occidere

88 1786 217 1835 volui,
249 1801 324 1826 nec
349 1787 402 1827 ad
425 1794 599 1828 mortem
626 1788 761 1828 minus
788 1788 914 1828 animi
940 1794 1002 1828 est
1027 1802 1149 1840 quam
1175 1787 1253 1827 suit
1278 1787 1331 1827 ad
1356 1801 1447 1827 cae-

89 1847 200 1887 dem:
234 1853 273 1888 et
297 1847 433 1888 :facere
458 1855 497 1888 et
520 1849 607 1902 pati
630 1848 753 1888 fortia
776 1848 1012 1889 Romanum
1044 1855 1118 1888 est.
1167 1862 1243 1888 nec
1273 1863 1379 1889 unus
1405 1848 1445 1888 in

89 1914 128 1948 te
154 1923 231 1962 ego
256 1908 332 1949 hos
358 1909 516 1950 animos
542 1910 672 1964 gessi,
709 1909 860 1963 longus
890 1916 985 1963 post
1015 1924 1080 1949 me
1113 1909 1212 1950 ordo
1244 1916 1306 1950 est
1335 1909 1445 1951 idem

88 1970 313 2024 petentium
338 1971 476 2011 decus.
526 1971 696 2025 proinde
721 1971 764 2011 in
787 1972 865 2012 hoc
891 1972 1128 2020 discrimen,
1162 1972 1197 2012 si
1221 1972 1352 2021 iuvat,
1380 1987 1446 2013 ac-

90 2032 271 2086 cingere,
308 2038 353 2072 ut
378 2032 422 2072 in
446 2032 629 2087 singulas
655 2032 777 2073 horas
804 2033 936 2087 capite
962 2033 1133 2073 dimices
1165 2040 1253 2082 tuo,
1291 2033 1446 2074 ferrum

90 2093 331 2146 hostemque
356 2094 399 2133 in
422 2093 627 2135 vestibulo
658 2093 812 2135 habeas
843 2094 994 2149 regiae.
1042 2094 1120 2135 hoc
1151 2094 1225 2135 tibi
1253 2095 1444 2136 iuventus
1501 2111 1508 2137 ι

90 2155 278 2196 Romana
289 2155 507 2196 indicimus
521 2155 687 2196 bellum.
724 2156 880 2196 nullam
899 2157 1041 2205 aciem,
1067 2156 1226 2198 nullum
1244 2157 1445 2211 proelium

89 2216 285 2266 timueris,
311 2217 382 2257 uni
406 2217 480 2258 tibi
504 2224 544 2258 et
568 2232 661 2258 cum
688 2218 860 2272 singulis
885 2232 951 2259 res
971 2218 1070 2259 erit?
1107 2233 1201 2259 cum
1225 2233 1299 2259 rex
1324 2219 1445 2260 simul

89 2277 149 2318 ira
171 2277 357 2320 infensus
388 2279 652 2333 periculoque
683 2280 925 2321 conterritus
958 2280 1202 2321 circumdari
1232 2280 1340 2335 ignis
1370 2282 1446 2321 mi-

89 2339 339 2380 nitabundus
358 2340 529 2390 iuberet,
555 2341 635 2382 nisi
655 2350 911 2395 expromeret
936 2356 1122 2396 propere,
1149 2357 1251 2395 quas
1277 2343 1446 2384 insidia-

90 2416 181 2441 rum
206 2401 285 2442 sibi
309 2402 442 2443 minas
467 2417 541 2457 per
565 2403 762 2459 ambages
793 2404 960 2453 iaceret,
996 2409 1066 2445 ‘en
1090 2403 1195 2453 tibi,’
1224 2404 1356 2457 inquit
1382 2409 1443 2446 ‘ut
1493 2420 1509 2447 :³

91 2463 256 2512 sentias,
282 2478 407 2517 quam
430 2465 510 2505 vile
536 2479 684 2520 corpus
711 2466 764 2506 sit
787 2466 849 2515 iis,
876 2467 947 2519 qui
970 2481 1164 2521 magnam
1188 2466 1361 2521 gloriam
1384 2467 1444 2508 vi-

90 2524 203 2565 dent'
240 2525 507 2580 dextramque
543 2542 719 2569 accenso
755 2528 808 2568 ad
850 2528 1096 2569 sacrificium
1138 2528 1276 2570 foculo
1317 2529 1441 2570 inicit.

89 2600 214 2639 quam
238 2602 332 2628 cum
356 2588 469 2629 velut
493 2589 668 2631 alienato
693 2589 744 2631 ab
771 2605 896 2631 sensu
926 2596 1094 2632 torreret
1125 2591 1280 2641 animo,
1315 2606 1443 2646 prope

89 2649 284 2690 attonitus
316 2650 514 2692 miraculo
538 2665 612 2692 rex
637 2666 731 2693 cum
755 2651 806 2693 ab
833 2652 930 2693 sede
955 2667 1030 2693 sua
1053 2652 1312 2707 prosiluisset
1330 2668 1444 2695 amo-

1473 566 1490 593 4

1474 753 1493 780 ἵ)

1476 1061 1491 1088 *1

1476 1862 1513 1890 10

1474 2233 1511 2262 12

88 2711 254 2764 verique
281 2711 331 2752 ab
358 2711 553 2754 altaribus
578 2713 768 2754 iuvenem
794 2713 998 2763 iussisset,
1039 2718 1101 2754 ‘tu
1126 2729 1222 2756 vero
1248 2714 1345 2764 abi,’
1379 2715 1439 2756 in·
1469 2726 1508 2753 14
