1835 3226
275 823 294 850 4

283 2725 301 2752 4

320 262 374 302 42
641 269 793 303 L1BER
824 269 858 312 Ι,
884 269 1005 303 31139.
1035 271 1386 316 [a.u.0.13s-170]

323 372 561 419 Conlatino,
611 377 655 411 ut
696 385 768 411 vos
811 370 1092 425 populumque
1130 370 1395 413 Conlatinum
1431 374 1675 418 dederetis?’

322 432 510 473 ‘sumus'
571 436 704 472 ‘estne
746 432 922 486 populus
961 431 1204 474 Conlatinus
1246 434 1288 473 in
1325 449 1397 475 sua
1435 439 1675 490 potestate?

323 494 428 534 ‘cst.'
489 493 711 535 ‘deditisne
753 508 827 534 vos
869 494 1150 548 populumque
1194 494 1476 546 Conlatinum,
1520 498 1675 547 urbem,

321 570 461 610 agros,
487 569 655 608 aquam,
682 556 895 605 terminos,
922 556 1110 605 delubra,
1137 557 1346 607 utensilia,
1373 559 1511 600 divina
1535 560 1678 601 huma—

322 631 456 670 naque
481 617 618 658 omnia
643 617 685 657 in
709 632 844 658 meam
869 618 1092 673 populique
1119 619 1296 660 Romani
1321 620 1557 662 ditionem?'
1591 623 1678 663 ‘de-

321 679 482 720 dimus.'
532 684 591 720 ‘at
616 694 694 734 ego
719 680 898 734 recipio.'
1361 673 1365 676 Α

403 740 522 781 Bello
550 739 706 782 Sabino
731 741 915 796 perfecto
940 741 1192 795 Tarquinius
1218 743 1474 798 triumphans
1501 744 1675 787 Romam

319 803 435 843 redit.
483 803 578 844 inde
603 803 749 857 priscis
773 804 937 845 Latinis
963 803 1116 845 bellum
1142 804 1257 854 fecit,
1289 805 1360 846 ubi
1390 821 1596 859 nusquam
1627 808 1678 848 ad

319 865 535 906 universae
559 865 617 906 rei
642 865 946 907 dimicationem
971 873 1138 907 ventum
1164 874 1244 907 est:
1271 867 1323 908 ad
1343 867 1505 923 singula
1529 869 1680 923 oppida

322 927 648 969 circumferendo
673 944 787 969 arma
812 943 932 969 omne
957 943 1106 969 nomen
1132 929 1330 969 Latinum
1356 929 1525 971 domuit.
1577 930 1680 972 Cor-

322 989 523 1038 niculum,
555 989 726 1031 Ficulea
751 997 889 1038 vetus,
924 989 1134 1039 Cameria,
1169 990 1519 1041 Crustumerium,
1551 991 1680 1033 Ame-

322 1051 443 1100 riola,
476 1051 697 1101 Medullia,
730 1052 999 1101 Nomentum,
1036 1051 1139 1092 haec
1169 1052 1219 1093 de
1250 1053 1396 1107 priscis
1422 1054 1585 1095 Latinis
1611 1062 1680 1095 aut

321 1113 391 1165 qui
421 1113 473 1153 ad
496 1113 672 1155 Latinos
703 1113 938 1155 defecerant
968 1120 1088 1168 capta
1117 1114 1280 1169 oppida.
1329 1130 1411 1170 pax
1441 1115 1588 1157 deinde
1619 1124 1679 1157 est

323 1174 444 1215 facta.

405 1235 565 1277 Maiore
590 1237 684 1277 inde
709 1237 844 1279 animo
870 1237 982 1291 pacis
1009 1252 1132 1292 opera
1157 1237 1347 1279 inchoata
1372 1253 1495 1292 quam
1527 1248 1679 1292 quanta

324 1297 430 1338 mole
455 1307 641 1353 gesserat
666 1298 791 1347 bella,
824 1306 869 1339 ut
900 1314 981 1339 non
1016 1299 1191 1352 quietior
1220 1300 1397 1354 populus
1429 1300 1540 1341 domi
1571 1309 1679 1342 essct

323 1373 446 1412 quam
477 1360 643 1400 militiae
675 1360 841 1401 fuisset:
879 1376 974 1401 nam
1000 1368 1039 1401 et
1063 1376 1180 1402 muro
1205 1361 1385 1415 lapideo,
1419 1363 1534 1403 cuius
1561 1377 1679 1403 exor-

322 1422 434 1462 dium
460 1422 593 1476 operis
616 1421 771 1463 Sabino
797 1422 904 1463 bello
929 1422 1137 1464 turbatum
1158 1430 1260 1472 crat,
1287 1423 1449 1473 urbem,
1476 1438 1557 1477 qua
1576 1439 1678 1465 non-

323 1483 422 1524 dum
453 1484 672 1532 munierat,
711 1484 874 1539 cingere
904 1491 1020 1539 parat
1051 1491 1091 1525 et
1120 1485 1261 1525 infima
1296 1485 1408 1526 urbis
1445 1485 1536 1526 loca
1571 1486 1677 1526 circa

322 1539 458 1580 forum
483 1539 665 1592 aliasque
690 1540 921 1581 interiectas
947 1540 1120 1581 collibus
1146 1541 1370 1590 convalles,
1397 1541 1494 1594 quia
1519 1556 1569 1582 ex
1593 1541 1679 1596 pla-

322 1602 386 1643 nis
411 1602 512 1642 locis
538 1601 638 1642 haut
672 1601 792 1643 facile
818 1602 1047 1644 evehebant
1078 1617 1225 1656 aquas,
1258 1603 1407 1644 cloacis
1438 1603 1606 1658 fastigio
1638 1603 1678 1643 in

325 1664 507 1704 Tiberim
543 1663 677 1704 ductis
716 1664 843 1704 siccat
879 1670 918 1704 et
954 1678 1090 1704 aream
1126 1660 1179 1704 ad
1215 1665 1359 1705 aedem
1394 1665 1437 1705 in
1475 1664 1679 1719 Capitolio

322 1725 455 1773 Iovis,
481 1739 606 1777 quam
626 1732 795 1765 voverat
812 1724 920 1766 bello
936 1724 1111 1774 Sabino,
1137 1726 1219 1766 iam
1238 1726 1522 1780 praesagiente
1544 1726 1679 1766 animo

322 1786 504 1826 futuram
530 1786 626 1826 olim
652 1786 964 1840 amplitudinem
988 1786 1085 1835 loci,
1112 1794 1286 1840 occupat
1309 1786 1600 1828 fundamentis.

406 1847 700 1889 XXXVIIII.
753 1848 819 1889 Eo
844 1854 1027 1902 tempore
1064 1848 1106 1888 in
1136 1849 1250 1903 regia
1280 1849 1515 1903 prodigium
1545 1849 1678 1888 visum

322 1916 554 1962 eventuque
573 1909 757 1951 mirabile
777 1910 866 1950 fuit.
897 1924 1025 1964 puero
1044 1910 1274 1959 dormienti,
1302 1910 1367 1950 cui
1384 1909 1529 1951 Servio
1544 1909 1680 1950 Tullio

321 1971 399 2011 fuit
429 1986 598 2020 nomen,
636 1979 759 2026 caput
789 1972 940 2013 arsisse
971 1971 1107 2012 ferunt
1132 1971 1353 2012 multorum
1378 1972 1419 2012 in
1444 1979 1678 2026 conspectu.

322 2033 497 2087 plurimo
526 2033 652 2087 igitur
681 2033 858 2075 clamore
883 2034 978 2074 inde
1004 2034 1056 2074 ad
1081 2040 1217 2074 tantae
1242 2034 1298 2074 rci
1324 2034 1567 2074 miraculum
1592 2040 1680 2075 orto

322 2095 478 2135 excitos
509 2109 628 2149 reges
661 2101 718 2144 et,
756 2110 849 2136 cum
881 2095 1049 2149 quidam
1078 2095 1342 2136 familiarium
1367 2110 1517 2148 aquam
1542 2095 1595 2136 ad
1619 2110 1680 2136 re-

324 2155 617 2210 stinguendum
650 2156 790 2206 ferret,
828 2156 880 2197 ab
910 2157 1054 2211 regina
1083 2164 1305 2206 retentum,
1344 2157 1568 2210 sedatoque
1598 2157 1679 2198 iam

325 2216 503 2257 tumultu
539 2217 694 2257 moveri
726 2218 906 2258 vetuisse
936 2233 1129 2272 puerum,
1167 2219 1298 2258 donec
1330 2232 1405 2258 sua
1436 2226 1580 2272 sponte
1611 2232 1680 2258 ex-

324 2286 534 2332 perrectus
577 2286 698 2320 essct.
759 2294 855 2319 mox
898 2293 993 2319 cum
1030 2294 1174 2320 somno
1211 2287 1250 2319 et
1286 2279 1493 2320 flammam
1530 2279 1678 2320 abisse.

323 2349 410 2380 tum
435 2340 612 2381 abducto
638 2340 679 2380 in
705 2347 908 2382 secretum
933 2341 1020 2381 viro
1041 2341 1245 2394 Tanaquil
1272 2341 1411 2382 ‘viden
1437 2348 1482 2381 tu
1506 2355 1678 2395 puerum

322 2402 462 2450 hunc‚'
499 2402 629 2455 inquit
662 2406 803 2455 ‘quem
833 2410 916 2443 tam
952 2402 1097 2443 humili
1133 2403 1244 2443 cultu
1281 2402 1531 2443 educamus?
1577 2403 1679 2444 scire

323 2464 417 2505 iicet
447 2464 555 2504 hunc
588 2464 726 2504 lumen
756 2465 964 2517 quondam
993 2464 1116 2505 rebus
1147 2465 1298 2506 nostris
1329 2464 1465 2505 dubiis
1497 2464 1676 2504 futurum

324 2526 656 2580 praesidiumque
686 2526 824 2580 regiae
855 2525 1055 2567 adflictae.
1103 2526 1275 2580 proinde
1299 2526 1512 2566 materiam
1537 2526 1679 2580 ingen-

325 2588 374 2628 tis
405 2588 569 2643 publice
599 2587 872 2643 privatimque
908 2587 1066 2629 decoris
1105 2587 1216 2628 omni
1252 2587 1506 2642 indulgentia
1539 2593 1677 2626 nostra

325 2650 577 2691 nutriamus.'

411 2711 512 2752 Inde
544 2726 713 2765 puerum
746 2712 919 2754 liberum
950 2711 1040 2753 loco
1065 2717 1255 2766 coeptum
1280 2710 1421 2751 haberi
1447 2707 1675 2760 erudirique
