1780 3204
499 214 651 248 LIBER
677 197 710 257 1,
737 214 791 248 53.
822 218 868 257 [a.
886 214 1132 257 usai-510]
1438 208 1491 246 235>

222 318 344 359 Llll.
382 317 486 367 Nec,
513 326 557 357 ut
581 317 757 357 iniustus
782 317 824 357 in
848 331 948 372 pace
973 332 1063 366 reX,
1090 318 1147 358 ita
1170 317 1255 358 dux
1281 318 1375 360 belli
1401 333 1491 373 pra-
1522 335 1532 362 1

137 396 213 420 vus
239 380 336 429 fuit,
369 380 468 433 quin
493 394 541 420 ea
566 386 650 419 arte
676 386 895 432 aequasset
920 379 1150 434 superiores
1175 394 1314 434 reges,
1351 381 1392 420 ni
1424 381 1493 421 de-

137 452 378 496 generatum
424 441 466 482 in
514 441 603 482 aliis
653 441 748 481 huie
796 455 958 494 quoque
1000 441 1136 482 decori
1179 441 1398 483 offecisset.
1457 443 1491 484 is

137 503 291 557 primus
328 502 495 544 Volscis
533 502 686 543 bellum
721 503 764 542 in
800 503 997 544 ducentos
1035 503 1210 557 amplius
1246 511 1341 558 post
1377 519 1493 545 suam

137 572 313 606 aetatem
349 580 477 606 annos
515 565 642 606 movit
680 563 961 618 Suessamque
997 564 1230 606 Pometiam
1266 580 1317 607 ex
1353 566 1417 608 his
1453 567 1494 607 vi

138 628 256 682 cepit.

222 689 309 730 Ubi
340 703 433 730 eum
464 689 722 731 divendenda
751 689 903 743 praeda
938 689 1210 744 quadraginta
1246 690 1398 731 talenta
1433 706 1496 731 ar·
1521 706 1539 733 3

137 751 250 806 genti
280 751 510 800 refecisset,
548 751 733 804 concepit
764 751 900 791 animo
931 765 1022 791 eam
1047 752 1357 806 amplitudinem
1382 752 1494 793 Iovis

139 813 299 867 templi,
326 828 431 867 quae
451 813 577 867 digna
596 813 718 852 deum
738 812 1031 866 hominumque
1051 828 1160 868 rege,
1187 829 1292 868 quae
1306 815 1495 856 Romano

137 875 328 929 imperio,
355 889 461 928 quae
486 874 615 929 ipsius
641 874 763 914 etiam
787 873 867 914 loci
891 875 1104 915 maiestate
1131 883 1251 916 esset.
1291 876 1495 930 captivam

137 937 357 991 pecuniam
380 937 423 976 in
448 936 772 977 aedificationem
798 936 885 976 eius
911 937 1053 990 templi
1078 938 1273 990 seposuit.

154 1050 157 1053 ι
220 998 400 1053 Excepit
430 997 577 1038 deinde
607 1012 702 1038 eum
731 997 880 1038 lentius
913 1012 986 1051 spe
1017 997 1188 1048 bellum,
1227 1014 1308 1053 quo
1336 998 1494 1041 Gabios
1521 1014 1540 1041 4

136 1060 408 1114 propinquam
429 1059 591 1108 urbem,
618 1059 867 1111 nequiquam
889 1059 929 1098 vi
948 1059 1135 1108 adortus,
1163 1074 1257 1100 eum
1276 1061 1493 1101 obsidendi

136 1135 299 1175 quoque
340 1120 485 1161 urbem
527 1134 622 1174 spes
663 1120 784 1174 pulso
825 1135 849 1160 a
890 1119 1106 1161 moenibus
1144 1121 1336 1175 adempta
1372 1130 1493 1171 esset,

134 1189 342 1236 postremo
366 1182 533 1222 minime
552 1188 637 1222 arte
656 1182 863 1231 Romana,
890 1182 1035 1222 fraude
1060 1196 1107 1222 ac
1133 1183 1245 1232 dolo,
1273 1184 1494 1239 adgressus

135 1250 208 1284 est.
262 1258 359 1284 nam
395 1258 507 1292 cum,
551 1243 663 1284 velut
697 1243 832 1297 posito
869 1243 994 1293 bello,
1037 1243 1316 1286 fundamentis
1354 1246 1495 1300 templi
1521 1262 1538 1289 3

134 1304 333 1345 faciendis
370 1305 542 1358 aliisque
578 1304 746 1345 urbanis
784 1305 977 1359 operibus
1008 1305 1211 1347 intentum
1243 1322 1286 1348 se
1319 1322 1410 1348 esse
1442 1308 1495 1348 si-

135 1366 324 1415 mularet,
360 1366 513 1408 Sextus
543 1367 651 1408 filius
685 1367 791 1416 eius,
830 1368 901 1420 qui
932 1368 1125 1410 minimus
1158 1383 1210 1409 ex
1235 1369 1364 1410 tribus
1392 1378 1490 1419 erat,

134 1428 356 1483 transfugit
380 1443 431 1469 ex
457 1429 684 1483 composito
704 1428 882 1478 Gabios,
908 1430 1035 1484 patris
1057 1431 1098 1470 in
1125 1446 1168 1472 se
1195 1432 1408 1473 saevitiam
1434 1433 1494 1473 in-

134 1490 389 1532 tolerabilem
419 1506 692 1545 conquerens:
730 1492 813 1532 iam
844 1492 895 1533 ab
927 1492 1070 1533 alienis
1107 1493 1150 1533 in
1187 1509 1284 1535 suos
1321 1495 1494 1536 vertisse
1521 1510 1538 1537 ο·

135 1552 370 1607 superbiam
401 1559 441 1593 et
471 1553 692 1594 liberorum
723 1568 887 1607 quoque
918 1569 1012 1594 eum
1038 1554 1292 1608 frequentiae
1317 1557 1492 1606 taedere,

133 1621 180 1655 ut
202 1629 327 1668 quam
351 1615 395 1655 in
419 1615 531 1656 curia
556 1616 819 1656 solitudinem
844 1616 1005 1665 feeerit,
1031 1617 1142 1657 domi
1168 1632 1331 1671 quoque
1356 1618 1492 1667 faciat,

134 1691 186 1716 ne
211 1690 334 1728 quam
361 1677 546 1731 stirpem,
579 1692 630 1717 ne
660 1692 784 1730 quem
814 1678 1007 1718 heredem
1037 1679 1155 1733 regni
1184 1679 1399 1732 relinquat.
1450 1694 1493 1720 se
1522 1695 1537 1722 7

135 1738 302 1790 quidem
333 1738 437 1779 inter
467 1739 548 1779 tela
579 1746 619 1779 et
643 1740 803 1794 gladios
828 1740 955 1793 patris
982 1740 1168 1794 elapsum
1192 1741 1293 1781 nihil
1318 1757 1494 1794 usquam

136 1799 215 1840 sibi
239 1806 392 1848 tutum,
418 1801 498 1840 nisi
523 1801 635 1854 apud
658 1801 798 1842 hostes
824 1802 877 1841 L.
900 1802 1099 1854 Tarquini
1125 1803 1360 1843 credidisse.
1399 1818 1494 1843 nam

136 1875 187 1901 ne
213 1868 410 1910 errarent,
443 1877 608 1902 manere
633 1862 682 1903 iis
707 1862 881 1912 bellum,
914 1864 1025 1915 quod
1054 1863 1234 1917 positum
1266 1864 1491 1913 simuletur,

137 1930 176 1962 et
202 1937 274 1976 per
298 1923 557 1964 occasionem
583 1938 676 1963 eum
702 1923 888 1965 incautos
908 1924 1160 1965 invasurum.
1199 1926 1309 1978 quod
1330 1926 1364 1966 si
1383 1927 1493 1980 apud
1519 1942 1537 1969 s

137 1999 207 2026 eos
234 1985 486 2040 supplicibus
512 1986 627 2027 locus
653 2001 736 2026 non
761 1987 830 2035 sit,
863 1994 1164 2041 pererraturum
1196 2002 1240 2028 se
1265 2003 1385 2029 omne
1409 1990 1496 2029 La-

136 2047 256 2097 tium,
289 2046 549 2100 Volscosque
582 2062 625 2088 se
655 2048 750 2088 inde
782 2055 821 2088 et
844 2048 1016 2101 Aequos
1048 2055 1089 2089 et
1112 2048 1316 2090 Hernicos
1346 2050 1506 2104 petitu-'

136 2124 244 2158 rum,
283 2109 413 2150 donec
445 2110 497 2150 ad
528 2124 598 2150 eos
629 2110 859 2164 perveniat,
896 2110 967 2163 qui
1002 2126 1026 2150 a
1060 2109 1493 2165 patrum'crudelibus

137 2177 258 2224 atque
304 2171 441 2225 impiis
491 2171 702 2226 suppliciis
745 2178 884 2226 tegere
925 2171 1076 2213 liberos
1120 2173 1261 2213 sciant.
1321 2173 1495 2214 forsitan
1520 2188 1538 2216 9

137 2233 258 2273 etiam
283 2233 438 2274 ardoris
464 2233 619 2286 aliquid
643 2233 697 2274 ad
720 2233 874 2274 bellum
905 2249 1100 2287 armaque
1126 2249 1170 2275 se
1201 2235 1400 2276 adversus
1427 2251 1495 2276 su-

136 2294 427 2349 perbissimum
473 2310 615 2350 regem
663 2310 711 2336 ae
759 2296 1061 2337 ferocissimum
1109 2297 1306 2351 populum
1348 2298 1491 2339 inven-

137 2364 285 2397 turum.

223 2417 350 2467 Cum,
400 2419 434 2459 si
469 2419 570 2459 nihil
604 2427 877 2469 morarentur,
926 2420 1112 2462 infensus
1148 2421 1208 2462 ira
1241 2436 1362 2475 porro
1398 2422 1492 2462 inde
1522 2436 1560 2465 10

136 2479 320 2522 abiturus
345 2481 568 2531 videretur,
599 2481 778 2537 benigne
802 2482 854 2523 ab
881 2481 1056 2524 Gabinis
1088 2483 1299 2537 excipitur.
1354 2489 1494 2525 vetant

137 2543 290 2592 mirari,
324 2544 376 2592 si,
409 2544 541 2597 qualis
566 2544 609 2584 in
634 2545 763 2593 cives,
796 2545 928 2597 qualis
952 2545 996 2585 in
1021 2545 1173 2594 socios,
1205 2545 1297 2586 talis
1323 2546 1377 2587 ad.
1400 2546 1493 2586 ulti-

135 2619 249 2645 mum
280 2606 321 2645 in
351 2605 500 2647 liberos
527 2612 647 2647 esset.
696 2606 738 2646 in
764 2621 807 2648 se
831 2607 967 2661 ipsum
992 2614 1201 2662 postremo
1227 2607 1489 2658 saeviturum,
1520 2623 1556 2651 11

136 2667 171 2707 si
201 2667 280 2708 alia
311 2668 456 2709 desint.
508 2668 585 2709 sibi
616 2684 712 2709 vero
743 2676 906 2724 gratum
938 2669 1160 2711 adventum
1191 2670 1278 2710 eius
1311 2684 1402 2711 esse
1426 2670 1492 2711 fu-

1520 458 1537 486 Na
