1780 3204
491 268 645 303 LIBER
669 268 741 312 VJ,
768 269 819 301 1⁴3.
841 268 893 302 17.
921 270 968 311 [a.
985 266 1119 312 cass]
1400 259 1479 299 321

134 374 302 415 militem
338 388 385 414 ac
420 372 648 427 praesidem
688 371 818 412 sinitis
854 371 994 412 vexari
1035 370 1086 412 ab
1129 371 1330 412 inimicis?
1382 371 1483 412 hacc

132 436 292 484 dextra,
319 450 400 489 qua
426 432 571 475 Gallos
597 433 686 474 fudi
711 449 733 474 a
759 432 939 474 delubris
965 433 1130 483 vestris,
1163 434 1245 474 iam
1270 434 1311 474 in
1336 434 1482 474 vinclis

132 505 170 538 et
197 497 350 538 catenis
377 496 491 537 erit?'

214 558 376 599 Nullius
401 573 476 599 nec
502 557 608 598 oculi
632 571 707 597 nec
733 571 852 598 aures
871 557 1155 612 indignitatem
1176 556 1381 607 ferebant,
1409 558 1481 598 sed

131 620 282 661 invicta
324 619 402 661 sibi
438 619 639 673 quaedam
675 618 973 673 patientissima
1008 619 1105 659 iusti
1140 619 1300 673 imperii
1338 620 1480 660 civitas

131 682 283 723 fecerat
319 696 393 722 nec
430 682 627 722 adversus
665 681 918 721 dictatoriam
955 681 1037 721 vim
1069 688 1139 721 aut
1169 681 1320 722 tribuni
1349 682 1481 737 plebis

131 751 200 784 aut
224 744 315 798 ipsa
338 743 454 798 plebs
480 743 661 784 attollere
688 742 828 784 oculos
854 750 924 783 aut
948 743 1106 784 hiscere
1131 743 1349 784 audebant.
1387 759 1483 785 con-

131 806 233 847 iecto
264 806 306 846 in
337 820 541 847 carcerem
572 805 731 845 Manlio
763 805 862 846 satis
899 812 1058 846 constat
1094 821 1288 860 magnam
1323 812 1482 860 partem

129 867 261 922 plebis
287 876 445 908 vestem
469 874 671 916 mutasse,
704 866 854 908 multos
880 867 1072 908 mortales
1099 867 1293 922 capillum
1318 882 1365 908 ac
1390 867 1483 908 bar-

130 929 223 969 bam
246 929 485 983 promisisse
503 928 843 982 obversatamque
863 927 1067 970 vestibulo
1088 929 1261 970 carceris
1282 936 1482 970 maestam

132 991 304 1031 turbam.

212 1052 403 1094 Dictator
437 1053 487 1093 de
524 1052 689 1093 Volscis
726 1052 1010 1106 triumphavit,
1053 1053 1312 1107 inxidiaeque
1349 1054 1481 1108 magis

129 1115 359 1169 triumphus
385 1129 507 1168 quam
533 1115 686 1169 gloriae
718 1114 813 1154 fuit:
851 1115 1002 1169 quippe
1034 1115 1163 1164 domi,
1201 1131 1283 1155 non
1313 1116 1481 1156 militiae

127 1184 289 1232 partum
315 1191 408 1217 eum
433 1183 651 1229 actumque
677 1176 727 1216 de
753 1176 859 1224 cive,
891 1191 972 1216 non
1003 1177 1053 1217 de
1084 1176 1201 1217 hoste
1232 1177 1481 1226 fremebant3

129 1255 255 1280 unum
285 1238 466 1279 defuisse
499 1244 657 1277 tantum
689 1237 923 1291 superbiae,
956 1238 1066 1290 quod
1096 1253 1178 1278 non
1208 1237 1270 1278 M.
1297 1238 1481 1279 Manlius

127 1307 219 1341 ante
245 1315 407 1340 currum
434 1299 485 1340 sit
504 1299 664 1340 ductus.
702 1298 866 1352 iamque
887 1299 998 1340 haud
1021 1300 1165 1354 procul
1191 1300 1390 1341 seditione
1414 1316 1479 1341 res

125 1369 222 1403 erat.
272 1362 387 1403 cuins
419 1362 631 1402 leniendae
663 1376 789 1402 eausa
817 1362 1051 1416 postulante
1076 1362 1189 1403 nullo
1214 1363 1384 1418 largitor
1408 1379 1481 1405 vo-

124 1424 321 1465 luntarius
352 1430 518 1478 repente
550 1431 715 1465 senatus
747 1423 881 1465 factus
917 1422 1123 1465 Satricum
1161 1425 1361 1466 coloniam
1399 1426 1480 1466 (luo

125 1486 231 1527 milia
265 1486 414 1527 civium
445 1486 728 1527 Romanorum
764 1486 912 1527 deduci
948 1486 1078 1528 iussit.
1127 1487 1226 1528 bina
1261 1488 1403 1543 iugera
1441 1496 1479 1528 et

125 1548 317 1589 semisses
350 1548 438 1603 agri
469 1548 685 1603 adsignati.
736 1548 847 1601 quod
878 1563 971 1589 cum
1003 1555 1042 1589 et
1072 1563 1246 1603 parvum
1272 1557 1312 1590 et
1335 1550 1478 1604 paucis

124 1610 264 1650 datum
296 1616 335 1650 ct
365 1610 597 1650 mercedem
628 1624 719 1650 esse
750 1611 950 1664 prodendi
982 1610 1042 1651 M.
1076 1610 1209 1651 Manli
1239 1611 1480 1665 interpreta-

123 1678 278 1720 rentur,
315 1672 496 1712 remedio
526 1671 713 1712 inritatur
744 1672 903 1712 seditio.
959 1678 997 1712 et
1028 1673 1109 1713 iam
1140 1673 1273 1727 magis
1305 1673 1478 1728 insignis

125 1733 314 1774 sordibus
340 1740 379 1773 et
404 1733 509 1773 facie
533 1748 695 1774 reorum
720 1733 840 1773 turba
864 1733 1079 1774 Manliana.
1104 1741 1206 1783 erat,
1234 1741 1477 1788 amotusque

124 1802 217 1847 post
247 1794 498 1848 triumphum
529 1794 785 1835 abdicatione
817 1795 1041 1836 dictaturae
1073 1804 1201 1836 terror
1231 1802 1271 1836 et
1294 1796 1479 1851 linguam

126 1864 164 1896 et
190 1855 349 1896 animos
374 1855 618 1896 liberaverat
640 1856 867 1897 hominum.

209 1916 357 1957 XVII.
417 1916 707 1958 Audiebantur
746 1918 884 1971 itaque
925 1919 1138 1973 propalam
1173 1934 1296 1960 voces
1334 1934 1479 1974 expro-

126 1978 331 2019 brantium
367 1978 634 2027 multitudini,
678 1979 789 2032 quod
824 1979 1062 2020 defensores
1100 1995 1196 2022 suos
1235 1996 1396 2036 semper
1436 1982 1479 2022 in

126 2039 390 2095 praecipitem
414 2040 550 2080 locum
574 2041 715 2081 favore
741 2041 873 2090 tollat,
901 2042 1047 2083 deinde
1072 2043 1114 2082 in
1133 2043 1223 2097 ipso
1243 2043 1477 2084 discrimine

125 2101 295 2156 periculi
325 2101 532 2142 destituat.
582 2102 641 2143 sic
668 2100 740 2157 Sp.
769 2101 962 2144 Cassium
993 2103 1035 2144 in
1065 2119 1186 2160 agros
1218 2104 1382 2159 plebem
1406 2120 1478 2146 vo-.

128 2170 306 2212 cantem,
346 2164 405 2203 sic
432 2162 505 2217 Sp.
530 2162 732 2204 Maelium
763 2164 815 2205 ab
846 2179 914 2206 ore
946 2165 1096 2206 civium
1128 2166 1282 2208 famem
1308 2167 1393 2208 suis
1418 2167 1478 2207 in-

125 2226 265 2279 pensis
296 2225 603 2279 propulsantem
628 2240 867 2280 oppressos,
900 2227 958 2268 sic
983 2227 1043 2268 M.
1070 2227 1274 2269 Manlium
1298 2243 1477 2270 mersam

127 2293 166 2327 et
185 2286 371 2328 obrutam
391 2288 555 2328 faenore
574 2295 730 2342 partem
751 2288 925 2330 civitatis
950 2289 992 2329 in
1016 2289 1245 2331 libertatem
1271 2305 1319 2331 ac
1342 2291 1476 2331 lucem

127 2348 406 2389 extrahentem
436 2349 642 2403 proditum
666 2350 853 2391 inimicis.
903 2352 1091 2406 saginare
1116 2352 1279 2407 plebem
1305 2353 1477 2407 popula-

125 2424 189 2450 res
216 2425 330 2459 suos,
362 2417 407 2451 ut
430 2411 678 2466 iugulentur.
727 2412 872 2453 hocine
901 2413 1142 2467 patiendum
1171 2414 1320 2462 fuisse,
1360 2415 1394 2455 si
1424 2415 1476 2455 ad

127 2478 268 2512 nutum
295 2473 502 2514 dictatoris
528 2489 611 2514 non
634 2474 889 2528 responderit
913 2475 975 2515 vir
994 2475 1245 2517 consularis?
1274 2476 1476 2531 fingerent

126 2534 339 2574 mentitum
364 2541 476 2584 ante,
503 2543 624 2588 atque
642 2535 735 2576 ideo
754 2551 835 2576 non
855 2535 1049 2577 habuisse
1069 2538 1178 2591 quod
1199 2547 1286 2578 tum
1306 2552 1476 2592 respon-

125 2596 254 2636 deret:
282 2596 347 2636 cui
367 2611 484 2637 servo
503 2611 699 2650 umquam
718 2597 920 2638 mendacii
938 2612 1114 2652 poenam
1134 2599 1297 2640 vincula
1321 2599 1475 2641 fuisse?

1508 759 1527 785 4

1508 1315 1525 1343 6

1508 1564 1523 1591 *1

1509 1935 1521 1962 1

1504 2119 1521 2147 Ιύ

126 2672 204 2698 non
235 2657 493 2699 obversatam
519 2673 609 2699 esse
634 2659 873 2699 memoriam
897 2660 1028 2701 noctis
1053 2661 1181 2711 illius,
1213 2676 1318 2715 quae
1343 2676 1471 2716 paene
1499 2676 1519 2705 4

125 2718 266 2760 ultima
290 2727 410 2774 atque
437 2727 601 2761 aeterna
624 2720 778 2761 nomini
797 2721 986 2762 Romano
1011 2722 1158 2763 fuerit?
1187 2738 1268 2763 non
1294 2723 1473 2778 speciem

193 2797 254 2824 Lusi
275 2799 327 2824 m.
347 2798 365 2823 ι.
1204 2788 1247 2822 21
