1835 3226
227 1778 245 1807 [Ο

228 2524 244 2553 t}

275 225 355 266 358
577 227 733 263 LrssER
757 228 848 272 vn,
874 228 905 262 s.
925 229 956 261 9.
985 230 1081 271 [a.u.
1097 228 1216 262 e.39?.
1237 229 1318 272 393]

273 336 388 390 cquis
408 333 664 389 pepulissent
683 330 845 372 hostem
865 345 998 385 neque
1016 331 1176 386 pedites
1191 331 1412 385 quicquam
1431 335 1628 375 momenti

272 396 478 439 facerent?
514 409 639 449 quam
671 393 831 434 tertiam
856 400 1143 449 exspectarent
1167 395 1376 450 pugnam?
1411 396 1511 450 quid
1535 403 1628 438 ante

272 460 390 515 signa
425 457 584 499 feroces
620 455 911 511 prosiluissent
940 462 980 497 et
1010 455 1145 497 alieno
1175 464 1407 511 pugnarent
1436 458 1554 501 loeo?
1575 484 1628 488 —

271 522 334 563 his
371 521 476 561 inter
512 533 557 560 se
587 517 760 560 vocibus
792 518 983 559 concitati
1014 518 1192 559 clamore
1221 526 1418 561 renovato
1450 520 1630 562 inferunt

270 583 436 639 pedem:
463 588 503 623 et
521 581 699 636 primum
724 581 858 636 gradu
881 587 1098 622 moverunt
1122 580 1302 632 hostem,
1318 582 1477 623 ‘deinde
1501 597 1631 638 pepu-

271 647 423 695 lerunt,
460 650 670 699 postremo
705 643 789 684 iam
823 642 936 684 haud
972 642 1095 684 dubie
1133 650 1340 693 avertunt3
1380 659 1515 698 neque
1546 652 1629 686 tam

271 708 377 748 vires
397 721 518 762 pares
539 720 645 759 quae
666 705 921 760 superaverit
939 720 1004 746 res
1027 704 1148 746 facile
1173 705 1286 746 dictu
1310 712 1390 756 est,
1416 707 1496 748 nisi
1519 707 1630 761 quod

271 778 469 825 perpetua
498 768 666 810 fortuna
696 768 909 821 utriusque
941 767 1085 822 populi
1115 774 1154 808 et
1186 767 1380 809 extollere
1406 769 1564 810 animos
1591 775 1632 810 et

271 832 453 872 minuere
484 830 630 886 potuit.
678 844 812 884 usque
843 830 896 870 ad
921 838 1056 871 eastra
1080 829 1288 885 fugientes
1313 830 1520 872 Hernicos
1545 831 1630 873 Ro-

270 908 416 934 manus
437 892 622 946 sequitur
629 908 640 942 3
666 899 895 933 castrorum
916 892 1243 947 oppugnatione,
1270 892 1367 946 quia.
1387 907 1524 934 serum
1545 899 1631 935 crat

271 956 369 1005 diei,
402 955 650 996 abstinuere.
701 954 772 995 diu
797 969 879 995 non
905 954 1139 1009 perlitatum
1164 960 1351 995 tenuerat
1375 955 1629 1005 dictatorem,

270 1033 321 1060 ne
347 1025 441 1059 ante
466 1017 681 1058 meridiem
707 1017 872 1072 signum
892 1017 988 1057 dare
1008 1024 1169 1072 posset:
1197 1032 1245 1058 eo
1270 1017 1310 1057 in
1337 1024 1500 1058 noctem
1526 1024 1632 1059 trac-

273 1088 361 1120 tum
386 1086 472 1121 erat
497 1087 716 1121 certamen.
765 1086 932 1134 postero
958 1080 1022 1120 die
1049 1080 1212 1121 deserta
1237 1079 1339 1135 fuga
1363 1087 1498 1121 castra
1521 1079 1632 1121 Her-

270 1142 457 1183 nicorum
477 1149 515 1182 et
536 1142 665 1183 saucii
685 1141 815 1182 relicti
835 1142 1003 1195 quidam
1022 1142 1189 1192 inventi,
1217 1157 1449 1198 agmenque
1468 1142 1631 1198 fugien-

271 1205 373 1245 tium
392 1203 444 1245 ab
468 1202 671 1259 Signinis,
699 1218 793 1245 cum
817 1211 979 1258 praeter
1003 1204 1165 1245 moenia
1191 1219 1330 1245 eorum
1356 1204 1632 1258 infrequentia

272 1273 492 1321 conspecta
523 1266 643 1322 signa
673 1273 828 1316 essent,
862 1266 1002 1308 fusum
1027 1281 1075 1307 ac
1099 1281 1174 1321 per
1198 1281 1320 1322 agros
1346 1266 1505 1320 trepida
1529 1267 1631 1321 fuga

271 1329 454 1384 palatum
480 1336 554 1370 est.
602 1343 679 1369 nec
697 1328 898 1369 Romanis
923 1328 1136 1369 incruenta
1162 1328 1333 1369 victoria.
1357 1328 1452 1368 fuit:
1485 1334 1630 1382 quarta

270 1406 366 1446 pars
391 1391 566 1431 militum
594 1390 766 1440 amissa,
793 1398 832 1432 et
858 1389 929 1431 ubi
948 1390 1059 1430 haud
1079 1390 1215 1431 minus
1236 1390 1415 1430 iacturae
1436 1389 1531 1439 fuit,
1558 1389 1630 1430 ali-

272 1460 372 1507 quot
397 1453 555 1506 equites
580 1453 760 1494 Romani
785 1453 981 1494 cecidere.

357 1515 503 1556 VIIII.
552 1515 792 1569 Insequenti
818 1530 925 1556 anno
951 1529 1044 1556 cum
1072 1514 1121 1556 C.
1145 1513 1354 1569 Sulpicius
1380 1521 1419 1555 et
1446 1513 1494 1555 C.
1515 1514 1630 1555 Lici-

271 1577 365 1618 nius
398 1576 554 1618 Calvus
592 1577 783 1618 consules
819 1577 862 1618 in
891 1576 1099 1618 Hernicos
1137 1577 1361 1617 exercitum
1398 1576 1627 1625 duxissent,

270 1654 404 1693 neque
423 1640 600 1682 inventis
619 1640 663 1680 in
681 1655 780 1695 agro
800 1639 987 1695 hostibus
1002 1639 1282 1689 Ferentinum,
1308 1638 1452 1680 urbem
1473 1654 1627 1688 eorum,

270 1702 312 1742 vi
337 1702 561 1758 cepissent,
592 1701 892 1743 revertentibus
917 1702 1013 1742 inde
1039 1701 1097 1742 eis
1124 1701 1318 1742 Tiburtes
1348 1709 1487 1756 portas
1519 1701 1630 1742 elau-

272 1779 372 1805 sere.
422 1779 471 1805 ea
494 1764 638 1805 ultima
663 1764 740 1805 fuit
765 1779 909 1813 causa,
937 1778 1030 1804 cum
1057 1763 1210 1804 multae
1235 1769 1330 1804 ante
1351 1763 1630 1817 querimoniae

271 1826 376 1868 ultro
403 1827 585 1881 citroque
609 1826 783 1868 iactatae
809 1833 964 1876 essent,
992 1841 1065 1867 cui·
1081 1840 1156 1881 per
1180 1824 1340 1866 fetiales
1365 1824 1489 1866 rebus
1514 1839 1630 1880 repe-

271 1889 352 1931 titis
378 1888 533 1930 bellum
558 1888 722 1930 Tiburti
746 1888 900 1944 populo
925 1888 1186 1929 indiceretur.

354 1951 614 1993 Dictatorem
634 1952 684 1993 T.
701 1951 943 2005 Quinctium
962 1950 1153 1992 Pennum
1174 1965 1222 1991 eo
1241 1965 1348 1991 anno
1373 1949 1504 1991 fuisse
1529 1948 1629 1990 satis

271 2021 431 2055 constat
456 2021 496 2055 et
519 2014 764 2070 magistrum
789 2013 973 2068 equitum
995 2012 1084 2055 Ser.
1107 2012 1347 2054 Cornelium
1365 2011 1630 2067 Maluginen-

272 2092 371 2117 sem.
420 2076 566 2118 Macer
594 2076 786 2117 Licinius
819 2076 1079 2117 comitiorum
1109 2074 1391 2116 habendorum
1428 2088 1555 2114 causa
1591 2080 1630 2114 et

270 2138 322 2180 ab
353 2139 518 2180 Licinio
550 2138 718 2180 consule
750 2138 905 2179 dictum
938 2137 1096 2187 scribit,
1136 2137 1231 2191 quia
1268 2136 1428 2191 collega
1465 2135 1630 2176 comitia

270 2200 376 2242 bello
401 2198 608 2256 praeferre
632 2200 872 2250 festinante,
898 2212 943 2240 ut
969 2199 1222 2240 continuaret
1248 2198 1505 2239 consulatum
1515 2229 1525 2247 ,
1557 2196 1630 2238 ob-

273 2263 383 2303 viam
408 2263 589 2304 eundum
614 2277 766 2318 pravae
787 2262 1000 2317 cupiditati
1019 2262 1154 2302 fucrit.
1193 2261 1379 2315 quaesita
1399 2275 1448 2301 ca
1465 2259 1631 2315 propria

271 2324 452 2366 familiae
470 2325 562 2367 laus
582 2325 779 2367 leviorem
799 2331 1008 2366 auctorem
1022 2324 1232 2365 Licinium
1256 2323 1366 2364 facit.
1405 2337 1498 2363 cum
1518 2336 1632 2362 men-

270 2387 422 2428 tionem
442 2388 529 2429 eius
549 2388 608 2429 rei
625 2388 667 2428 in
682 2386 976 2428 vetustioribus
998 2386 1213 2427 annalibus
1237 2385 1391 2426 nullam
1411 2384 1630 2433 inveniam,

270 2449 402 2504 inagis
434 2456 480 2491 ut
508 2450 606 2491 belli
632 2448 783 2492 Gallici
813 2464 940 2490 causa
971 2449 1212 2489 dictatorem
1247 2454 1430 2488 creatum
1461 2445 1632 2487 arbitrer

269 2511 437 2552 inclinat
467 2512 642 2554 animus.
692 2527 740 2554 eo
773 2519 881 2553 certe
912 2526 1018 2552 anno
1045 2509 1157 2552 Galli
1182 2510 1235 2551 ad
1262 2509 1425 2550 tertium
1451 2508 1630 2563 lapidem

274 2571 433 2615 Salaria
456 2575 523 2615 via
548 2582 658 2616 trans
685 2581 852 2629 pontem
870 2572 1046 2615 Anienis
1073 2579 1207 2614 castra
1228 2571 1421 2613 habuere.
1459 2571 1632 2611 dictator

272 2649 365 2675 cum
402 2637 601 2679 tumultus
640 2636 790 2679 Gallici
827 2651 953 2678 causa
987 2636 1189 2677 iustitium
1228 2634 1443 2683 edixisset,
1487 2647 1630 2674 omnes

272 2696 449 2739 iuniores
482 2708 738 2742 sacramento
771 2699 927 2754 adegit,
965 2697 1204 2753 ingentique
1239 2696 1420 2738 exercitu
1453 2694 1504 2736 ab
1529 2693 1630 2736 urbe
