1780 3204
446 279 600 314 LIBER
623 278 733 323 vm,
757 278 812 312 22.
830 277 884 311 23.
911 278 961 321 [a.
978 274 1225 318 &aaa-327]
1432 263 1512 306 421

166 401 260 428 cum
284 384 457 426 relatum
483 389 592 425 esset
615 398 640 424 a
665 380 855 430 Graecis,
881 386 1003 436 gente
1028 379 1170 434 lingua
1194 377 1326 432 magis
1353 383 1517 419 strenua

165 463 290 501 quam
315 447 452 494 factis,
484 445 601 486 ferox
625 458 887 498 responsum,
920 457 971 483 ex
995 441 1234 482 auctoritate
1258 446 1420 494 patrum
1444 453 1517 493 po-

164 510 286 565 pulus
322 507 641 562 Palaepolitanis
677 505 830 547 bellum
866 504 954 545 fieri
988 503 1120 544 iussit.
1179 502 1285 542 inter
1325 501 1515 542 consules
1542 515 1559 545 9

163 571 385 626 provinciis
422 568 651 624 conparatis
693 567 800 608 bello
838 564 988 607 Graeci
1029 563 1301 619 persequendi
1336 562 1516 603 Publilio

168 638 408 681 evenerunt,
442 630 658 673 Cornelius
690 629 817 670 altero
848 627 1029 669 exercitu
1056 625 1332 674 Samnitibus,
1372 625 1406 665 si
1435 639 1518 677 qua

167 711 210 736 se
252 701 480 743 moverent,
525 692 750 747 oppositus.
810 691 922 731 fama
963 696 1101 731 autem
1143 695 1247 737 erat,
1297 686 1516 728 defectioni
1545 700 1583 728 10

169 756 475 811 Campanorum
500 754 743 795 inminentes
770 753 1005 794 admoturos
1032 756 1177 792 castra.
1220 749 1277 790 ibi
1302 756 1516 804 optumum

165 819 301 858 visum
329 816 520 858 Cornelio
547 815 695 857 stativa
718 814 882 855 habere.

251 879 430 920 XXIII.
473 877 543 918 Ab
563 884 735 930 utroque
756 875 922 917 consule
942 875 1135 929 exiguam
1155 888 1269 928 spem
1289 873 1402 927 pacis
1423 887 1517 913 eum
1545 886 1559 914 1

169 940 423 982 Samnitibus
461 954 552 980 csse
589 938 735 980 certior
763 938 809 978 fit
839 944 1023 978 senatus:
1059 935 1264 977 Publilius
1296 935 1377 975 duo
1407 934 1520 975 milia

164 1002 417 1043 Nolanorum
442 1001 616 1041 militum
641 1006 680 1041 et
704 1006 896 1053 quattuor
922 997 1171 1040 Samnitium
1197 997 1329 1051 magis
1348 995 1518 1037 Nolanis

167 1063 408 1118 cogentibus
435 1077 559 1116 quam
578 1061 785 1103 voluntate
807 1059 1060 1102 Graecorum
1084 1066 1247 1113 recepta
1262 1058 1517 1112 Palaepolim

166 1126 331 1166 miserat
357 1124 532 1178 (Romae
554 1123 831 1178 conpertum),
860 1121 1076 1162 Cornelius
1097 1121 1292 1161 dilectum
1317 1120 1517 1159 indictum
1543 1133 1561 1161 2

165 1203 189 1227 a
214 1186 522 1242 magistratibus
549 1186 866 1237 universumque
894 1182 1112 1224 Samnium
1137 1189 1317 1223 erectum
1343 1196 1389 1222 ae
1421 1181 1521 1221 vici-

164 1264 240 1290 nos
271 1248 464 1302 populos,
496 1247 779 1287 Privernatem
803 1244 1135 1297 Fundanumque
1168 1251 1207 1285 et
1237 1243 1517 1291 Formianum,

165 1311 277 1351 haud
302 1310 494 1364 ambigue
521 1308 740 1350 sollicitari.
795 1307 847 1349 ob
873 1307 975 1348 haee
1000 1322 1094 1347 cum
1118 1306 1277 1362 legatos
1304 1305 1408 1346 mitti
1434 1305 1520 1360 pla·
1545 1318 1563 1347 3

165 1373 319 1413 cuisset
343 1372 456 1426 prius
482 1371 535 1411 ad
555 1369 763 1412 Samnites
789 1384 914 1424 quam
939 1368 1092 1410 bellum
1117 1368 1248 1418 fieret,
1276 1383 1520 1423 responsum

164 1434 348 1475 redditur
379 1433 429 1475 ab
463 1432 720 1475 Samnitibus
752 1432 882 1473 ferox.
931 1431 1038 1472 ultro
1072 1430 1317 1472 incusabant
1352 1430 1519 1470 iniurias

164 1497 465 1545 Romanorum,
498 1510 630 1549 neque
663 1510 710 1536 eo
741 1494 1026 1550 neglegentius
1053 1508 1101 1534 ca
1125 1508 1230 1547 quae
1255 1493 1356 1547 ipsis
1384 1492 1519 1533 obice·
1545 1503 1564 1532 4

162 1566 304 1599 rentur
336 1557 589 1615 purgabant:
637 1557 749 1598 haud
784 1557 868 1598 ullo
904 1556 1069 1612 publico
1105 1555 1275 1596 consilio
1313 1554 1517 1595 auxiliove
1544 1569 1562 1596 5

162 1620 295 1660 iuvari
322 1619 524 1669 Graecos,
556 1635 632 1660 nee
656 1620 904 1660 Fundanum
930 1618 1249 1659 Formianumve
1280 1632 1305 1657 a
1336 1631 1378 1657 se
1411 1616 1521 1656 solli-

164 1683 328 1723 citatos:
366 1683 517 1736 quippe
547 1682 714 1722 minime
751 1681 958 1736 paenitere
997 1695 1039 1721 se
1076 1680 1225 1720 virium
1262 1693 1446 1726 suarum,
1486 1677 1520 1718 si

163 1743 317 1784 bellum
353 1744 524 1797 placeat.
585 1750 765 1784 ceterum
800 1758 882 1784 non
918 1756 1041 1796 posse
1077 1740 1355 1789 dissimulare,
1398 1753 1519 1794 aegre
1546 1751 1564 1781 6

163 1806 249 1860 pati
275 1805 482 1845 civitatem
504 1804 769 1853 Samnitium,
796 1805 906 1857 quod
926 1803 1137 1858 Fregellas
1165 1817 1216 1843 ex
1234 1801 1398 1842 Volscis
1425 1816 1521 1855 cap-

165 1876 229 1907 tas
262 1866 501 1919 dirutasque
533 1866 584 1907 ab
616 1881 660 1907 se
691 1866 910 1906 restituerit
937 1865 1148 1905 Romanus
1179 1863 1373 1918 populus,
1412 1863 1521 1903 colo-

166 1929 357 1981 niamque
394 1928 437 1968 in
475 1926 721 1969 Samnitium
758 1942 857 1981 agro
899 1926 1170 1981 inposuerint,
1220 1940 1342 1978 quam
1386 1925 1520 1965 coloni

167 2004 309 2030 eorum
328 1988 540 2043 Fregellas
561 1988 778 2042 appellent.
828 2003 917 2028 eam
939 2002 982 2028 se
1003 1987 1291 2028 contumeliam
1311 1987 1520 2027 iniuriam·
1548 1999 1564 2027 7

166 2065 263 2104 que,
290 2051 331 2090 ni
358 2050 435 2091 sibi
460 2050 510 2091 ab
537 2050 585 2091 iis
612 2050 682 2103 qui
706 2050 875 2090 fecerint
900 2050 1098 2097 dematur,
1124 2049 1237 2103 ipsos
1257 2049 1366 2089 omni
1387 2049 1427 2088 vi
1447 2049 1518 2088 (le-

165 2113 356 2167 pulsuros
378 2127 481 2153 esse.
520 2127 612 2152 curn
626 2112 837 2153 Romanus
859 2111 1018 2166 legatus
1039 2111 1091 2151 ad
1110 2111 1433 2165 disceptandum.
1448 2125 1517 2151 eos
1544 2121 1564 2151 8

166 2175 218 2215 ad
244 2189 480 2215 communes
508 2175 640 2215 socios
662 2181 783 2227 atque
804 2174 957 2215 amicos
978 2180 1159 2214 vocaret:
1188 2174 1306 2227 ‘quid
1323 2174 1518 2228 perplexe

167 2237 370 2291 agimus?
395 2236 527 2290 inquit
553 2241 711 2277 ‘nostra
735 2236 974 2285 certamina,
1000 2236 1194 2285 Romani,
1220 2251 1301 2277 non
1319 2235 1445 2276 verba
1462 2235 1520 2276 le-

167 2306 356 2353 gatorum
380 2314 456 2339 nee
480 2298 692 2339 hominum
718 2299 936 2351 quisquam
962 2298 1223 2352 disceptator,
1251 2298 1323 2339 sed
1348 2312 1518 2351 campus

168 2361 426 2414 Campanus,
453 2360 494 2400 in
514 2375 595 2414 quo
615 2360 939 2401 concurrendum
965 2367 1044 2408 cst,
1072 2367 1111 2400 et
1135 2375 1249 2401 arma
1273 2367 1312 2401 et
1337 2374 1520 2400 eommu-

167 2423 230 2463 nis
261 2422 378 2463 Mars
410 2421 506 2463 belli
536 2423 739 2463 decernet.
787 2422 956 2476 proinde
987 2421 1092 2462 inter
1123 2421 1313 2476 Capuam
1340 2420 1520 2463 Suessu-
1546 2433 1563 2462 9

167 2485 331 2537 lamque
363 2490 497 2525 castra
527 2485 671 2525 castris
703 2484 961 2525 conferamus
994 2491 1033 2524 et
1060 2483 1226 2525 Samnis
1251 2484 1518 2524 Romanusne

167 2547 338 2601 imperio
368 2546 529 2587 Italiam
560 2553 705 2601 regant
735 2546 1028 2587 decernamus?
1082 2546 1207 2601 legati
1236 2546 1518 2587 Romanorum
1548 2558 1588 2587 10

168 2624 261 2650 cum
288 2624 331 2649 se
356 2623 439 2649 non
459 2624 540 2662 quo
559 2609 688 2649 hostis
708 2615 944 2657 vocassent,
971 2608 1044 2649 sed
1063 2623 1144 2661 quo
1164 2608 1429 2662 imperatores
1456 2607 1520 2647 sui

168 2671 400 2720 duxissent,
438 2671 566 2712 ituros
598 2686 689 2712 csse
719 2670 1044 2725 respondissent,
1081 2670 1163 2710 iam
1187 2669 1391 2712 Publilius
1416 2670 1521 2711 inter

168 2732 421 2788 Palaepolim
452 2733 750 2789 Neapolimque
786 2733 875 2775 loeo
913 2739 1111 2788 oportune
1149 2740 1267 2788 capto
1304 2733 1520 2775 diremerat
