1890 3303
221 263 286 291 XX
729 265 780 289 DE
807 264 894 289 VITA
920 263 969 288 AC
997 262 1158 289 SCRIPTIS

222 337 430 382 lacerisque
444 336 616 371 membris
630 336 705 370 acri
720 335 858 368 iudicio
873 334 1058 374 sa-imilia
1082 334 1179 368 veris
1205 334 1277 368 sint
1295 345 1360 378 pro
1381 335 1478 369 veris
1503 336 1666 371 habean-

222 383 379 427 gaciquc
396 382 623 415 divinatione
642 380 812 414 adhibita
832 383 929 412 vete-
957 383 1015 412 tur
1030 379 1120 412 satis
1136 379 1372 413 habenti.'134
1408 381 1446 413 id
1465 385 1588 414 tamen
1602 392 1666 425 ag-

220 428 269 460 ris
284 427 461 461 historiae
477 425 583 470 quasi
598 436 732 468 corpus
746 423 930 467 refingere
952 424 1187 458 ,noscendum
1225 428 1299 465 cst,
1342 425 1469 458 nativa
1506 426 1665 469 quadam

220 477 332 516 atque
351 472 560 505 instaurare
573 490 618 494 --
637 468 761 502 omnia
779 468 874 502 haec
895 474 931 502 et
956 472 1138 513 grataque
1153 468 1278 502 indole
1294 468 1390 502 inter
1403 469 1569 503 diversas
1584 481 1666 503 auc—

219 517 266 551 ab
287 516 438 560 ingenio
460 520 497 548 et
516 526 538 548 a
557 513 713 547 consilio
737 513 930 557 scriptoris
956 518 1076 546 torum
1103 513 1305 548 sententias
1337 524 1419 547 eam
1450 514 1667 559 plerumque

219 561 486 595 abhorrebant.
526 558 656 592 Livius
681 557 779 591 enim
805 569 929 602 quam-

219 617 327 651 quam
349 605 448 638 haud
468 603 739 647 dubitabat‚131
767 605 856 648 quin
880 603 929 636 lc-

219 650 383 695 gentium
408 648 596 693 plerisque
622 648 670 682 ad
700 658 797 682 nova.
828 647 929 681 festi-

218 694 393 729 nantibus
408 693 546 737 primae
568 692 730 737 origines
750 693 929 737 proxima-

218 751 289 785 que
322 738 530 783 originibus
561 738 683 771 minus
713 738 930 782 praebitura

219 785 421 828 voluptatis
459 787 602 825 essent,
636 782 726 816 ‘hoc
764 783 930 828 quoque'

219 829 342 862 verbis
362 828 415 862 ait
433 828 504 862 iam
525 840 638 872 supra
656 828 782 862 allatis
808 828 929 861 ‘labo-

218 874 268 907 ris
282 873 486 917 praemium
507 877 650 917 petam,
675 877 717 906 ut
730 884 786 907 me
807 884 830 907 a
843 883 928 907 con-

218 922 350 963 spectu
374 919 572 962 malorum,
600 929 695 962 quae
720 922 849 952 nostra
875 921 931 951 tot

218 975 284 1008 per
315 974 434 997 annos
465 963 559 997 vidit
589 968 711 1007 aetas,
747 963 930 1006 tantisper

218 1013 335 1051 certe,
363 1009 449 1042 dum
470 1008 593 1053 prisca
617 1012 699 1042 tota
722 1008 788 1042 illa
807 1012 928 1042 mente

217 1059 345 1098 repeto
357 1081 365 1097 ,
386 1057 567 1095 avertam,
588 1053 706 1086 omnis
721 1064 853 1097 expers
869 1064 927 1086 cu-

216 1110 298 1142 rac,
327 1109 422 1143 quae
450 1098 647 1132 scribentis
673 1097 833 1132 animum
860 1097 930 1131 etsi

216 1155 292 1178 non
312 1143 464 1177 flectcre
485 1155 508 1178 a
526 1154 633 1183 vero,
662 1143 863 1176 sollicitum
878 1146 929 1175 ta-

216 1200 298 1223 men
314 1188 464 1223 efficcre
479 1189 687 1232 posset.'1³2
723 1187 843 1231 ipsam
862 1187 928 1231 igi-

215 1238 275 1268 tur
287 1234 385 1267 hanc
399 1237 497 1267 certe
507 1232 798 1276 laborispartem
808 1242 929 1265 susce-

216 1279 273 1323 pit
292 1290 366 1312 non
392 1282 432 1311 ut
449 1289 552 1312 raras
574 1277 658 1311 illas
679 1281 716 1311 ct
735 1276 930 1310 semirutas

217 1323 457 1357 vetustissimi
471 1322 627 1356 alicuius
643 1321 750 1367 quasi
770 1320 930 1356 aedificii

217 1368 396 1413 reliquias
417 1372 605 1412 tamquam
625 1367 852 1401 architectus
878 1366 930 1400 in-

218 1414 368 1447 defesso
402 1412 524 1447 studio
557 1412 829 1456 pervestigaret
857 1411 929 1455 pri-

215 1470 310 1492 mum
330 1469 375 1492 ae
399 1457 607 1496 metiretur,
631 1460 709 1491 tum
732 1457 930 1501 ichnogra-

216 1503 343 1547 phiam
364 1514 489 1538 earum
510 1502 713 1536 conficeret
732 1513 776 1536 ac
803 1505 929 1535 ‘mem-

217 1549 285 1583 bra
306 1548 453 1582 domus’
479 1547 603 1582 diruta
626 1558 693 1591 pro
719 1547 865 1581 ratione
886 1558 929 1580 ac

214 1604 388 1628 mensura
423 1593 584 1637 partium
628 1595 928 1626 conservatarum

216 1638 477 1672 ratiocinando
499 1641 700 1672 conaretur
718 1636 927 1679 restituere,

215 1684 281 1718 sed
317 1688 359 1717 ut
396 1695 459 1717 cas
502 1683 643 1717 hedera
686 1682 926 1725 convestitas,

215 1728 382 1773 ‘spissis'
415 1728 590 1762 arborum
615 1727 821 1773 ingentium
848 1729 927 1760 ‘co-

214 1773 298 1807 mis’
321 1784 461 1818 opacas
476 1773 714 1816 depingeret,
735 1783 823 1806 suae
839 1772 929 1806 alio-

214 1830 369 1864 rumque
389 1817 571 1862 voluptati
590 1817 709 1862 magis
734 1817 929 1851 inservitu-

215 1875 277 1897 rus
311 1875 422 1909 quam
454 1863 530 1897 sive
562 1862 753 1897 literarum
784 1861 929 1896 cuidam

215 1908 437 1953 disciplinae
470 1907 546 1942 sive
580 1908 799 1952 cuiusquam
832 1917 928 1941 com-

215 1954 326 1988 modo
345 1954 405 1988 vel
424 1952 589 1988 utilitati.
628 1953 751 1987 omnia
770 1952 835 1986 illa
848 1963 929 1996 par-

215 1999 281 2032 tim
308 1999 434 2034 deleta
452 1998 585 2042 partim
607 1997 764 2032 confusa
784 2007 867 2032 0550
893 2001 931 2031 et

215 2044 317 2078 videt
353 2049 391 2078 et
425 2044 567 2078 fatetur
602 2048 642 2077 ct
671 2042 929 2087 conqueritur:

215 2090 342 2123 ‘tanti'
360 2089 537 2134 inquit13³
559 2090 721 2123 ‘errores
736 2087 931 2132 implicant

216 2138 422 2178 temporum
448 2133 557 2168 aliter
582 2134 681 2177 apud
712 2133 807 2167 alios
833 2132 929 2166 ordi-

216 2179 313 2213 natis
351 2178 651 2223 magistratibus,
689 2182 731 2211 ut
766 2188 836 2211 nce
868 2177 930 2221 qui

216 2224 392 2258 consules
419 2223 622 2258 secundum
655 2233 836 2267 quosnam
861 2233 930 2255 nec

216 2269 306 2314 quid
320 2280 468 2313 quoquc
483 2279 580 2302 anno
595 2272 719 2301 actum
734 2267 838 2309 sit,in
852 2270 930 2300 tan-

215 2319 253 2347 ta
272 2318 456 2348 vetustate
475 2324 550 2346 non
570 2324 691 2346 rerum
715 2312 838 2355 modo,
865 2312 930 2345 sed

216 2359 327 2392 etiam
340 2363 535 2393 auctorum
550 2357 719 2402 digerere
733 2357 856 2401 possis
866 2356 873 2370 ‘
885 2377 931 2381 ——

216 2408 255 2437 at
278 2415 346 2448 pro
372 2403 468 2437 virili
491 2407 597 2447 parte
623 2403 671 2436 ad
691 2402 930 2436 resarcienda

217 2449 309 2483 haec
331 2450 466 2483 damna
487 2447 636 2492 stipem,
663 2451 704 2480 ut
723 2447 776 2481 ita
796 2447 927 2489 dicam,

217 2494 400 2537 conferre,
415 2494 453 2528 id
468 2493 501 2528 ei
514 2493 551 2527 in
565 2496 726 2526 mentem
739 2502 816 2526 non
829 2491 931 2526 venit

219 2538 276 2572 ‘in
296 2540 407 2573 rebus
428 2542 503 2573 tam
528 2537 691 2582 antiquis
718 2537 748 2571 si
768 2547 864 2582 quae
885 2536 929 2570 si-

252 2642 297 2665 131
321 2643 408 2672 praes.
423 2643 446 2672 ξ.
461 2644 485 2667 4.

252 2676 300 2699 132
321 2675 386 2699 ibid.
402 2676 425 2705 ξ.
440 2678 464 2699 5.

253 2710 301 2733 133
321 2709 400 2736 11521.
410 2711 424 2733 4
433 2710 666 2734 cs.1‘.roe‹·kermn
679 2707 928 2741 Uulersnclertnqeti

220 2742 268 2767 ιίΙ).
287 2742 314 2767 11.
337 2742 597 2773 Glanbwi'trdtnkeie
619 2743 670 2768 ιΙνν·
689 2742 804 2768 almvm.
828 2742 927 2768 Gesrh.

221 2777 308 2801 Basti.
324 2778 388 2800 1855
403 2784 429 2807 p.
445 2778 502 2800 357.

957 558 1003 591 ab
1020 568 1063 592 eo
1079 558 1236 592 electam
1252 569 1352 600 csse,
1381 570 1475 602 quae
1497 570 1609 593 sanae
1624 571 1667 593 ac

958 603 1115 646 simplici
1129 603 1242 637 menti
1262 603 1496 647 probabilior
1515 614 1598 638 esse
1618 604 1667 637 vi—

957 648 1106 690 deatur3
1142 648 1366 693 ubicumque
1403 659 1490 682 vero
1527 649 1667 682 nullam

957 691 1033 726 ferc
1057 692 1280 727 sententiam
1299 693 1452 737 reliquis
1477 697 1668 737 praestare

957 742 1097 782 censet,
1113 738 1233 782 ipsum
1249 738 1446 771 discrimen
1462 738 1665 772 adnotasse

957 786 1156 817 contentus
1171 786 1237 816 est.
1274 795 1359 817 nam
1381 781 1466 816 ‘nec
1488 782 1598 817 facile
1614 787 1669 816 cst

956 832 1020 862 aut
1043 839 1119 861 rem
1143 828 1195 861 rei
1222 832 1287 861 aut
1311 832 1500 862 auctorem
1521 827 1665 862 auctori

956 872 1162 916 praeferre'
1183 875 1269 906 ‘nec
1283 873 1478 918 quisquam
1500 873 1668 917 aequalis

956 918 1184 961 temporibus
1199 918 1273 951 illis
1290 918 1448 962 scriptor
1463 923 1574 959 extat,
1592 929 1666 962 quo

957 962 1045 996 satis
1068 967 1169 996 ccrto
1191 966 1342 997 auctore
1366 965 1561 997 stetursvffi
1586 962 1670 1006 ipsa

956 1018 1042 1041 vero
1059 1008 1152 1042 haec
1166 1008 1281 1041 verba
1301 1007 1337 1040 in
1351 1007 1423 1041 fine
1444 1008 1529 1041 libri
1546 1008 1668 1041 octavi

956 1052 1096 1096 posita,
1122 1052 1186 1085 ubi
1202 1056 1332 1085 auctor
1352 1052 1536 1096 queritur,
1564 1052 1668 1086 vitia—

956 1102 1030 1130 tam
1055 1097 1268 1130 memoriam
1299 1096 1519 1130 funebribus
1552 1097 1668 1131 laudi—

956 1142 1025 1175 bus
1050 1152 1132 1175 esse
1153 1141 1335 1186 falsisque
1356 1141 1557 1186 imaginum
1582 1142 1665 1175 titu-

957 1186 1019 1229 lis,
1046 1187 1269 1220 documento
1297 1197 1378 1220 csse
1399 1190 1575 1230 possunt,
1601 1199 1668 1231 por

956 1231 1184 1275 posteriores
1199 1242 1348 1276 quoquc
1360 1232 1501 1276 primae
1516 1232 1668 1266 decadis

958 1276 1074 1310 libros
1118 1278 1175 1310 ‘et
1210 1276 1439 1321 singulorum
1477 1277 1594 1321 gestis
1631 1282 1668 1311 et

957 1320 1117 1365 publicis
1149 1321 1397 1356 monumentis
1428 1333 1550 1356 rerum
1581 1333 1666 1356 con-

956 1366 1124 1400 fusis'136
1143 1377 1282 1400 moram
1302 1366 1336 1401 ei
1357 1367 1485 1401 eadem
1506 1366 1583 1401 fere
1602 1367 1665 1400 im-

956 1411 1170 1456 pedimenta
1184 1411 1353 1446 attulisse
1365 1437 1373 1453 ,
1400 1422 1495 1456 quae
1516 1423 1583 1455 per
1597 1413 1667 1456 pri-

956 1456 1098 1490 mordia
1113 1456 1368 1501 progredienti
1393 1460 1505 1490 antea
1519 1457 1589 1490 iter
1603 1457 1666 1490 ob-

957 1506 1195 1546 saepserant,
1222 1501 1274 1536 ita
1292 1506 1334 1535 ut
1360 1513 1426 1545 per
1452 1512 1578 1536 omncs
1598 1502 1667 1535 hos

957 1547 1083 1581 decem
1104 1547 1220 1580 libros
1240 1547 1372 1580 iisdem
1396 1546 1474 1581 fere
1501 1546 1668 1581 fontibus

956 1592 1086 1626 eadem
1112 1592 1256 1626 ratione
1282 1603 1372 1625 usus
1407 1592 1466 1625 sit.
1517 1603 1668 1626 accura-

955 1637 1048 1672 tiore
1063 1648 1164 1680 vcro,
1179 1641 1219 1671 ut
1236 1637 1577 1681 diximus,ipsorum
1592 1648 1667 1671 mo-

955 1685 1213 1716 numentorum
1227 1681 1494 1726 primariorum,
1504 1693 1599 1726 quac
1609 1693 1667 1716 ae—

955 1731 1069 1761 tatem
1082 1727 1263 1768 tulerant,
1285 1726 1526 1771 indagatione
1542 1731 1669 1771 spreta

956 1771 1080 1806 hausit
1093 1783 1137 1806 ex
1151 1771 1319 1806 fontibus
1335 1772 1583 1815 secundariis,
1605 1782 1667 1806 an-

955 1817 1094 1851 nalium
1115 1817 1377 1861 scriptoribus,
1405 1817 1517 1861 idque
1538 1816 1590 1850 ita
1614 1816 1668 1850 fc-

957 1862 1051 1896 cisse
1065 1863 1254 1906 putandus
1270 1866 1338 1904 est,
1358 1865 1399 1895 ut
1412 1872 1487 1895 non
1508 1872 1574 1905 per
1588 1862 1668 1895 lon-

957 1907 1137 1951 ginquum
1185 1906 1390 1940 studiorum
1433 1906 1667 1940 assiduorum

957 1953 1154 1986 decursum
1169 1962 1297 1986 omncs
1311 1955 1397 1985 ante
1413 1962 1450 1986 se
1467 1951 1667 1995 scriptores

957 1997 1234 2042 conquisiverit,
1248 1996 1464 2041 perlegerit,
1474 2007 1665 2041 excerpse-

956 2042 1013 2086 rit,
1034 2042 1298 2087 composuerit,
1322 2042 1387 2076 sed
1401 2045 1442 2075 ut
1456 2053 1478 2076 a
1498 2041 1589 2076 satis
1604 2053 1666 2075 an-

957 2087 1077 2132 gustis
1097 2087 1303 2121 studiorum
1322 2086 1436 2120 initiis
1456 2098 1562 2120 orsus
1582 2097 1666 2130 pro-

957 2133 1150 2176 grediente
1178 2132 1365 2166 scribendi
1397 2132 1526 2165 labore
1553 2131 1665 2165 maio-

957 2188 1032 2210 rem
1046 2177 1225 2221 paulatim
1239 2187 1456 2220 permensus
1477 2176 1524 2209 sit
1537 2176 1665 2209 lectio-

957 2222 1013 2255 nis
1039 2222 1230 2256 ambitum.
1269 2233 1350 2254 cum
1370 2232 1437 2265 per
1456 2221 1573 2255 libros
1593 2221 1664 2265 pri—

957 2278 1077 2301 mores
1114 2277 1197 2300 raro
1235 2266 1454 2300 nominatim
1495 2270 1667 2300 auctores

958 2323 1045 2346 suos
1059 2310 1201 2353 afferat,
1224 2311 1438 2345 coniectura
1457 2315 1610 2354 tantum,
1630 2315 1668 2345 at

957 2368 1001 2391 ea
1016 2357 1105 2391 satis
1120 2356 1320 2401 probabili,
1335 2356 1417 2399 nisi,
1439 2356 1667 2390 contendere

957 2413 1171 2446 possumus,
1203 2400 1500 2446 antiquissimum
1525 2400 1668 2434 annali-

956 2458 1015 2480 um
1042 2447 1276 2491 scriptorem,
1304 2446 1346 2487 ρ.
1368 2445 1525 2479 Fabium
1545 2445 1666 2479 Picto-

956 2503 1031 2525 rem
1043 2519 1051 2531 ,
1077 2492 1281 2536 principem
1295 2491 1347 2525 ibi
1362 2491 1492 2524 ducem
1507 2502 1588 2524 eum
1603 2491 1668 2524 ha-

956 2537 1094 2581 buisse,
1110 2542 1258 2581 praeter
1272 2547 1380 2581 quem
1396 2536 1564 2578 aliorum,
1586 2535 1666 2569 Cal-

956 2583 1075 2625 purnii
1108 2581 1273 2625 Pisonis,
1311 2580 1452 2615 Valerii
1489 2579 1665 2621 Antiatis,

957 2627 1101 2662 Claudii
1117 2625 1366 2671 Quadrigarii,
1382 2625 1514 2659 Licinii
1536 2624 1665 2667 Macri,

989 2709 1038 2732 13⁴
1056 2708 1091 2736 v,
1106 2708 1148 2737 21,
1164 2708 1189 2731 9.

988 2743 1037 2766 135
1056 2741 1132 2769 vm,
1148 2743 1189 2768 40,
1205 2741 1228 2764 a.
1244 2743 1268 2765 .-..

989 2777 1037 2800 136
1058 2775 1124 2800 ihm.
1139 2775 1162 2805 ξ.
1178 2777 1202 2798 r».
