1780 3204
524 260 678 295 LIBER
705 261 778 305 111,
807 262 860 295 72.
887 263 935 304 [a.
951 260 990 295 o.
1005 261 1087 304 446]
1405 250 1485 291 193

129 366 349 410 contionali
379 365 485 415 seni,
523 364 811 420 adsignaturos
843 371 1033 419 putarent
1062 364 1256 405 finitimos
1286 363 1486 419 populos?

128 430 283 471 clarum
318 428 394 469 hac
425 427 512 468 fore
542 426 723 481 imagine
755 425 987 480 Scaptium,
1023 426 1222 482 populum
1251 426 1486 467 Romanum

127 490 457 546 quadruplatoris
484 496 524 530 et
548 489 830 542 interceptoris
855 489 936 530 litis
963 489 1118 529 alienae
1142 503 1363 543 personam
1381 488 1486 528 latu-

128 570 230 596 rum.
275 567 399 606 quem
425 551 534 592 enim
558 551 635 592 hoc
660 551 843 605 privatae
868 551 926 591 rei
949 550 1125 591 iudicem
1151 550 1318 600 fecisse,
1344 557 1389 590 ut
1409 549 1487 590 sibi

127 614 497 657 controversiosam
522 613 774 653 adiudicaret
792 613 904 653 rem?
936 611 1151 667 Scaptium
1175 612 1310 666 ipsum
1336 612 1379 653 id
1397 611 1487 665 qui-

126 678 238 727 dem,
266 676 343 717 etsi
365 676 616 730 praemortui
641 675 723 715 iam
743 675 795 715 sit
814 674 1001 729 pudoris,
1027 689 1111 715 non
1128 675 1345 715 facturum.
1382 674 1485 714 haec

126 738 336 788 consules,
368 738 470 778 haec
495 743 632 791 patres
658 737 953 777 vociferantur:
993 737 1066 777 sed
1095 736 1190 791 plus
1216 736 1419 790 cupiditas
1445 742 1485 776 et

126 807 267 842 auctor
292 799 527 854 cupiditatis
549 797 743 853 Scaptius
769 798 889 838 valet.
926 805 1096 838 vocatae
1122 798 1252 839 fribus
1277 798 1486 838 iudicave-

125 869 237 912 runt,
264 877 410 917 agrum
433 860 645 915 publicum
670 860 812 915 populi
835 860 1015 901 Romani
1040 875 1144 901 esse.
1193 875 1268 901 nec
1293 860 1485 901 abnuitur

124 925 181 966 ita
211 924 359 973 fuisse,
393 923 428 964 si
453 923 506 964 ad
529 923 685 963 iudices
711 923 812 963 alios
837 922 939 963 itum
966 922 1090 963 foret:
1122 937 1233 963 nunc
1256 922 1357 962 haut
1382 936 1481 962 sane

124 987 345 1041 quicquam
369 985 478 1026 bono
505 999 653 1026 causae
676 984 836 1025 levatur
860 984 1038 1025 dedecus
1064 984 1216 1025 iudicii.
1253 985 1377 1038 idque
1402 998 1485 1024 non

123 1049 305 1089 Aricinis
335 1047 672 1100 Ardeatibusque
709 1061 833 1099 quam
867 1046 1053 1101 patribus
1083 1046 1283 1087 Romanis
1320 1046 1482 1086 foedius

125 1118 247 1164 atque
273 1109 459 1151 acerbius
485 1109 634 1150 visum.
676 1109 879 1162 reliquum
905 1109 1000 1148 anni
1025 1108 1209 1161 quietum
1236 1108 1287 1148 ab
1312 1107 1480 1148 urbanis

124 1172 304 1214 motibus
330 1178 370 1212 et
395 1171 446 1212 ab
473 1170 650 1211 externis
676 1170 838 1211 mansit.

509 1363 793 1414 [PERIOCHA
815 1364 957 1401 LIBRI
981 1361 1096 1413 ΠΗ]

169 1438 267 1478 [Lex
287 1438 333 1472 de
354 1437 515 1472 conubio
534 1441 680 1482 patrum
701 1442 739 1472 et
755 1438 879 1483 plebis
894 1449 915 1472 a
929 1438 1089 1473 tribunis
1103 1438 1225 1483 plebis
1241 1439 1482 1473 contentione

122 1500 257 1534 magna
269 1488 440 1533 patribus
454 1489 751 1533 repugnantibus
765 1489 910 1533 perlata
926 1494 993 1524 est.
1026 1489 1166 1523 tribuni
1180 1489 1234 1511 ἕξ
1251 1489 1385 1534 plebis.
1417 1489 1482 1524 ali-

122 1545 213 1586 quot
233 1551 351 1574 annos
371 1551 431 1573 res
455 1539 586 1584 populi
605 1539 766 1573 Romani
792 1540 892 1574 domi
917 1540 1147 1585 militiaeque
1173 1552 1240 1585 per
1266 1541 1339 1575 hoc
1363 1551 1481 1586 genus

120 1591 360 1636 magistratus
376 1590 656 1624 administratae
673 1595 769 1624 sunt.
796 1591 885 1625 item
900 1602 1075 1625 censores
1092 1596 1181 1624 tunc
1194 1591 1351 1635 primum
1366 1592 1482 1626 creati

123 1647 220 1675 sunt.
258 1652 349 1685 ager
367 1640 596 1674 Ardeatibus
621 1641 752 1684 populi
770 1641 931 1675 Romani
953 1641 1090 1675 iudicio
1120 1642 1270 1675 ablatus
1296 1642 1418 1675 missis
1443 1642 1481 1675 in

122 1702 203 1725 eum
218 1691 362 1725 colonis
376 1691 572 1725 restitutus
586 1696 653 1725 est.
681 1702 762 1724 cum
776 1691 874 1726 fame
887 1692 1050 1736 populus
1063 1692 1255 1726 Romanus
1277 1693 1479 1734 laboraret,

122 1741 277 1786 Spurius
297 1741 458 1775 Maelius
478 1752 593 1786 eques
611 1741 802 1775 Romanus
823 1741 1045 1776 frumentum
1065 1743 1204 1787 populo
1227 1754 1294 1776 sua
1312 1742 1482 1786 impensa

121 1791 278 1835 largitus
298 1796 355 1825 est
369 1797 405 1825 et
419 1792 466 1825 ob
481 1791 519 1824 id
532 1791 671 1825 factum
688 1792 888 1826 conciliata
904 1793 973 1826 sibi
988 1793 1099 1837 plebe
1114 1804 1269 1836 regnum
1284 1792 1480 1826 adfectans

121 1853 143 1876 a
168 1841 206 1875 C.
234 1841 389 1875 Servilio
415 1842 537 1875 Ahala
566 1842 743 1886 magistro
776 1843 942 1887 equitum
965 1843 1069 1876 iussu
1094 1842 1245 1883 Quincti
1271 1842 1482 1877 Cincinnati

122 1892 315 1925 dictatoris
330 1891 476 1925 occisus
491 1896 565 1934 est3
590 1891 634 1925 L.
650 1892 834 1926 Minucius
853 1893 966 1926 index
980 1893 1076 1927 bove
1091 1898 1222 1927 aurato
1238 1893 1397 1927 donatus
1412 1898 1480 1928 est.

121 1942 257 1986 legatis
270 1941 449 1975 Romanis
464 1953 486 1976 a
498 1942 745 1976 Fidenatibus
765 1943 917 1987 occisis,
944 1944 1118 1987 quoniam
1135 1944 1182 1977 ob
1201 1955 1276 1977 rem
1290 1944 1481 1988 publicam

123 1993 394 2036 occubuerant,
427 1995 572 2026 statuae
595 1992 632 2026 in
657 1993 787 2026 rostris
811 1993 958 2037 positae
985 1998 1083 2028 sunt.
1122 1994 1261 2028 Cossus
1284 1994 1479 2030 Cornelius

121 2044 291 2078 tribunus
311 2043 466 2077 militum
482 2044 605 2077 occiso
620 2043 816 2078 Tolumnio
832 2044 1031 2079 Veientum
1045 2056 1133 2090 rege
1149 2045 1272 2089 opima
1286 2045 1407 2089 spolia
1423 2057 1480 2080 se-

122 2094 244 2128 cunda
259 2094 396 2128 retulit.
421 2094 530 2127 Mam.
543 2093 724 2128 Aemilius
740 2095 900 2129 dictator
915 2106 1094 2129 censurae
1108 2095 1269 2139 honore,
1291 2096 1353 2140 qui
1367 2100 1479 2131 antea

121 2156 187 2189 per
207 2145 497 2191 quinquennium
516 2146 729 2190 gerebatur,
755 2146 843 2180 anni
863 2149 900 2181 et
920 2157 984 2180 sex
1004 2147 1184 2181 mensium
1210 2147 1330 2191 spatio
1357 2146 1476 2191 finito,

123 2198 170 2232 ob
192 2209 273 2232 eam
292 2209 369 2232 rem
388 2209 410 2231 a
425 2197 644 2232 censoribus
658 2201 810 2231 notatus
825 2201 892 2232 est.
923 2197 1090 2232 Fidenae
1104 2197 1142 2231 in
1155 2202 1382 2242 potestatem
1396 2199 1477 2233 red—

121 2252 227 2282 actae
248 2259 367 2293 eoque
390 2248 514 2282 coloni
534 2248 635 2281 missi
657 2254 760 2291 sunt3
786 2249 923 2293 quibus
943 2249 1077 2283 occisis
1091 2249 1292 2283 Fidenates
1313 2260 1394 2282 cum
1414 2249 1475 2283 de-

121 2298 314 2341 fecissent,
342 2299 388 2332 ab
403 2299 511 2332 Mam.
525 2298 684 2332 Aemilio
700 2299 882 2333 dictatore
897 2299 986 2333 victi
1000 2303 1086 2333 sunt
1101 2303 1138 2333 et
1150 2299 1316 2333 Fidenae
1332 2303 1475 2344 captae.

120 2348 329 2382 coniuratio
346 2360 535 2383 servorum
550 2360 740 2393 oppressa.
776 2349 990 2384 Postumius
1010 2350 1181 2384 tribunus
1194 2349 1350 2383 militum
1364 2361 1475 2395 prop-

120 2404 176 2434 ter
199 2400 455 2434 crudelitatem
477 2400 524 2434 ab
546 2400 710 2434 exercitu
730 2400 876 2435 occisus
901 2404 969 2435 est.
1010 2401 1235 2446 stipendium
1260 2411 1304 2435 ex
1330 2402 1474 2436 aerario

120 2455 196 2484 tum
221 2450 377 2495 primum
401 2450 581 2485 militibus
608 2452 734 2485 datum
755 2456 821 2486 est.
851 2463 911 2486 res
931 2456 1127 2496 praeterea
1148 2455 1275 2497 gestas
1295 2452 1474 2487 adversus

121 2500 282 2537 Vulscos
302 2505 340 2535 et
357 2501 560 2536 Fidenates
581 2506 619 2537 et
637 2502 809 2536 Faliscos
830 2502 1028 2546 continet.]

191 2794 252 2820 Liri
275 2795 326 2821 ιίιΙ.
343 2794 363 2820 1.
1203 2785 1246 2818 13

1512 563 1531 592 5

1511 685 1529 715 6

1513 871 1528 899 ῖ
