1780 3204
458 262 611 296 LIBER
635 262 690 306 ΙΙ,
715 262 768 296 21.
789 262 842 296 22.
871 264 918 305 [a.
933 261 1180 304 offla—495]
1446 253 1499 293 83

143 366 332 408 consules
366 365 547 418 Quintus
580 364 763 406 Cloelius
796 372 834 405 ct
866 365 914 405 T.
941 365 1135 414 Larcius,
1173 365 1267 405 inde
1299 364 1352 405 A.
1382 363 1500 405 Sem-

143 429 310 483 pronius
347 435 387 469 et
422 427 483 467 M.
516 427 740 468 Minucius.
790 427 853 468 his
891 426 1129 468 consulibus
1167 427 1280 468 aedis
1321 426 1498 468 Saturno

143 491 348 539 dedicata,
378 488 614 531 Saturnalia
638 489 847 529 institutus
873 488 1005 530 festus
1031 489 1131 529 dies.

227 551 364 592 Aulus
385 551 531 592 deinde
544 550 785 591 Postumius
807 557 846 591 et
865 550 913 591 T.
930 550 1153 604 Verginius
1174 550 1363 591 consules
1384 550 1494 590 facti.

144 615 220 655 hoc
234 614 400 654 demum
414 628 520 653 anno
535 613 587 653 ad
600 612 808 667 Regillum
822 612 957 652 lacum
977 621 1219 667 pugnatum,
1241 612 1352 666 apud
1370 626 1495 665 quos-

146 677 240 716 dam
271 676 452 717 invenio:
490 674 544 716 A.
577 675 857 723 Postumium,
896 676 993 728 quia
1023 675 1181 730 collega
1217 674 1365 715 dubiae
1401 675 1498 715 fidei

144 737 285 787 fuerit,
325 753 368 778 sc
399 737 615 778 consulatu
645 736 878 786 abdicasse,
917 737 1157 777 dictatorem
1193 737 1288 777 inde
1325 736 1496 777 factum.

145 801 247 841 tanti
278 814 433 840 errores
465 799 661 853 inplicant
691 805 940 853 temporum,
978 799 1094 839 aliter
1124 799 1234 853 apud
1265 799 1364 839 alios
1391 799 1498 839 ordi-

144 862 249 902 natis
275 860 602 916 magistratibus,
635 866 678 900 ut
703 875 779 900 nec
803 860 874 913 qui
899 860 1089 901 consules
1116 861 1344 901 secundum
1375 875 1500 914 quos-

144 939 238 964 nam
263 937 339 963 nec
363 923 462 975 quid
487 936 649 975 quoque
675 936 782 962 anno
808 928 945 962 actum
977 922 1046 971 sit,
1084 923 1127 962 in
1158 930 1271 963 tanta
1295 930 1498 964 vetustate

144 1000 225 1025 non
250 999 383 1025 rerum
410 984 550 1032 modo,
579 984 652 1024 scd
677 983 799 1023 etiam
825 990 1038 1024 auctorum
1063 984 1248 1039 digerere
1274 985 1422 1039 possis.

225 1046 308 1100 Ap.
343 1045 542 1086 Claudius
579 1045 725 1085 deinde
763 1051 803 1084 et
838 1044 886 1085 P.
922 1044 1121 1086 Servilius
1159 1046 1348 1087 consules
1385 1047 1495 1087 facti.

143 1108 314 1162 insignis
346 1107 411 1148 hie
443 1122 572 1147 annus
606 1113 667 1147 est
697 1107 840 1146 nuntio
868 1105 1081 1159 Tarquinii
1105 1108 1261 1147 mortis.
1311 1114 1495 1148 mortuus

144 1170 307 1217 Cumis,
334 1184 414 1222 quo
442 1184 484 1209 se
509 1175 603 1223 post
627 1169 777 1208 fractas
804 1183 902 1222 opes
928 1169 1175 1209 Latinorum
1201 1169 1252 1209 ad
1278 1168 1495 1210 Aristode-

140 1247 252 1272 mum
272 1238 487 1285 tyrannum
509 1230 746 1270 contulerat.
791 1245 838 1270 eo
864 1230 1007 1270 nuntio
1033 1231 1156 1271 crecti
1180 1237 1336 1284 patres,
1363 1239 1496 1273 erecta

137 1292 291 1347 plebes.
331 1293 403 1333 sed
422 1292 605 1346 patribus
626 1292 748 1333 nimis
768 1291 980 1333 luxuriosa
1000 1307 1047 1332 ea
1072 1292 1150 1332 suit
1174 1293 1345 1342 laetitia,
1372 1293 1494 1347 plebi,

139 1355 203 1395 cui
228 1355 280 1395 ad
306 1370 395 1395 eam
421 1355 530 1395 diem
562 1369 723 1396 summa
753 1369 831 1409 ope
861 1355 1101 1395 inservitum
1133 1362 1236 1404 erat,
1272 1356 1443 1397 iniuriae
1474 1372 1498 1397 a

138 1416 382 1471 primoribus
402 1416 490 1457 fieri
510 1431 693 1471 coepere.
726 1417 870 1458 eodem
891 1432 997 1457 anno
1014 1416 1160 1471 Signia
1179 1417 1349 1467 colonia,
1371 1433 1495 1471 quam

138 1494 209 1518 rex
245 1478 493 1531 Tarquinius
536 1479 780 1528 deduxerat,
824 1479 1014 1533 suppleto
1050 1494 1220 1519 numero
1258 1479 1496 1520 colonorum

139 1540 286 1580 iterum
316 1540 492 1580 deducta
523 1547 596 1581 est.
656 1540 815 1582 Romae
846 1540 976 1580 tribus
1007 1555 1089 1581 una
1114 1547 1153 1581 et
1178 1541 1323 1596 viginti
1348 1541 1493 1582 factae.

139 1602 260 1643 aedes
285 1601 468 1642 Mercuri
493 1602 680 1643 dedicata
706 1609 767 1642 cst
792 1602 928 1643 idibus
955 1602 1094 1643 Maiis.

223 1663 377 1704 XXH.
417 1663 526 1704 Cum
544 1663 792 1704 Volscorum
811 1671 933 1718 gente
953 1664 1106 1705 Latino
1133 1664 1239 1705 bello
1264 1679 1397 1717 neque
1416 1679 1497 1718 pax

139 1739 272 1777 neque
292 1725 445 1765 bellum
464 1725 616 1774 fuerat,
642 1727 738 1766 nani
759 1732 798 1766 et
817 1725 961 1766 Volsci
986 1732 1311 1779 conparaverunt
1331 1726 1495 1773 auxilia,

140 1801 244 1839 quae
264 1787 469 1826 mitterent.
486 1787 669 1835 Latinis,
695 1788 737 1827 ni
760 1794 1007 1828 maturatum
1028 1787 1079 1827 ab
1100 1787 1294 1827 dictatore
1308 1787 1497 1827 Romano

142 1854 268 1895 esset,
295 1854 335 1887 et
358 1848 577 1888 maturavit
601 1848 833 1897 Romanus,
860 1863 911 1888 ne
935 1848 1091 1902 proelio
1116 1863 1199 1888 uno
1225 1863 1318 1888 cum
1343 1848 1497 1888 Latino

142 1908 378 1960 Volscoque
398 1909 672 1949 contenderet.
698 1909 776 1949 hac
794 1909 854 1949 ira
873 1909 1062 1949 consules
1082 1909 1124 1948 in
1136 1908 1335 1949 Volscum
1350 1925 1495 1963 agrum

143 1969 326 2023 legiones
347 1970 512 2010 duxere.
549 1969 745 2017 Volscos,
773 1970 931 2010 consilii
951 1984 1125 2023 poenam
1144 1985 1227 2011 non
1251 1977 1494 2019 metuentes,
1514 2005 1517 2009 ,

145 2031 387 2085 necopinata
405 2046 470 2071 res
490 2031 674 2085 perculit.
720 2047 925 2072 armorum
945 2032 1190 2072 inmemores
1212 2031 1377 2072 obsides
1399 2032 1495 2072 dant

142 2099 343 2133 trecentos
363 2092 593 2146 principum
613 2108 636 2132 a
657 2091 766 2133 Cora
786 2099 906 2145 atque
926 2092 1114 2133 Pometia
1138 2092 1307 2133 liberos:
1333 2093 1389 2133 ita
1409 2093 1496 2133 sine

143 2154 362 2194 certamine
398 2153 492 2194 inde
529 2153 730 2194 abductae
767 2154 964 2208 legiones.
1024 2168 1101 2194 nec
1136 2154 1192 2194 ita
1233 2153 1361 2195 multo
1402 2162 1494 2208 post

142 2215 306 2255 Volscis
337 2215 481 2256 levatis
507 2222 620 2256 metu
645 2230 764 2255 suum
789 2216 908 2255 rediit
932 2215 1161 2269 ingenium,
1194 2230 1335 2256 rursus
1362 2216 1497 2257 occul-

142 2284 229 2316 tum
259 2283 405 2330 parant
434 2276 605 2325 bellum,
638 2276 830 2317 Hernicis
861 2277 903 2316 in
935 2277 1171 2317 societatem
1196 2292 1401 2317 armorum
1427 2278 1497 2318 ad-

144 2338 337 2391 sumptis3
368 2337 526 2392 legatos
553 2352 715 2391 quoque
741 2338 793 2378 ad
819 2337 1121 2378 sollicitandum
1145 2338 1316 2378 Latium
1341 2339 1496 2392 passim

143 2399 363 2439 dimittunt.
413 2399 486 2439 sed
515 2414 657 2440 recens
689 2399 741 2439 ad
765 2399 974 2454 Regillum
1004 2399 1139 2439 lacum
1170 2406 1339 2453 accepta
1369 2400 1495 2440 cladis

142 2460 316 2500 Latinos
336 2460 396 2501 ira
415 2461 589 2513 odioque
610 2461 715 2509 eius,
742 2461 989 2513 quicumque
1009 2476 1121 2501 arma
1142 2461 1348 2509 suaderet,
1374 2476 1425 2502 nc
1445 2461 1496 2502 ab

143 2521 290 2576 legatis
324 2522 489 2574 quidem
520 2522 721 2563 violandis
747 2522 955 2563 abstinuit.
999 2523 1301 2577 conprehensos
1320 2523 1496 2564 Volscos

142 2583 318 2624 Romam
345 2584 510 2624 duxere.
558 2584 615 2624 ibi
641 2584 776 2625 traditi
801 2584 1057 2633 consulibus,
1089 2585 1395 2638 indicatumque
1421 2591 1494 2634 est,

142 2644 318 2686 Volscos
350 2646 638 2699 Hernicosque
674 2660 816 2700 parare
848 2645 1001 2686 bellum
1032 2645 1243 2687 Romanis.
1297 2647 1424 2688 relata
1453 2662 1496 2688 re
1523 2661 1534 2686 ῐ

143 2707 195 2747 ad
221 2714 406 2748 senatum
433 2708 535 2748 adeo
561 2708 639 2747 fuit.
664 2715 825 2761 gratum
856 2707 1059 2761 patribuS,
1097 2714 1141 2748 ut
1172 2715 1211 2748 et
1241 2709 1496 2762 captivorum

1225 2774 1268 2805 G*

1525 439 1542 468 10

1524 1432 1539 1459 “1

1522 1923 1539 1950 μ’.
