<?xml version="1.0" encoding="UTF-8"?>
<!DOCTYPE html PUBLIC "-//W3C//DTD XHTML 1.0 Transitional//EN"
    "http://www.w3.org/TR/xhtml1/DTD/xhtml1-transitional.dtd">
<html xmlns="http://www.w3.org/1999/xhtml" xml:lang="en" lang="en">
 <head>
  <title>
</title>
<meta http-equiv="Content-Type" content="text/html;charset=utf-8" />
  <meta name='ocr-system' content='tesseract 3.04.00' />
  <meta name='ocr-capabilities' content='ocr_page ocr_carea ocr_par ocr_line ocrx_word'/>
</head>
<body>
  <div class='ocr_page' id='page_1' title='image "./aburbeconditalib01livyuoft_0207.png"; bbox 0 0 1780 3204; ppageno 0'>
   <div class='ocr_carea' id='block_1_1' title="bbox 452 234 1428 288">
    <p class='ocr_par' dir='ltr' id='par_1_1' title="bbox 452 234 1428 288">
     <span class='ocr_line' id='line_1_1' title="bbox 452 234 1428 288; baseline -0.004 -11"><span class='ocrx_word' id='word_1_1' title='bbox 452 244 602 277; x_wconf 79' lang='lat' dir='ltr'>LIBER</span> <span class='ocrx_word' id='word_1_2' title='bbox 629 244 682 288; x_wconf 78' lang='grc' dir='ltr'>ΙΙ,</span> <span class='ocrx_word' id='word_1_3' title='bbox 711 244 760 277; x_wconf 72' lang='lat'>13.</span> <span class='ocrx_word' id='word_1_4' title='bbox 783 243 833 277; x_wconf 74' lang='lat'>14.</span> <span class='ocrx_word' id='word_1_5' title='bbox 860 246 907 286; x_wconf 83' lang='lat' dir='ltr'>[a.</span> <span class='ocrx_word' id='word_1_6' title='bbox 923 242 960 277; x_wconf 81' lang='lat' dir='ltr'>C.</span> <span class='ocrx_word' id='word_1_7' title='bbox 975 243 1056 286; x_wconf 70' lang='lat'>508]</span> <span class='ocrx_word' id='word_1_8' title='bbox 1380 234 1428 274; x_wconf 71' lang='grc'>77</span> 
     </span>
    </p>
   </div>
   <div class='ocr_carea' id='block_1_2' title="bbox 71 346 1497 2747">
    <p class='ocr_par' dir='ltr' id='par_1_2' title="bbox 79 346 1497 773">
     <span class='ocr_line' id='line_1_2' title="bbox 79 346 1497 401; baseline -0.001 -10"><span class='ocrx_word' id='word_1_9' title='bbox 79 351 230 391; x_wconf 86' lang='lat' dir='ltr'>donare</span> <span class='ocrx_word' id='word_1_10' title='bbox 256 348 375 397; x_wconf 74' lang='lat' dir='ltr'>dixit,</span> <span class='ocrx_word' id='word_1_11' title='bbox 402 348 492 401; x_wconf 85' lang='lat' dir='ltr'>ipsa</span> <span class='ocrx_word' id='word_1_12' title='bbox 517 361 619 399; x_wconf 86' lang='lat' dir='ltr'>quos</span> <span class='ocrx_word' id='word_1_13' title='bbox 648 347 768 388; x_wconf 78' lang='lat' dir='ltr'>vellet</span> <span class='ocrx_word' id='word_1_14' title='bbox 790 347 956 401; x_wconf 88' lang='lat' dir='ltr'>legeret.</span> <span class='ocrx_word' id='word_1_15' title='bbox 1006 346 1213 400; x_wconf 85' lang='lat' dir='ltr'>productis</span> <span class='ocrx_word' id='word_1_16' title='bbox 1239 347 1428 388; x_wconf 87' lang='lat' dir='ltr'>omnibus</span> <span class='ocrx_word' id='word_1_17' title='bbox 1459 362 1497 390; x_wconf 86' lang='grc'>10</span> 
     </span>
     <span class='ocr_line' id='line_1_3' title="bbox 80 409 1431 466; baseline -0.002 -14"><span class='ocrx_word' id='word_1_18' title='bbox 80 411 255 466; x_wconf 77' lang='lat' dir='ltr'>elegisse</span> <span class='ocrx_word' id='word_1_19' title='bbox 280 409 454 464; x_wconf 80' lang='lat' dir='ltr'>inpubes</span> <span class='ocrx_word' id='word_1_20' title='bbox 481 409 639 458; x_wconf 82' lang='lat' dir='ltr'>dicitur,</span> <span class='ocrx_word' id='word_1_21' title='bbox 671 409 783 462; x_wconf 88' lang='lat' dir='ltr'>quod</span> <span class='ocrx_word' id='word_1_22' title='bbox 806 409 1028 464; x_wconf 75' lang='lat' dir='ltr'>virginitati</span> <span class='ocrx_word' id='word_1_23' title='bbox 1053 409 1246 449; x_wconf 89' lang='lat' dir='ltr'>decorum</span> <span class='ocrx_word' id='word_1_24' title='bbox 1271 416 1310 449; x_wconf 91' lang='lat' dir='ltr'>et</span> <span class='ocrx_word' id='word_1_25' title='bbox 1335 424 1431 450; x_wconf 91' lang='lat' dir='ltr'>con-</span> 
     </span>
     <span class='ocr_line' id='line_1_4' title="bbox 80 470 1431 525; baseline -0.002 -12"><span class='ocrx_word' id='word_1_26' title='bbox 80 488 203 513; x_wconf 90' lang='lat' dir='ltr'>sensu</span> <span class='ocrx_word' id='word_1_27' title='bbox 228 471 417 512; x_wconf 87' lang='lat' dir='ltr'>obsidum</span> <span class='ocrx_word' id='word_1_28' title='bbox 444 471 625 524; x_wconf 87' lang='lat' dir='ltr'>ipsorum</span> <span class='ocrx_word' id='word_1_29' title='bbox 650 470 860 525; x_wconf 81' lang='lat' dir='ltr'>probabile</span> <span class='ocrx_word' id='word_1_30' title='bbox 892 478 994 519; x_wconf 85' lang='lat' dir='ltr'>erat,</span> <span class='ocrx_word' id='word_1_31' title='bbox 1033 485 1123 510; x_wconf 88' lang='lat' dir='ltr'>eam</span> <span class='ocrx_word' id='word_1_32' title='bbox 1154 477 1329 511; x_wconf 85' lang='lat' dir='ltr'>aetatem</span> <span class='ocrx_word' id='word_1_33' title='bbox 1358 486 1431 525; x_wconf 89' lang='lat' dir='ltr'>po-</span> 
     </span>
     <span class='ocr_line' id='line_1_5' title="bbox 79 532 1430 586; baseline -0.001 -12"><span class='ocrx_word' id='word_1_34' title='bbox 79 535 283 575; x_wconf 82' lang='lat' dir='ltr'>tissimum</span> <span class='ocrx_word' id='word_1_35' title='bbox 302 532 466 574; x_wconf 89' lang='lat' dir='ltr'>liberari</span> <span class='ocrx_word' id='word_1_36' title='bbox 485 532 536 573; x_wconf 88' lang='lat' dir='ltr'>ab</span> <span class='ocrx_word' id='word_1_37' title='bbox 556 532 692 580; x_wconf 90' lang='lat' dir='ltr'>hoste,</span> <span class='ocrx_word' id='word_1_38' title='bbox 719 547 824 585; x_wconf 89' lang='lat' dir='ltr'>quae</span> <span class='ocrx_word' id='word_1_39' title='bbox 845 533 1021 573; x_wconf 79' lang='lat' dir='ltr'>maxime</span> <span class='ocrx_word' id='word_1_40' title='bbox 1042 539 1243 586; x_wconf 87' lang='lat' dir='ltr'>oportuna</span> <span class='ocrx_word' id='word_1_41' title='bbox 1260 533 1430 573; x_wconf 89' lang='lat' dir='ltr'>iniuriae</span> 
     </span>
     <span class='ocr_line' id='line_1_6' title="bbox 79 594 1493 649; baseline -0.001 -13"><span class='ocrx_word' id='word_1_42' title='bbox 79 602 199 636; x_wconf 82' lang='lat' dir='ltr'>esset.</span> <span class='ocrx_word' id='word_1_43' title='bbox 248 609 349 649; x_wconf 89' lang='lat' dir='ltr'>pace</span> <span class='ocrx_word' id='word_1_44' title='bbox 378 595 652 649; x_wconf 88' lang='lat' dir='ltr'>redintegrata</span> <span class='ocrx_word' id='word_1_45' title='bbox 678 595 856 635; x_wconf 84' lang='lat' dir='ltr'>Romani</span> <span class='ocrx_word' id='word_1_46' title='bbox 886 609 1036 635; x_wconf 79' lang='lat' dir='ltr'>novam</span> <span class='ocrx_word' id='word_1_47' title='bbox 1061 595 1103 634; x_wconf 91' lang='lat' dir='ltr'>in</span> <span class='ocrx_word' id='word_1_48' title='bbox 1126 594 1281 635; x_wconf 86' lang='lat' dir='ltr'>femina</span> <span class='ocrx_word' id='word_1_49' title='bbox 1306 595 1431 635; x_wconf 67' lang='lat' dir='ltr'>virtu-</span> <span class='ocrx_word' id='word_1_50' title='bbox 1460 611 1493 638; x_wconf 89' lang='lat'>11</span> 
     </span>
     <span class='ocr_line' id='line_1_7' title="bbox 79 656 1431 711; baseline 0 -14"><span class='ocrx_word' id='word_1_51' title='bbox 79 664 161 697; x_wconf 89' lang='lat' dir='ltr'>tem</span> <span class='ocrx_word' id='word_1_52' title='bbox 191 672 299 697; x_wconf 82' lang='lat' dir='ltr'>novo</span> <span class='ocrx_word' id='word_1_53' title='bbox 329 670 478 711; x_wconf 85' lang='lat' dir='ltr'>genere</span> <span class='ocrx_word' id='word_1_54' title='bbox 509 656 694 705; x_wconf 89' lang='lat' dir='ltr'>honoris,</span> <span class='ocrx_word' id='word_1_55' title='bbox 733 664 867 697; x_wconf 89' lang='lat' dir='ltr'>statua</span> <span class='ocrx_word' id='word_1_56' title='bbox 897 656 1093 708; x_wconf 75' lang='lat' dir='ltr'>equestri,</span> <span class='ocrx_word' id='word_1_57' title='bbox 1131 656 1352 697; x_wconf 69' lang='lat' dir='ltr'>donavere:</span> <span class='ocrx_word' id='word_1_58' title='bbox 1389 657 1431 696; x_wconf 87' lang='lat' dir='ltr'>in</span> 
     </span>
     <span class='ocr_line' id='line_1_8' title="bbox 79 718 1226 773; baseline 0.002 -15"><span class='ocrx_word' id='word_1_59' title='bbox 79 734 240 759; x_wconf 87' lang='lat' dir='ltr'>summa</span> <span class='ocrx_word' id='word_1_60' title='bbox 267 733 383 759; x_wconf 83' lang='grc'><strong>530111</strong></span> <span class='ocrx_word' id='word_1_61' title='bbox 406 718 472 758; x_wconf 73' lang='lat' dir='ltr'>via</span> <span class='ocrx_word' id='word_1_62' title='bbox 498 718 574 758; x_wconf 88' lang='lat' dir='ltr'>fuit</span> <span class='ocrx_word' id='word_1_63' title='bbox 600 719 733 772; x_wconf 88' lang='lat' dir='ltr'>posita</span> <span class='ocrx_word' id='word_1_64' title='bbox 759 719 875 773; x_wconf 72' lang='lat' dir='ltr'>virgo</span> <span class='ocrx_word' id='word_1_65' title='bbox 899 718 1082 759; x_wconf 88' lang='lat' dir='ltr'>insidens</span> <span class='ocrx_word' id='word_1_66' title='bbox 1109 733 1226 772; x_wconf 90' lang='lat' dir='ltr'>equo.</span> 
     </span>
    </p>

    <p class='ocr_par' dir='ltr' id='par_1_3' title="bbox 71 779 1474 1684">
     <span class='ocr_line' id='line_1_9' title="bbox 161 779 1471 836; baseline 0.002 -17"><span class='ocrx_word' id='word_1_67' title='bbox 161 780 313 820; x_wconf 70' lang='lat' dir='ltr'>XLIII.</span> <span class='ocrx_word' id='word_1_68' title='bbox 362 779 475 819; x_wconf 87' lang='lat' dir='ltr'>Huic</span> <span class='ocrx_word' id='word_1_69' title='bbox 512 786 595 819; x_wconf 89' lang='lat' dir='ltr'>tam</span> <span class='ocrx_word' id='word_1_70' title='bbox 631 787 800 833; x_wconf 81' lang='lat' dir='ltr'>pacatae</span> <span class='ocrx_word' id='word_1_71' title='bbox 836 779 1079 834; x_wconf 85' lang='lat' dir='ltr'>profectioni</span> <span class='ocrx_word' id='word_1_72' title='bbox 1109 780 1160 821; x_wconf 90' lang='lat' dir='ltr'>ab</span> <span class='ocrx_word' id='word_1_73' title='bbox 1192 780 1290 822; x_wconf 88' lang='lat' dir='ltr'>urbe</span> <span class='ocrx_word' id='word_1_74' title='bbox 1321 782 1430 836; x_wconf 87' lang='lat' dir='ltr'>regis</span> <span class='ocrx_word' id='word_1_75' title='bbox 1461 797 1471 823; x_wconf 83' lang='lat'>1</span> 
     </span>
     <span class='ocr_line' id='line_1_10' title="bbox 78 841 1431 896; baseline 0.001 -15"><span class='ocrx_word' id='word_1_76' title='bbox 78 841 245 882; x_wconf 80' lang='lat' dir='ltr'>Etrusci</span> <span class='ocrx_word' id='word_1_77' title='bbox 276 841 499 882; x_wconf 82' lang='lat' dir='ltr'>abhorrens</span> <span class='ocrx_word' id='word_1_78' title='bbox 529 855 641 889; x_wconf 85' lang='lat' dir='ltr'>mos,</span> <span class='ocrx_word' id='word_1_79' title='bbox 675 841 847 882; x_wconf 87' lang='lat' dir='ltr'>traditus</span> <span class='ocrx_word' id='word_1_80' title='bbox 885 841 936 882; x_wconf 90' lang='lat' dir='ltr'>ab</span> <span class='ocrx_word' id='word_1_81' title='bbox 974 842 1169 894; x_wconf 78' lang='lat' dir='ltr'>antiquis,</span> <span class='ocrx_word' id='word_1_82' title='bbox 1212 857 1342 896; x_wconf 88' lang='lat' dir='ltr'>usque</span> <span class='ocrx_word' id='word_1_83' title='bbox 1379 843 1431 883; x_wconf 89' lang='lat' dir='ltr'>ad</span> 
     </span>
     <span class='ocr_line' id='line_1_11' title="bbox 78 902 1432 952; baseline 0.003 -11"><span class='ocrx_word' id='word_1_84' title='bbox 78 909 259 943; x_wconf 89' lang='lat' dir='ltr'>nostram</span> <span class='ocrx_word' id='word_1_85' title='bbox 285 909 459 942; x_wconf 88' lang='lat' dir='ltr'>aetatem</span> <span class='ocrx_word' id='word_1_86' title='bbox 483 903 588 942; x_wconf 90' lang='lat' dir='ltr'>inter</span> <span class='ocrx_word' id='word_1_87' title='bbox 612 909 747 943; x_wconf 83' lang='lat' dir='ltr'>cetera</span> <span class='ocrx_word' id='word_1_88' title='bbox 772 902 985 943; x_wconf 82' lang='lat' dir='ltr'>sollemnia.</span> <span class='ocrx_word' id='word_1_89' title='bbox 1008 911 1163 952; x_wconf 84' lang='lat' dir='ltr'>manet,</span> <span class='ocrx_word' id='word_1_90' title='bbox 1198 904 1305 944; x_wconf 88' lang='lat' dir='ltr'>bona</span> <span class='ocrx_word' id='word_1_91' title='bbox 1328 904 1432 945; x_wconf 91' lang='lat' dir='ltr'>Por-</span> 
     </span>
     <span class='ocr_line' id='line_1_12' title="bbox 79 964 1474 1019; baseline 0.002 -15"><span class='ocrx_word' id='word_1_92' title='bbox 79 964 191 1004; x_wconf 84' lang='lat' dir='ltr'>sinae</span> <span class='ocrx_word' id='word_1_93' title='bbox 221 964 330 1019; x_wconf 86' lang='lat' dir='ltr'>regis</span> <span class='ocrx_word' id='word_1_94' title='bbox 362 964 577 1004; x_wconf 80' lang='lat' dir='ltr'>vendendi.</span> <span class='ocrx_word' id='word_1_95' title='bbox 633 964 749 1004; x_wconf 92' lang='lat' dir='ltr'>cuius</span> <span class='ocrx_word' id='word_1_96' title='bbox 781 964 980 1019; x_wconf 84' lang='lat' dir='ltr'>originem</span> <span class='ocrx_word' id='word_1_97' title='bbox 1011 965 1136 1005; x_wconf 90' lang='lat' dir='ltr'>moris</span> <span class='ocrx_word' id='word_1_98' title='bbox 1168 980 1338 1006; x_wconf 89' lang='lat' dir='ltr'>necesse</span> <span class='ocrx_word' id='word_1_99' title='bbox 1370 973 1429 1006; x_wconf 90' lang='lat' dir='ltr'>cst</span> <span class='ocrx_word' id='word_1_100' title='bbox 1458 981 1474 1008; x_wconf 74' lang='lat'><em>2</em></span> 
     </span>
     <span class='ocr_line' id='line_1_13' title="bbox 78 1025 1430 1081; baseline 0.001 -15"><span class='ocrx_word' id='word_1_101' title='bbox 78 1033 145 1066; x_wconf 88' lang='lat' dir='ltr'>aut</span> <span class='ocrx_word' id='word_1_102' title='bbox 175 1026 279 1066; x_wconf 85' lang='lat' dir='ltr'>inter</span> <span class='ocrx_word' id='word_1_103' title='bbox 309 1025 462 1066; x_wconf 90' lang='lat' dir='ltr'>bellum</span> <span class='ocrx_word' id='word_1_104' title='bbox 492 1032 630 1066; x_wconf 88' lang='lat' dir='ltr'>natam</span> <span class='ocrx_word' id='word_1_105' title='bbox 662 1040 753 1066; x_wconf 92' lang='lat' dir='ltr'>esse</span> <span class='ocrx_word' id='word_1_106' title='bbox 784 1040 917 1079; x_wconf 87' lang='lat' dir='ltr'>neque</span> <span class='ocrx_word' id='word_1_107' title='bbox 949 1027 1144 1067; x_wconf 88' lang='lat' dir='ltr'>omissam</span> <span class='ocrx_word' id='word_1_108' title='bbox 1169 1027 1212 1067; x_wconf 90' lang='lat' dir='ltr'>in</span> <span class='ocrx_word' id='word_1_109' title='bbox 1235 1042 1336 1081; x_wconf 89' lang='lat' dir='ltr'>pace</span> <span class='ocrx_word' id='word_1_110' title='bbox 1362 1036 1430 1068; x_wconf 90' lang='lat' dir='ltr'>aut</span> 
     </span>
     <span class='ocr_line' id='line_1_14' title="bbox 77 1087 1429 1141; baseline 0.001 -14"><span class='ocrx_word' id='word_1_111' title='bbox 77 1104 99 1128; x_wconf 90' lang='lat' dir='ltr'>a</span> <span class='ocrx_word' id='word_1_112' title='bbox 124 1088 284 1128; x_wconf 88' lang='lat' dir='ltr'>mitiore</span> <span class='ocrx_word' id='word_1_113' title='bbox 311 1087 488 1127; x_wconf 70' lang='lat' dir='ltr'>crevisse</span> <span class='ocrx_word' id='word_1_114' title='bbox 512 1087 711 1141; x_wconf 87' lang='lat' dir='ltr'>principio</span> <span class='ocrx_word' id='word_1_115' title='bbox 736 1102 858 1139; x_wconf 90' lang='lat' dir='ltr'>quam</span> <span class='ocrx_word' id='word_1_116' title='bbox 885 1088 951 1128; x_wconf 91' lang='grc'><strong>1110</strong></span> <span class='ocrx_word' id='word_1_117' title='bbox 976 1102 1074 1141; x_wconf 87' lang='lat' dir='ltr'>prae</span> <span class='ocrx_word' id='word_1_118' title='bbox 1102 1102 1145 1128; x_wconf 89' lang='lat' dir='ltr'>se</span> <span class='ocrx_word' id='word_1_119' title='bbox 1165 1088 1269 1129; x_wconf 89' lang='lat' dir='ltr'>ferat</span> <span class='ocrx_word' id='word_1_120' title='bbox 1288 1089 1429 1129; x_wconf 87' lang='lat' dir='ltr'>titulus</span> 
     </span>
     <span class='ocr_line' id='line_1_15' title="bbox 76 1149 1473 1202; baseline 0.001 -12"><span class='ocrx_word' id='word_1_121' title='bbox 76 1149 183 1190; x_wconf 83' lang='lat' dir='ltr'>bona.</span> <span class='ocrx_word' id='word_1_122' title='bbox 206 1149 407 1189; x_wconf 86' lang='lat' dir='ltr'>hostiliter</span> <span class='ocrx_word' id='word_1_123' title='bbox 430 1149 646 1189; x_wconf 71' lang='lat' dir='ltr'>vendendi.</span> <span class='ocrx_word' id='word_1_124' title='bbox 682 1149 917 1202; x_wconf 74' lang='lat' dir='ltr'>proximum</span> <span class='ocrx_word' id='word_1_125' title='bbox 943 1164 1040 1189; x_wconf 72' lang='lat' dir='ltr'>vero</span> <span class='ocrx_word' id='word_1_126' title='bbox 1066 1156 1127 1189; x_wconf 89' lang='lat' dir='ltr'>est</span> <span class='ocrx_word' id='word_1_127' title='bbox 1154 1164 1203 1190; x_wconf 78' lang='lat' dir='ltr'>ex</span> <span class='ocrx_word' id='word_1_128' title='bbox 1227 1150 1296 1199; x_wconf 87' lang='lat' dir='ltr'>iis,</span> <span class='ocrx_word' id='word_1_129' title='bbox 1324 1164 1428 1202; x_wconf 88' lang='lat' dir='ltr'>quae</span> <span class='ocrx_word' id='word_1_130' title='bbox 1456 1167 1473 1192; x_wconf 73' lang='lat'>:3</span> 
     </span>
     <span class='ocr_line' id='line_1_16' title="bbox 76 1211 1430 1270; baseline 0.004 -19"><span class='ocrx_word' id='word_1_131' title='bbox 76 1212 304 1260; x_wconf 84' lang='lat' dir='ltr'>traduntur,</span> <span class='ocrx_word' id='word_1_132' title='bbox 335 1211 553 1252; x_wconf 87' lang='lat' dir='ltr'>Porsinam</span> <span class='ocrx_word' id='word_1_133' title='bbox 578 1212 856 1253; x_wconf 84' lang='lat' dir='ltr'>discedentem</span> <span class='ocrx_word' id='word_1_134' title='bbox 882 1212 933 1254; x_wconf 91' lang='lat' dir='ltr'>ab</span> <span class='ocrx_word' id='word_1_135' title='bbox 958 1212 1144 1254; x_wconf 90' lang='lat' dir='ltr'>Ianiculo</span> <span class='ocrx_word' id='word_1_136' title='bbox 1170 1222 1304 1256; x_wconf 87' lang='lat' dir='ltr'>castra</span> <span class='ocrx_word' id='word_1_137' title='bbox 1329 1230 1430 1270; x_wconf 90' lang='lat' dir='ltr'>opu-</span> 
     </span>
     <span class='ocr_line' id='line_1_17' title="bbox 73 1273 1428 1330; baseline 0.004 -18"><span class='ocrx_word' id='word_1_138' title='bbox 73 1273 183 1313; x_wconf 88' lang='lat' dir='ltr'>lenta</span> <span class='ocrx_word' id='word_1_139' title='bbox 213 1280 408 1314; x_wconf 82' lang='lat' dir='ltr'>convecto</span> <span class='ocrx_word' id='word_1_140' title='bbox 440 1288 491 1313; x_wconf 79' lang='lat' dir='ltr'>cx</span> <span class='ocrx_word' id='word_1_141' title='bbox 521 1274 760 1328; x_wconf 86' lang='lat' dir='ltr'>propinquis</span> <span class='ocrx_word' id='word_1_142' title='bbox 792 1289 839 1315; x_wconf 90' lang='lat' dir='ltr'>ac</span> <span class='ocrx_word' id='word_1_143' title='bbox 870 1275 1073 1316; x_wconf 81' lang='lat' dir='ltr'>fertilibus</span> <span class='ocrx_word' id='word_1_144' title='bbox 1098 1276 1290 1319; x_wconf 81' lang='lat' dir='ltr'>Etruriae</span> <span class='ocrx_word' id='word_1_145' title='bbox 1321 1278 1428 1330; x_wconf 75' lang='lat' dir='ltr'>arvis</span> 
     </span>
     <span class='ocr_line' id='line_1_18' title="bbox 75 1334 1430 1391; baseline 0.005 -18"><span class='ocrx_word' id='word_1_146' title='bbox 75 1341 304 1374; x_wconf 85' lang='lat' dir='ltr'>commeatu</span> <span class='ocrx_word' id='word_1_147' title='bbox 322 1334 521 1376; x_wconf 87' lang='lat' dir='ltr'>Romanis</span> <span class='ocrx_word' id='word_1_148' title='bbox 547 1336 654 1376; x_wconf 90' lang='lat' dir='ltr'>dono</span> <span class='ocrx_word' id='word_1_149' title='bbox 680 1336 862 1386; x_wconf 83' lang='lat' dir='ltr'>dedisse,</span> <span class='ocrx_word' id='word_1_150' title='bbox 889 1337 1001 1391; x_wconf 89' lang='lat' dir='ltr'>inopi</span> <span class='ocrx_word' id='word_1_151' title='bbox 1027 1344 1114 1378; x_wconf 89' lang='lat' dir='ltr'>tum</span> <span class='ocrx_word' id='word_1_152' title='bbox 1139 1338 1240 1380; x_wconf 88' lang='lat' dir='ltr'>urbe</span> <span class='ocrx_word' id='word_1_153' title='bbox 1265 1339 1316 1380; x_wconf 89' lang='lat' dir='ltr'>ab</span> <span class='ocrx_word' id='word_1_154' title='bbox 1342 1339 1430 1380; x_wconf 88' lang='lat' dir='ltr'>lon-</span> 
     </span>
     <span class='ocr_line' id='line_1_19' title="bbox 72 1395 1473 1455; baseline 0.005 -20"><span class='ocrx_word' id='word_1_155' title='bbox 72 1396 224 1451; x_wconf 80' lang='lat' dir='ltr'>ginqua</span> <span class='ocrx_word' id='word_1_156' title='bbox 257 1395 489 1445; x_wconf 86' lang='lat' dir='ltr'>obsidione,</span> <span class='ocrx_word' id='word_1_157' title='bbox 529 1412 576 1438; x_wconf 83' lang='lat' dir='ltr'>ea</span> <span class='ocrx_word' id='word_1_158' title='bbox 607 1397 773 1446; x_wconf 86' lang='lat' dir='ltr'>deinde,</span> <span class='ocrx_word' id='word_1_159' title='bbox 812 1413 862 1438; x_wconf 89' lang='lat' dir='ltr'>nc</span> <span class='ocrx_word' id='word_1_160' title='bbox 892 1399 1045 1453; x_wconf 88' lang='lat' dir='ltr'>populo</span> <span class='ocrx_word' id='word_1_161' title='bbox 1077 1400 1248 1441; x_wconf 86' lang='lat' dir='ltr'>inmisso</span> <span class='ocrx_word' id='word_1_162' title='bbox 1280 1401 1428 1455; x_wconf 88' lang='lat' dir='ltr'>diripe-</span> <span class='ocrx_word' id='word_1_163' title='bbox 1455 1414 1473 1441; x_wconf 64' lang='grc' dir='ltr'>Δ1</span> 
     </span>
     <span class='ocr_line' id='line_1_20' title="bbox 71 1457 1429 1517; baseline 0.004 -20"><span class='ocrx_word' id='word_1_164' title='bbox 71 1463 210 1497; x_wconf 86' lang='lat' dir='ltr'>rentur</span> <span class='ocrx_word' id='word_1_165' title='bbox 233 1457 444 1507; x_wconf 86' lang='lat' dir='ltr'>hostiliter,</span> <span class='ocrx_word' id='word_1_166' title='bbox 472 1459 635 1500; x_wconf 78' lang='lat' dir='ltr'>venisse</span> <span class='ocrx_word' id='word_1_167' title='bbox 654 1459 844 1513; x_wconf 89' lang='lat' dir='ltr'>bonaque</span> <span class='ocrx_word' id='word_1_168' title='bbox 865 1460 1066 1502; x_wconf 88' lang='lat' dir='ltr'>Porsinae</span> <span class='ocrx_word' id='word_1_169' title='bbox 1087 1462 1309 1516; x_wconf 85' lang='lat' dir='ltr'>appellata,</span> <span class='ocrx_word' id='word_1_170' title='bbox 1335 1478 1429 1517; x_wconf 87' lang='lat' dir='ltr'>gra-</span> 
     </span>
     <span class='ocr_line' id='line_1_21' title="bbox 72 1518 1428 1576; baseline 0.004 -18"><span class='ocrx_word' id='word_1_171' title='bbox 72 1518 171 1558; x_wconf 89' lang='lat' dir='ltr'>tiam</span> <span class='ocrx_word' id='word_1_172' title='bbox 206 1519 386 1560; x_wconf 86' lang='lat' dir='ltr'>muneris</span> <span class='ocrx_word' id='word_1_173' title='bbox 422 1520 556 1575; x_wconf 76' lang='lat' dir='ltr'>magis</span> <span class='ocrx_word' id='word_1_174' title='bbox 595 1520 850 1575; x_wconf 86' lang='lat' dir='ltr'>significante</span> <span class='ocrx_word' id='word_1_175' title='bbox 888 1522 1004 1563; x_wconf 86' lang='lat' dir='ltr'>titulo</span> <span class='ocrx_word' id='word_1_176' title='bbox 1041 1537 1166 1576; x_wconf 89' lang='grc'><strong>(1113111</strong></span> <span class='ocrx_word' id='word_1_177' title='bbox 1197 1524 1428 1564; x_wconf 82' lang='lat' dir='ltr'>auctionem</span> 
     </span>
     <span class='ocr_line' id='line_1_22' title="bbox 72 1580 1429 1640; baseline 0.004 -20"><span class='ocrx_word' id='word_1_178' title='bbox 72 1580 260 1621; x_wconf 89' lang='lat' dir='ltr'>fortunae</span> <span class='ocrx_word' id='word_1_179' title='bbox 295 1581 451 1636; x_wconf 80' lang='lat' dir='ltr'>regiae,</span> <span class='ocrx_word' id='word_1_180' title='bbox 494 1596 600 1635; x_wconf 90' lang='lat' dir='ltr'>quae</span> <span class='ocrx_word' id='word_1_181' title='bbox 637 1597 687 1623; x_wconf 90' lang='lat' dir='ltr'>ne</span> <span class='ocrx_word' id='word_1_182' title='bbox 724 1583 765 1623; x_wconf 91' lang='lat' dir='ltr'>in</span> <span class='ocrx_word' id='word_1_183' title='bbox 802 1590 1049 1637; x_wconf 89' lang='lat' dir='ltr'>potestatem</span> <span class='ocrx_word' id='word_1_184' title='bbox 1085 1585 1251 1638; x_wconf 88' lang='lat' dir='ltr'>quidem</span> <span class='ocrx_word' id='word_1_185' title='bbox 1287 1586 1429 1640; x_wconf 88' lang='lat' dir='ltr'>populi</span> 
     </span>
     <span class='ocr_line' id='line_1_23' title="bbox 72 1642 394 1684; baseline 0.006 -2"><span class='ocrx_word' id='word_1_186' title='bbox 72 1642 248 1682; x_wconf 86' lang='lat' dir='ltr'>Romani</span> <span class='ocrx_word' id='word_1_187' title='bbox 274 1652 394 1684; x_wconf 87' lang='lat' dir='ltr'>esset.</span> 
     </span>
    </p>

    <p class='ocr_par' dir='ltr' id='par_1_4' title="bbox 73 1703 1472 2747">
     <span class='ocr_line' id='line_1_24' title="bbox 158 1703 1472 1757; baseline 0.004 -13"><span class='ocrx_word' id='word_1_188' title='bbox 158 1703 329 1746; x_wconf 87' lang='lat' dir='ltr'>Omisso</span> <span class='ocrx_word' id='word_1_189' title='bbox 353 1705 542 1747; x_wconf 83' lang='lat' dir='ltr'>Romano</span> <span class='ocrx_word' id='word_1_190' title='bbox 573 1707 681 1747; x_wconf 89' lang='lat' dir='ltr'>bello</span> <span class='ocrx_word' id='word_1_191' title='bbox 706 1707 898 1757; x_wconf 88' lang='lat' dir='ltr'>Porsina,</span> <span class='ocrx_word' id='word_1_192' title='bbox 936 1722 987 1748; x_wconf 90' lang='lat' dir='ltr'>ne</span> <span class='ocrx_word' id='word_1_193' title='bbox 1018 1707 1169 1749; x_wconf 87' lang='lat' dir='ltr'>frustra</span> <span class='ocrx_word' id='word_1_194' title='bbox 1199 1709 1242 1748; x_wconf 92' lang='lat' dir='ltr'>in</span> <span class='ocrx_word' id='word_1_195' title='bbox 1266 1724 1313 1749; x_wconf 89' lang='lat' dir='ltr'>ca</span> <span class='ocrx_word' id='word_1_196' title='bbox 1338 1709 1427 1749; x_wconf 86' lang='lat' dir='ltr'>loca</span> <span class='ocrx_word' id='word_1_197' title='bbox 1455 1725 1472 1750; x_wconf 79' lang='lat'>.·›</span> 
     </span>
     <span class='ocr_line' id='line_1_25' title="bbox 73 1766 1429 1823; baseline 0.004 -19"><span class='ocrx_word' id='word_1_198' title='bbox 73 1766 275 1805; x_wconf 74' lang='lat' dir='ltr'>exercitus</span> <span class='ocrx_word' id='word_1_199' title='bbox 307 1767 507 1808; x_wconf 85' lang='lat' dir='ltr'>adductus</span> <span class='ocrx_word' id='word_1_200' title='bbox 539 1768 761 1817; x_wconf 75' lang='lat' dir='ltr'>videretur,</span> <span class='ocrx_word' id='word_1_201' title='bbox 800 1783 894 1809; x_wconf 90' lang='lat' dir='ltr'>cum</span> <span class='ocrx_word' id='word_1_202' title='bbox 923 1775 1038 1823; x_wconf 86' lang='lat' dir='ltr'>parte</span> <span class='ocrx_word' id='word_1_203' title='bbox 1064 1770 1275 1822; x_wconf 88' lang='lat' dir='ltr'>copiarum</span> <span class='ocrx_word' id='word_1_204' title='bbox 1299 1770 1429 1810; x_wconf 89' lang='lat' dir='ltr'>filium</span> 
     </span>
     <span class='ocr_line' id='line_1_26' title="bbox 73 1825 1472 1884; baseline 0.005 -19"><span class='ocrx_word' id='word_1_205' title='bbox 73 1825 297 1867; x_wconf 83' lang='lat' dir='ltr'>Arruntem</span> <span class='ocrx_word' id='word_1_206' title='bbox 332 1827 517 1868; x_wconf 84' lang='lat' dir='ltr'>Ariciam</span> <span class='ocrx_word' id='word_1_207' title='bbox 553 1838 837 1884; x_wconf 87' lang='lat' dir='ltr'>oppugnatum</span> <span class='ocrx_word' id='word_1_208' title='bbox 872 1831 1006 1870; x_wconf 88' lang='lat' dir='ltr'>mittit.</span> <span class='ocrx_word' id='word_1_209' title='bbox 1066 1831 1199 1884; x_wconf 88' lang='lat' dir='ltr'>primo</span> <span class='ocrx_word' id='word_1_210' title='bbox 1234 1830 1427 1872; x_wconf 82' lang='lat' dir='ltr'>Aricinos</span> <span class='ocrx_word' id='word_1_211' title='bbox 1455 1848 1472 1874; x_wconf 67' lang='grc' dir='ltr'>ις</span> 
     </span>
     <span class='ocr_line' id='line_1_27' title="bbox 73 1888 1429 1943; baseline 0.004 -16"><span class='ocrx_word' id='word_1_212' title='bbox 73 1901 137 1927; x_wconf 87' lang='grc'>105</span> <span class='ocrx_word' id='word_1_213' title='bbox 173 1888 418 1942; x_wconf 86' lang='lat' dir='ltr'>necopinata</span> <span class='ocrx_word' id='word_1_214' title='bbox 452 1890 692 1943; x_wconf 89' lang='lat' dir='ltr'>perculerat.</span> <span class='ocrx_word' id='word_1_215' title='bbox 742 1892 938 1932; x_wconf 87' lang='lat' dir='ltr'>arcessita</span> <span class='ocrx_word' id='word_1_216' title='bbox 973 1891 1121 1932; x_wconf 86' lang='lat' dir='ltr'>deinde</span> <span class='ocrx_word' id='word_1_217' title='bbox 1152 1892 1306 1934; x_wconf 76' lang='lat' dir='ltr'>auxilia</span> <span class='ocrx_word' id='word_1_218' title='bbox 1335 1900 1374 1933; x_wconf 88' lang='lat' dir='ltr'>et</span> <span class='ocrx_word' id='word_1_219' title='bbox 1406 1909 1429 1933; x_wconf 87' lang='lat' dir='ltr'>a</span> 
     </span>
     <span class='ocr_line' id='line_1_28' title="bbox 73 1949 1428 2006; baseline 0.005 -18"><span class='ocrx_word' id='word_1_220' title='bbox 73 1949 237 1989; x_wconf 87' lang='lat' dir='ltr'>Latinis</span> <span class='ocrx_word' id='word_1_221' title='bbox 268 1950 430 2004; x_wconf 89' lang='lat' dir='ltr'>populis</span> <span class='ocrx_word' id='word_1_222' title='bbox 461 1958 501 1991; x_wconf 85' lang='lat' dir='ltr'>et</span> <span class='ocrx_word' id='word_1_223' title='bbox 531 1966 555 1992; x_wconf 87' lang='lat' dir='ltr'>a</span> <span class='ocrx_word' id='word_1_224' title='bbox 587 1951 732 1995; x_wconf 87' lang='lat' dir='ltr'>Cumis</span> <span class='ocrx_word' id='word_1_225' title='bbox 763 1959 922 1993; x_wconf 87' lang='lat' dir='ltr'>tantum</span> <span class='ocrx_word' id='word_1_226' title='bbox 953 1953 1041 2006; x_wconf 89' lang='lat' dir='ltr'>spei</span> <span class='ocrx_word' id='word_1_227' title='bbox 1076 1953 1230 2003; x_wconf 86' lang='lat' dir='ltr'>fecere,</span> <span class='ocrx_word' id='word_1_228' title='bbox 1261 1960 1307 1994; x_wconf 88' lang='lat' dir='ltr'>ut</span> <span class='ocrx_word' id='word_1_229' title='bbox 1342 1955 1428 1995; x_wconf 83' lang='lat' dir='ltr'>acie</span> 
     </span>
     <span class='ocr_line' id='line_1_29' title="bbox 75 2011 1427 2070; baseline 0.004 -20"><span class='ocrx_word' id='word_1_230' title='bbox 75 2011 293 2052; x_wconf 80' lang='lat' dir='ltr'>decernere</span> <span class='ocrx_word' id='word_1_231' title='bbox 324 2012 534 2053; x_wconf 88' lang='lat' dir='ltr'>auderent.</span> <span class='ocrx_word' id='word_1_232' title='bbox 589 2013 743 2067; x_wconf 89' lang='lat' dir='ltr'>proelio</span> <span class='ocrx_word' id='word_1_233' title='bbox 772 2014 874 2055; x_wconf 88' lang='lat' dir='ltr'>inito</span> <span class='ocrx_word' id='word_1_234' title='bbox 903 2015 1006 2055; x_wconf 88' lang='lat' dir='ltr'>adeo</span> <span class='ocrx_word' id='word_1_235' title='bbox 1038 2015 1240 2056; x_wconf 87' lang='lat' dir='ltr'>concitato</span> <span class='ocrx_word' id='word_1_236' title='bbox 1271 2016 1427 2070; x_wconf 89' lang='lat' dir='ltr'>impetu</span> 
     </span>
     <span class='ocr_line' id='line_1_30' title="bbox 76 2072 1425 2130; baseline 0.005 -19"><span class='ocrx_word' id='word_1_237' title='bbox 76 2085 119 2112; x_wconf 91' lang='lat' dir='ltr'>se</span> <span class='ocrx_word' id='word_1_238' title='bbox 143 2072 362 2113; x_wconf 85' lang='lat' dir='ltr'>intulerant</span> <span class='ocrx_word' id='word_1_239' title='bbox 384 2073 571 2123; x_wconf 85' lang='lat' dir='ltr'>Etrusci,</span> <span class='ocrx_word' id='word_1_240' title='bbox 603 2082 647 2115; x_wconf 88' lang='lat' dir='ltr'>ut</span> <span class='ocrx_word' id='word_1_241' title='bbox 672 2075 891 2116; x_wconf 86' lang='lat' dir='ltr'>funderent</span> <span class='ocrx_word' id='word_1_242' title='bbox 914 2076 1005 2130; x_wconf 87' lang='lat' dir='ltr'>ipso</span> <span class='ocrx_word' id='word_1_243' title='bbox 1030 2077 1196 2117; x_wconf 90' lang='lat' dir='ltr'>incursu</span> <span class='ocrx_word' id='word_1_244' title='bbox 1220 2076 1425 2119; x_wconf 87' lang='lat' dir='ltr'>Aricinos.</span> 
     </span>
     <span class='ocr_line' id='line_1_31' title="bbox 76 2133 1470 2187; baseline 0.005 -13"><span class='ocrx_word' id='word_1_245' title='bbox 76 2133 289 2176; x_wconf 85' lang='lat' dir='ltr'>Cumanae</span> <span class='ocrx_word' id='word_1_246' title='bbox 322 2135 527 2185; x_wconf 89' lang='lat' dir='ltr'>cohortes,</span> <span class='ocrx_word' id='word_1_247' title='bbox 565 2144 651 2177; x_wconf 89' lang='lat' dir='ltr'>arte</span> <span class='ocrx_word' id='word_1_248' title='bbox 682 2137 880 2178; x_wconf 73' lang='lat' dir='ltr'>adversus</span> <span class='ocrx_word' id='word_1_249' title='bbox 905 2138 989 2178; x_wconf 69' lang='lat' dir='ltr'>vim</span> <span class='ocrx_word' id='word_1_250' title='bbox 1015 2152 1132 2187; x_wconf 91' lang='lat' dir='ltr'>usae,</span> <span class='ocrx_word' id='word_1_251' title='bbox 1170 2139 1426 2180; x_wconf 77' lang='lat' dir='ltr'>declinavere</span> <span class='ocrx_word' id='word_1_252' title='bbox 1456 2157 1470 2184; x_wconf 75' lang='grc' dir='ltr'><em>ῑ</em></span> 
     </span>
     <span class='ocr_line' id='line_1_32' title="bbox 74 2195 1427 2256; baseline 0.004 -21"><span class='ocrx_word' id='word_1_253' title='bbox 74 2195 286 2249; x_wconf 81' lang='lat' dir='ltr'>paululum</span> <span class='ocrx_word' id='word_1_254' title='bbox 316 2197 528 2250; x_wconf 88' lang='lat' dir='ltr'>effuseque</span> <span class='ocrx_word' id='word_1_255' title='bbox 559 2198 762 2252; x_wconf 86' lang='grc'><strong>1113013105</strong></span> <span class='ocrx_word' id='word_1_256' title='bbox 792 2199 932 2240; x_wconf 86' lang='grc'><strong>1105105</strong></span> <span class='ocrx_word' id='word_1_257' title='bbox 964 2200 1172 2241; x_wconf 74' lang='lat' dir='ltr'>conversis</span> <span class='ocrx_word' id='word_1_258' title='bbox 1210 2201 1338 2256; x_wconf 86' lang='lat' dir='ltr'>signis</span> <span class='ocrx_word' id='word_1_259' title='bbox 1376 2201 1427 2242; x_wconf 89' lang='lat' dir='ltr'>ab</span> 
     </span>
     <span class='ocr_line' id='line_1_33' title="bbox 76 2259 1428 2316; baseline 0.006 -19"><span class='ocrx_word' id='word_1_260' title='bbox 76 2266 189 2311; x_wconf 87' lang='lat' dir='ltr'>tergo</span> <span class='ocrx_word' id='word_1_261' title='bbox 214 2259 380 2300; x_wconf 87' lang='lat' dir='ltr'>adortae</span> <span class='ocrx_word' id='word_1_262' title='bbox 406 2267 518 2300; x_wconf 91' lang='lat' dir='ltr'>sunt:</span> <span class='ocrx_word' id='word_1_263' title='bbox 555 2261 611 2301; x_wconf 84' lang='lat' dir='ltr'>ita</span> <span class='ocrx_word' id='word_1_264' title='bbox 634 2261 677 2301; x_wconf 85' lang='lat' dir='ltr'>in</span> <span class='ocrx_word' id='word_1_265' title='bbox 700 2262 836 2303; x_wconf 87' lang='lat' dir='ltr'>medio</span> <span class='ocrx_word' id='word_1_266' title='bbox 860 2277 986 2316; x_wconf 89' lang='lat' dir='ltr'>prope</span> <span class='ocrx_word' id='word_1_267' title='bbox 1011 2263 1094 2303; x_wconf 88' lang='lat' dir='ltr'>iam</span> <span class='ocrx_word' id='word_1_268' title='bbox 1117 2263 1292 2305; x_wconf 71' lang='lat' dir='ltr'>victores</span> <span class='ocrx_word' id='word_1_269' title='bbox 1319 2265 1428 2305; x_wconf 86' lang='lat' dir='ltr'>caesi</span> 
     </span>
     <span class='ocr_line' id='line_1_34' title="bbox 73 2317 1471 2380; baseline 0.006 -23"><span class='ocrx_word' id='word_1_270' title='bbox 73 2317 253 2360; x_wconf 87' lang='lat' dir='ltr'>Etrusci.</span> <span class='ocrx_word' id='word_1_271' title='bbox 300 2334 396 2374; x_wconf 82' lang='lat' dir='ltr'>pars</span> <span class='ocrx_word' id='word_1_272' title='bbox 421 2322 646 2377; x_wconf 74' lang='lat' dir='ltr'>perexigua</span> <span class='ocrx_word' id='word_1_273' title='bbox 677 2323 780 2364; x_wconf 88' lang='lat' dir='ltr'>duce</span> <span class='ocrx_word' id='word_1_274' title='bbox 811 2324 982 2373; x_wconf 91' lang='lat' dir='ltr'>amisso,</span> <span class='ocrx_word' id='word_1_275' title='bbox 1020 2325 1116 2377; x_wconf 85' lang='lat' dir='ltr'>quia</span> <span class='ocrx_word' id='word_1_276' title='bbox 1145 2325 1305 2365; x_wconf 89' lang='lat' dir='ltr'>nullum</span> <span class='ocrx_word' id='word_1_277' title='bbox 1333 2340 1427 2380; x_wconf 90' lang='lat' dir='ltr'>pro-</span> <span class='ocrx_word' id='word_1_278' title='bbox 1452 2340 1471 2362; x_wconf 65' lang='lat'>⁸</span> 
     </span>
     <span class='ocr_line' id='line_1_35' title="bbox 74 2379 1426 2441; baseline 0.007 -23"><span class='ocrx_word' id='word_1_279' title='bbox 74 2379 166 2433; x_wconf 89' lang='lat' dir='ltr'>pius</span> <span class='ocrx_word' id='word_1_280' title='bbox 191 2381 427 2436; x_wconf 84' lang='lat' dir='ltr'>perfugium</span> <span class='ocrx_word' id='word_1_281' title='bbox 453 2389 556 2431; x_wconf 89' lang='lat' dir='ltr'>erat,</span> <span class='ocrx_word' id='word_1_282' title='bbox 582 2383 760 2424; x_wconf 85' lang='lat' dir='ltr'>Romam</span> <span class='ocrx_word' id='word_1_283' title='bbox 778 2384 954 2426; x_wconf 88' lang='lat' dir='ltr'>inermes</span> <span class='ocrx_word' id='word_1_284' title='bbox 974 2391 1014 2426; x_wconf 86' lang='lat' dir='ltr'>et</span> <span class='ocrx_word' id='word_1_285' title='bbox 1038 2386 1201 2427; x_wconf 86' lang='lat' dir='ltr'>fortuna</span> <span class='ocrx_word' id='word_1_286' title='bbox 1226 2393 1265 2427; x_wconf 85' lang='lat' dir='ltr'>et</span> <span class='ocrx_word' id='word_1_287' title='bbox 1291 2388 1426 2441; x_wconf 86' lang='lat' dir='ltr'>specie</span> 
     </span>
     <span class='ocr_line' id='line_1_36' title="bbox 75 2441 1427 2502; baseline 0.005 -21"><span class='ocrx_word' id='word_1_288' title='bbox 75 2441 307 2495; x_wconf 89' lang='lat' dir='ltr'>supplicum</span> <span class='ocrx_word' id='word_1_289' title='bbox 338 2443 462 2484; x_wconf 87' lang='lat' dir='ltr'>delati</span> <span class='ocrx_word' id='word_1_290' title='bbox 493 2452 606 2494; x_wconf 90' lang='lat' dir='ltr'>sunt,</span> <span class='ocrx_word' id='word_1_291' title='bbox 644 2445 702 2486; x_wconf 88' lang='lat' dir='ltr'>ibi</span> <span class='ocrx_word' id='word_1_292' title='bbox 736 2445 914 2501; x_wconf 88' lang='lat' dir='ltr'>benigne</span> <span class='ocrx_word' id='word_1_293' title='bbox 952 2448 1113 2501; x_wconf 81' lang='lat' dir='ltr'>excepti</span> <span class='ocrx_word' id='word_1_294' title='bbox 1148 2448 1350 2502; x_wconf 76' lang='lat' dir='ltr'>divisique</span> <span class='ocrx_word' id='word_1_295' title='bbox 1385 2449 1427 2489; x_wconf 88' lang='lat' dir='ltr'>in</span> 
     </span>
     <span class='ocr_line' id='line_1_37' title="bbox 73 2501 1468 2562; baseline 0.006 -20"><span class='ocrx_word' id='word_1_296' title='bbox 73 2501 262 2556; x_wconf 88' lang='lat' dir='ltr'>hospitia.</span> <span class='ocrx_word' id='word_1_297' title='bbox 318 2506 467 2547; x_wconf 82' lang='lat' dir='ltr'>curatis</span> <span class='ocrx_word' id='word_1_298' title='bbox 503 2506 741 2548; x_wconf 71' lang='lat' dir='ltr'>volneribus</span> <span class='ocrx_word' id='word_1_299' title='bbox 803 2507 871 2548; x_wconf 90' lang='lat' dir='ltr'>alii</span> <span class='ocrx_word' id='word_1_300' title='bbox 907 2508 1080 2562; x_wconf 87' lang='lat' dir='ltr'>profecti</span> <span class='ocrx_word' id='word_1_301' title='bbox 1115 2509 1259 2550; x_wconf 89' lang='lat' dir='ltr'>domos</span> <span class='ocrx_word' id='word_1_302' title='bbox 1295 2511 1468 2553; x_wconf 80' lang='grc'><strong>1111111119</strong></span> 
     </span>
     <span class='ocr_line' id='line_1_38' title="bbox 73 2563 1426 2625; baseline 0.007 -22"><span class='ocrx_word' id='word_1_303' title='bbox 73 2563 337 2618; x_wconf 85' lang='lat' dir='ltr'>hospitalium</span> <span class='ocrx_word' id='word_1_304' title='bbox 361 2566 651 2609; x_wconf 89' lang='lat' dir='ltr'>beneficiorum</span> <span class='ocrx_word' id='word_1_305' title='bbox 660 2600 670 2618; x_wconf 96' lang='lat'>,</span> <span class='ocrx_word' id='word_1_306' title='bbox 701 2569 852 2610; x_wconf 86' lang='lat' dir='ltr'>multos</span> <span class='ocrx_word' id='word_1_307' title='bbox 877 2569 1035 2611; x_wconf 87' lang='lat' dir='ltr'>Romae</span> <span class='ocrx_word' id='word_1_308' title='bbox 1058 2571 1267 2625; x_wconf 90' lang='lat' dir='ltr'>hospitum</span> <span class='ocrx_word' id='word_1_309' title='bbox 1292 2572 1426 2613; x_wconf 91' lang='lat' dir='ltr'>urbis-</span> 
     </span>
     <span class='ocr_line' id='line_1_39' title="bbox 73 2627 1424 2687; baseline 0.007 -21"><span class='ocrx_word' id='word_1_310' title='bbox 73 2639 151 2677; x_wconf 90' lang='lat' dir='ltr'>que</span> <span class='ocrx_word' id='word_1_311' title='bbox 177 2627 323 2668; x_wconf 85' lang='lat' dir='ltr'>earitas</span> <span class='ocrx_word' id='word_1_312' title='bbox 350 2629 490 2669; x_wconf 89' lang='lat' dir='ltr'>tenuit.</span> <span class='ocrx_word' id='word_1_313' title='bbox 538 2629 602 2671; x_wconf 91' lang='lat' dir='ltr'>his</span> <span class='ocrx_word' id='word_1_314' title='bbox 627 2630 742 2671; x_wconf 86' lang='lat' dir='ltr'>locus</span> <span class='ocrx_word' id='word_1_315' title='bbox 767 2631 819 2671; x_wconf 86' lang='lat' dir='ltr'>ad</span> <span class='ocrx_word' id='word_1_316' title='bbox 843 2631 1109 2673; x_wconf 86' lang='lat' dir='ltr'>habitandum</span> <span class='ocrx_word' id='word_1_317' title='bbox 1137 2633 1275 2683; x_wconf 85' lang='lat' dir='ltr'>datus,</span> <span class='ocrx_word' id='word_1_318' title='bbox 1302 2648 1424 2687; x_wconf 87' lang='lat' dir='ltr'>quem</span> 
     </span>
     <span class='ocr_line' id='line_1_40' title="bbox 73 2686 882 2747; baseline 0.01 -21"><span class='ocrx_word' id='word_1_319' title='bbox 73 2686 219 2729; x_wconf 85' lang='lat' dir='ltr'>deinde</span> <span class='ocrx_word' id='word_1_320' title='bbox 245 2689 427 2731; x_wconf 82' lang='lat' dir='ltr'>Tuscum</span> <span class='ocrx_word' id='word_1_321' title='bbox 455 2691 589 2731; x_wconf 69' lang='lat' dir='ltr'>vicum</span> <span class='ocrx_word' id='word_1_322' title='bbox 615 2692 882 2747; x_wconf 86' lang='lat' dir='ltr'>appellarunt.</span> 
     </span>
    </p>
   </div>
  </div>
 </body>
</html>
