1835 3226
299 803 314 830 *Χ

297 1178 314 1204 Ν.

300 1862 316 1883 0

347 246 426 286 164
670 251 824 285 LIBER
849 250 923 294 111,
949 250 1094 283 42-44.
1122 252 1170 293 [a.
1184 262 1218 285 u.
1238 251 1364 294 e.305]

343 357 541 411 flagitium
572 355 613 394 in
644 353 818 407 Algido,
857 352 986 392 maior
1017 352 1139 393 ctiam
1172 352 1308 393 clades
1341 359 1527 407 accepta:
1564 361 1698 397 castra

342 432 504 472 quoquc
530 417 683 458 amissa
713 421 846 464 erant,
880 423 1110 468 exutusque
1137 414 1327 456 omnibus
1353 415 1598 458 utensilibus
1623 418 1698 458 mi-

347 481 406 521 les
433 478 661 520 Tusculum
688 492 750 526 se,
776 477 856 517 fide
882 477 1241 529 misericordiaque
1267 477 1450 517 victurus
1475 477 1697 532 hospitum,

342 556 447 595 quae
467 548 603 581 tamen
623 554 705 580 non
725 539 972 587 fefellerunt,
999 538 1236 579 contulerat.
1267 539 1444 579 Romam
1466 540 1567 579 tanti
1586 547 1700 580 erant

342 612 514 645 terrores
541 602 669 651 allati,
696 608 741 642 ut
765 601 900 656 posito
925 602 1006 641 iam
1033 601 1295 642 decemvirali
1320 602 1414 645 odio
1440 608 1578 655 patres
1597 602 1701 656 vigi-

342 666 415 706 lias
447 665 488 705 in
513 664 613 705 urbe
639 663 850 704 habendas
877 670 1108 712 censerent3
1141 677 1301 712 omnes,
1333 663 1404 716 qui
1427 678 1501 717 per
1525 669 1700 704 aetatem

341 742 454 768 arma
478 726 583 766 ferre
609 731 797 779 possent,
824 725 1029 765 custodire
1055 724 1217 765 moenia
1242 739 1289 765 ac
1314 739 1387 778 pro
1412 725 1540 779 portis
1562 725 1702 766 statio-

342 803 414 830 nes
440 802 562 843 agere
582 787 786 836 iuberent,
813 802 926 828 arma
946 786 1177 827 Tusculum
1196 787 1249 827 ad
1274 787 1606 841 supplementum
1631 787 1701 827 dc-

341 856 553 891 cernerent
594 849 930 901 decemvirosque
973 848 1024 889 ab
1067 862 1159 889 arce
1197 848 1370 889 Tusculi
1412 849 1623 903 digressos
1659 848 1702 889 in

341 913 484 954 castris
516 911 686 952 militem
716 910 887 960 habere3
925 920 1058 951 castra
1083 910 1162 951 alia
1186 926 1210 951 a
1232 910 1403 951 Fidenis
1428 910 1471 950 in
1497 909 1698 951 Sabinum

341 990 486 1030 agrum
517 973 729 1014 transferri
755 973 944 1026 belloque
969 972 1075 1014 ultro
1101 972 1315 1014 inferendo
1340 972 1533 1013 deterreri
1559 972 1698 1013 hostes

343 1053 367 1077 a
392 1036 562 1077 consilio
589 1035 700 1077 urbis
727 1035 1042 1091 oppugnandae.

426 1097 702 1139 XXXXHI.
757 1097 829 1137 Ad
854 1097 990 1138 clades
1017 1097 1068 1138 ab
1094 1097 1283 1139 hostibus
1309 1105 1498 1152 acceptas
1525 1097 1606 1138 duo
1631 1112 1702 1137 nc-

342 1161 467 1202 fanda
491 1160 673 1200 facinora
698 1159 919 1200 decemviri
944 1159 1040 1200 belli
1064 1160 1257 1212 domique
1283 1160 1476 1200 adiciunt.
1530 1160 1584 1200 L.
1612 1157 1703 1200 Sic-

342 1223 469 1270 cium,
501 1221 542 1261 in
571 1221 736 1262 Sabinis
768 1235 840 1275 per
870 1221 1066 1261 invidiam
1098 1222 1412 1262 decemviralem
1444 1221 1700 1262 tribunorum

342 1284 610 1325 creandorum
643 1283 969 1335 secessionisque
1000 1283 1228 1323 mentiones
1261 1283 1314 1322 ad
1344 1283 1494 1337 vulgus
1526 1282 1700 1322 militum

343 1344 601 1386 sermonibus
638 1344 809 1384 occultis
847 1350 1068 1392 serentem,
1106 1344 1438 1398 prospeculatum
1477 1344 1528 1384 ad
1564 1343 1700 1384 locum

345 1407 489 1448 castris
509 1406 752 1460 capiendum
774 1406 950 1446 mittunt.
989 1406 1108 1446 datur
1126 1406 1338 1460 negotium
1358 1405 1569 1454 militibus,
1596 1419 1700 1458 quos

342 1469 537 1509 miserant
556 1467 826 1522 expeditionis
848 1468 935 1507 cius
957 1468 1147 1517 comites,
1174 1475 1218 1508 ut
1237 1482 1331 1507 eum
1351 1474 1550 1521 oportuno
1571 1466 1701 1507 adorti

342 1531 432 1571 loco
451 1529 735 1570 interficerent.
773 1529 884 1569 haud
903 1529 1078 1569 inultum
1104 1529 1362 1569 interfecere:
1389 1544 1483 1569 nam
1509 1529 1616 1569 circa
1639 1542 1702 1568 rc-

341 1598 594 1646 pugnantem
620 1590 774 1643 aliquot
793 1590 1052 1631 insidiatores
1074 1591 1274 1639 cecidere,
1302 1605 1395 1630 cum
1414 1591 1503 1644 ipse
1523 1605 1566 1631 se
1585 1604 1703 1644 prae-

343 1653 503 1693 validus
534 1652 623 1706 pari
654 1651 809 1692 viribus
842 1652 978 1691 animo
1010 1652 1313 1692 circumventus
1339 1658 1550 1693 tutaretur.
1599 1667 1702 1692 nun-

344 1715 445 1755 tiant
468 1715 509 1754 in
535 1720 669 1754 castra
694 1713 835 1762 ceteri,
868 1713 1181 1767 praecipitatum
1206 1713 1249 1753 in
1273 1713 1442 1753 insidias
1469 1727 1578 1762 csse,
1613 1712 1702 1755 Sic-

343 1776 452 1816 cium
494 1775 659 1830 egregie
702 1781 956 1829 pugnantem
1000 1774 1231 1827 militesque
1274 1775 1477 1827 quosdam
1518 1788 1613 1815 cum
1654 1789 1702 1815 eo

311 1838 531 1878 ·amissos.
580 1837 713 1891 primo
749 1837 851 1877 fides
888 1836 1172 1877 nuntiantibus
1209 1836 1304 1885 fuit3
1340 1836 1526 1891 profecta
1556 1836 1702 1877 deinde

343 1899 488 1940 cohors
521 1899 572 1939 ad
604 1898 861 1953 sepeliendos
893 1898 963 1951 qui
994 1898 1225 1939 ceciderant
1256 1898 1582 1938 decemvirorum
1612 1912 1704 1952 per-

342 1961 491 2010 missu,
518 1966 737 2015 postquam
762 1960 920 2000 nullum
947 1960 1166 2014 spoliatum
1192 1960 1248 2001 ibi
1274 1975 1421 2014 corpus
1438 1958 1702 2013 Sicciumque

343 2024 384 2062 in
402 2023 537 2064 medio
556 2022 758 2063 iacentem
778 2029 1061 2075 armatumque
1081 2021 1272 2063 omnibus
1293 2022 1334 2062 in
1353 2037 1446 2062 culn
1465 2022 1595 2063 versis
1615 2036 1704 2062 cor-

342 2085 510 2140 poribus
542 2085 699 2134 videre,
732 2084 913 2125 hostium
939 2099 1072 2137 neque
1098 2099 1247 2139 corpus
1273 2085 1403 2124 ullum
1429 2099 1505 2125 nec
1528 2083 1703 2139 vestigia

343 2148 595 2197 abeuntium,
620 2147 807 2202 profecto
827 2146 878 2188 ab
900 2147 985 2188 suis
1005 2146 1264 2188 interfectum
1284 2152 1557 2187 memorantes
1576 2154 1703 2187 rettu-

343 2210 425 2250 lere
451 2224 612 2264 corpus.
650 2209 910 2262 invidiaeque
928 2209 1051 2263 plena
1070 2214 1205 2249 castra
1223 2215 1337 2249 erant
1358 2216 1396 2248 et
1409 2208 1586 2249 Romam
1606 2207 1702 2248 ferri

343 2272 528 2326 protinus
558 2270 740 2313 Siccium
765 2270 973 2325 placebat,
1005 2271 1047 2311 ni
1072 2262 1294 2311 decemviri
1318 2270 1442 2310 funus
1468 2270 1640 2310 militare
1666 2270 1702 2310 ei

344 2334 510 2388 publica
533 2334 708 2387 inpensa
732 2334 868 2373 facere
893 2339 1181 2374 maturassent.
1237 2332 1422 2386 sepultus
1448 2332 1604 2387 ingenti
1629 2331 1703 2371 mi-

342 2396 460 2436 litum
479 2396 695 2444 maestitia,
722 2395 903 2450 pessima
922 2395 1247 2435 decemvirorum
1266 2394 1308 2434 in
1322 2394 1471 2449 vulgus
1496 2395 1608 2434 sama
1627 2400 1701 2434 est.

428 2457 728 2498 XXXXIIH.
769 2456 964 2510 Sequitur
989 2456 1101 2497 aliud
1124 2456 1166 2496 in
1191 2456 1290 2497 urbe
1315 2456 1433 2496 nesas
1459 2455 1510 2496 ab
1534 2455 1702 2496 libidine

345 2520 478 2554 ortum
504 2514 615 2554 haud
640 2514 776 2554 minus
802 2513 926 2554 foedo
952 2519 1101 2553 eventu
1133 2527 1256 2565 quam
1283 2512 1393 2565 quod
1418 2526 1491 2566 per
1515 2518 1701 2566 stuprum

346 2575 594 2628 caedemque
612 2575 834 2615 Lucretiae
859 2574 959 2615 urbe
984 2589 1195 2629 regnoque
1209 2573 1456 2627 Tarquinios
1477 2573 1699 2627 expulerat,

348 2642 390 2675 ut
408 2651 491 2676 non
508 2636 601 2677 finis
623 2636 755 2677 solum
773 2636 883 2677 idem
903 2636 1158 2685 decemviris,
1185 2635 1256 2689 qui
1273 2635 1459 2690 regibus,
1486 2635 1558 2675 sed
1577 2647 1701 2672 causa

348 2697 468 2736 etiam
493 2698 637 2737 eadem
662 2698 807 2752 inperii
833 2697 1045 2739 amittendi
1071 2704 1192 2738 esset.
