1835 3226
264 1682 279 1709 *Ι

247 2365 285 2394 10

249 2551 282 2578 11

306 196 386 238 346
683 200 837 235 LIBER
862 200 933 244 VI,
959 199 1012 233 40.
1041 200 1283 244 [21.u.e.3s‹;]

305 308 398 348 inde
424 312 579 347 ceteros
599 311 761 358 patrum
781 303 1009 352 defixisset,
1036 302 1118 357 Ap.
1141 302 1341 344 Claudius
1364 303 1560 356 Crassus,
1587 322 1658 349 ne-

303 384 378 423 pos
409 366 647 415 decemviri,
686 366 834 406 dicitur
864 365 958 406 odio
990 366 1122 420 inagis
1158 365 1301 419 iraque
1337 381 1462 419 quam
1498 383 1569 422 spe
1605 370 1658 410 ad

305 428 628 470 dissuadendum
659 427 912 482 processisse
938 433 978 468 et
1001 427 1163 468 locutus
1188 427 1231 468 in
1255 427 1360 469 hano
1385 428 1471 470 fere
1497 436 1659 470 senten-

305 492 402 532 tiam
427 505 537 532 csse:
565 494 716 543 ‘neque
735 505 889 530 novum
910 503 1043 543 neque
1062 489 1319 543 inopinatum
1338 490 1438 531 mihi
1458 491 1527 541 sit,
1556 490 1660 544 Qui-

303 554 418 602 rites,
447 553 499 602 si,
526 552 636 606 quod
656 567 782 592 unum
804 551 983 592 familiae
1001 558 1165 592 nostrae
1186 566 1348 607 semper
1367 552 1573 594 obiectum
1599 562 1660 595 est

304 615 356 656 ab
382 615 587 656 seditiosis
613 614 806 662 tribunis,
833 614 876 654 id
900 628 1009 654 nunc
1035 628 1112 668 ego
1138 628 1300 668 quoque
1321 615 1505 664 audiam,
1533 614 1660 656 Clau-

304 678 395 718 diae
419 677 535 732 genti
558 677 641 717 iam
665 676 759 716 inde
786 675 837 716 ab
862 676 977 717 initio
1002 676 1102 716 nihil
1127 676 1334 729 antiquius
1360 676 1403 717 in
1426 691 1470 717 re
1494 676 1662 731 publica

303 746 464 794 patrum
496 739 710 780 maiestate
735 738 884 788 fuisse,
918 753 1081 793 semper
1104 738 1237 793 plebis
1264 739 1490 779 commodis
1516 739 1661 780 adver-

305 808 415 843 satos
435 816 540 843 esse.
579 816 753 855 quorum
778 800 951 841 alterum
975 815 1108 854 neque
1133 815 1240 856 nego
1265 814 1399 854 neque
1423 800 1573 842 infitias
1599 815 1660 849 eo,

304 879 397 913 nos,
436 878 488 905 ex
518 878 600 917 quo
631 863 777 904 adsciti
808 878 951 904 sumus
983 862 1104 904 simul
1136 863 1177 903 in
1209 863 1415 903 civitatem
1446 868 1487 903 et
1509 869 1660 918 patres,

305 927 423 967 enixe
455 940 621 980 operam
653 925 836 974 dedisse,
873 931 918 965 ut
948 939 1022 979 per
1045 939 1120 965 nos
1147 931 1267 965 aucta
1290 925 1427 979 potius
1453 939 1577 978 quam
1603 924 1663 964 in-

305 989 462 1029 minuta
492 988 686 1029 maiestas
713 1002 854 1029 earum
879 988 1083 1043 gentium,
1116 987 1220 1028 inter
1245 1002 1347 1041 quas
1372 1002 1448 1028 nos
1475 1002 1566 1028 esse
1591 1002 1663 1027 vo-

305 1051 457 1100 luistis,
484 1050 564 1091 dici
589 1065 684 1091 vere
703 1057 856 1105 posset.
906 1050 1006 1091 illud
1032 1050 1204 1091 alterum
1229 1065 1303 1105 pro
1329 1065 1394 1091 me
1419 1050 1664 1092 maioribus—

305 1127 385 1166 que
411 1112 513 1153 mcis
539 1113 785 1153 contendere
811 1112 962 1161 ausim,
991 1111 1192 1164 Quirites,
1220 1113 1317 1162 nisi,
1344 1128 1448 1166 quae
1474 1127 1547 1167 pro
1573 1113 1663 1153 uni-

306 1189 426 1215 versa
454 1188 497 1214 re
530 1173 696 1228 publica
726 1174 844 1222 fiant,
877 1188 925 1214 ea
950 1174 1060 1229 plebi
1085 1181 1295 1228 tamquam
1321 1175 1443 1215 aliam
1468 1175 1661 1216 incolenti

306 1235 451 1277 urbem
470 1235 643 1276 adversa
663 1235 754 1289 quis
775 1242 908 1290 putet,
935 1235 1036 1275 nihil
1062 1250 1136 1276 uos
1163 1251 1296 1289 neque
1320 1236 1502 1290 privatos
1528 1250 1661 1289 neque

306 1299 348 1338 in
372 1297 700 1353 magistratibus,
727 1298 838 1351 quod
862 1298 1168 1338 incommodum
1194 1298 1304 1352 plebi
1329 1305 1456 1347 esset,
1485 1298 1659 1339 scientes

306 1360 456 1401 fecisse
479 1374 556 1401 nee
581 1359 709 1399 ullum
734 1361 889 1400 factum
915 1359 1121 1400 dictumve
1147 1366 1332 1400 nostrum
1352 1367 1492 1400 contra
1511 1359 1662 1400 utilita—

307 1429 389 1463 tem
409 1430 600 1470 vcstram‚
628 1421 703 1462 etsi
724 1422 925 1475 quaedam
946 1428 1086 1462 contra
1105 1422 1357 1462 voluntatem
1376 1422 1539 1470 fuerint,
1566 1435 1661 1461 vere

306 1484 449 1525 referri
478 1498 615 1538 posse.
665 1498 717 1523 an
747 1483 843 1532 hoc,
877 1483 910 1524 si
938 1482 1137 1524 Claudiae
1168 1483 1346 1524 familiae
1376 1498 1459 1524 non
1485 1484 1562 1524 sim
1586 1497 1662 1523 nec

307 1561 357 1586 ex
387 1545 559 1601 patricio
592 1545 793 1599 sanguine
824 1551 957 1594 ortus,
996 1546 1069 1586 sed
1099 1560 1206 1585 unus
1239 1544 1447 1597 Quiritum
1478 1545 1660 1598 quilibet,

307 1607 379 1661 qui
409 1607 531 1647 modo
562 1621 628 1648 me
659 1606 821 1647 duobus
853 1607 1044 1662 ingenuis
1076 1613 1210 1647 ortum
1242 1613 1282 1647 et
1305 1607 1444 1647 vivere
1469 1607 1511 1647 iu
1535 1606 1663 1647 libera.

307 1669 471 1710 civitate
502 1668 649 1718 sciam,
686 1668 856 1709 reticere
886 1668 1063 1722 possim,
1095 1669 1148 1709 L.
1180 1668 1296 1708 illum
1324 1667 1514 1709 Sextium
1545 1674 1584 1709 ct
1611 1668 1661 1709 C.

307 1730 536 1780 Licinium,
567 1736 809 1785 perpetuos,
843 1730 878 1771 si
903 1730 980 1770 diis
1007 1730 1158 1784 placet,
1191 1729 1397 1779 tribunos,
1429 1737 1587 1770 tantum
1617 1729 1666 1769 li-

307 1792 464 1833 centiae
494 1807 643 1833 novem
674 1792 793 1833 annis
824 1792 974 1846 quibus
998 1799 1174 1846 regnant
1199 1792 1445 1846 sumpsisse,
1477 1798 1522 1831 ut
1546 1790 1664 1831 vobis

307 1861 458 1910 negent
488 1861 735 1909 potestatem
764 1854 936 1896 liberam
968 1854 1155 1909 suffragii
1185 1869 1267 1895 non
1290 1854 1333 1894 in
1359 1853 1552 1902 comitiis,
1583 1868 1666 1894 non

307 1918 349 1958 in
373 1917 534 1973 legibus
553 1917 744 1959 iubendis
766 1932 809 1958 se
828 1917 1102 1972 permissuros
1123 1917 1240 1958 esse?
1265 1917 1375 1958 “sub
1396 1915 1665 1957 condicione”

307 1981 440 2034 inquit
472 1985 580 2022 “nos
611 1981 802 2021 reficietis
833 1981 1039 2022 decimum
1072 1980 1295 2021 tribunos.''
1343 1980 1443 2033 quid
1467 1986 1530 2020 est
1554 1979 1666 2020 aliud

308 2043 462 2083 dicere:
501 2043 647 2097 “quod
675 2049 821 2097 petunt
851 2043 937 2092 alii,
975 2058 1050 2084 nos
1083 2043 1186 2084 adeo
1217 2042 1470 2091 fastidimus,
1503 2048 1548 2082 ut
1579 2041 1666 2082 sine

309 2105 496 2146 mercede
528 2120 680 2160 magna
711 2120 793 2146 non
825 2105 1130 2160 accipiamus?”
1168 2105 1241 2145 sed
1266 2119 1371 2158 quae
1397 2103 1562 2144 tandem
1587 2102 1667 2143 ista

309 2181 465 2208 merces
497 2174 578 2216 est,
617 2182 699 2221 qua
729 2182 804 2208 vos
837 2182 999 2222 semper
1029 2166 1215 2208 tribunos
1247 2165 1378 2221 plebis
1414 2164 1667 2206 habeamus?

311 2234 381 2270 “ut
400 2229 665 2285 rogationes''
690 2229 823 2283 inquit
843 2233 1046 2279 “nostras,
1069 2244 1141 2270 seu
1161 2229 1323 2283 placent
1343 2243 1416 2268 seu
1435 2227 1665 2282 displicent,

311 2306 383 2332 seu
407 2292 527 2333 utiles
555 2306 629 2333 seu
653 2292 818 2332 inutiles
845 2298 958 2341 sunt,
985 2306 1128 2332 omnes
1149 2290 1398 2332 coniunctim
1419 2287 1666 2343 accipiatis.'’

311 2353 482 2395 obsecro
501 2369 588 2403 vos,
616 2353 831 2407 Tarquinii
850 2353 1001 2394 tribuni
1021 2353 1166 2408 plebis,
1192 2359 1346 2407 putate,
1374 2366 1441 2392 me
1461 2366 1512 2392 ex
1532 2350 1667 2391 media

311 2416 498 2457 contione
528 2431 656 2456 unum
689 2416 821 2457 civem
853 2415 1105 2457 succlamare
1138 2415 1279 2456 “bona
1308 2414 1429 2455 venia
1459 2419 1596 2454 vestra
1619 2411 1667 2451 li-

311 2484 399 2518 ceat
425 2492 477 2518 ex
500 2477 566 2519 his
590 2478 875 2534 rogationibus
900 2478 1056 2533 legere,
1089 2492 1191 2530 quas
1219 2476 1403 2518 salubres
1428 2474 1547 2516 nobis
1573 2488 1667 2514 cen-

313 2555 450 2582 semus
471 2555 581 2591 esse‚
608 2541 821 2595 antiquare
841 2541 978 2582 alias?
1016 2540 1158 2581 “non'’
1182 2540 1316 2593 inquit
1335 2537 1517 2579 “licebit.
1555 2543 1598 2577 tu
1617 2536 1667 2576 de

312 2602 477 2643 faenore
497 2610 619 2656 atque
640 2603 763 2659 agris,
785 2603 895 2657 quod
916 2603 968 2644 ad
988 2618 1061 2644 vos
1082 2617 1225 2643 omnes
1244 2601 1431 2656 pertinet,
1451 2598 1606 2646 iubeas,
1628 2603 1666 2637 et

313 2661 389 2703 hoc
414 2665 588 2717 portenti
615 2680 696 2706 non
720 2665 790 2706 fiat
816 2666 857 2706 in
881 2664 983 2706 urbe
1003 2665 1209 2714 Romana,
1236 2664 1295 2704 uti
1314 2664 1366 2704 L.
1391 2660 1579 2704 Sextium
1605 2664 1666 2699 at-
