1780 3204
507 204 656 238 Lini-:R
683 204 735 248 x,
764 204 815 237 is.
830 204 881 237 19.
909 202 1106 247 [acme]
1409 195 1492 236 513

141 315 283 349 mutua
314 307 470 348 reddita
503 322 596 348 cum
627 307 791 348 obviam
821 322 1012 362 egressus
1045 313 1172 348 esset:
1206 307 1330 348 ‘satin
1355 307 1492 356 salve,’

142 371 273 425 inquit
299 371 370 411 ‘L.
390 369 612 411 Volumni?
641 377 685 410 ut
711 384 801 410 sese
826 369 868 410 in
896 368 1066 410 Samnio
1090 384 1155 410 res
1180 368 1357 410 habent?
1387 383 1492 422 quae

143 445 182 475 te
208 448 331 474 causa
356 438 400 472 ut
424 432 635 486 provincia.
659 438 729 472 tua
755 431 973 472 excederes
1005 431 1207 472 induxit?
1244 430 1491 472 Volumnius

140 496 183 536 in
216 493 386 536 Samnio
422 508 486 534 res
523 508 739 548 prosperas
777 507 869 534 esse
906 493 979 542 ait,
1016 492 1160 534 litteris
1193 493 1280 534 eius
1317 493 1491 533 accitum

142 557 324 606 venisse3
362 571 466 610 quae
498 556 533 597 si
562 555 691 596 falsae
722 555 875 596 fuerint
905 569 980 596 nec
1010 570 1111 596 usus
1138 555 1202 596 sui
1227 555 1278 596 sit
1302 555 1344 596 in
1367 555 1493 595 Etru-

141 621 256 668 riam,
283 618 488 673 extemplo
507 618 715 659 conversis
742 617 869 672 signis
889 617 1106 658 abiturum.
1146 621 1208 657 ‘tu
1227 632 1323 658 vero
1343 616 1492 666 abeas?

142 683 274 735 inquit
306 686 456 734 ‘neque
481 687 520 721 te
546 680 764 734 quisquam
794 687 992 720 moratur:
1031 679 1181 720 etenim
1205 679 1371 720 minime
1396 693 1493 719 con-

142 751 383 785 sentaneum
409 749 482 792 est,
509 757 603 783 cum
628 742 735 783 bello
761 748 830 783 tuo
855 741 1028 782 forsitan
1046 741 1116 782 vix
1142 741 1337 790 sufficias,
1363 741 1429 782 hic
1454 748 1492 781 te

142 806 196 847 ad
227 820 347 860 opem
371 805 584 846 ferendam
610 804 700 845 aliis
731 804 897 859 gloriari
920 804 1110 844 venisse!
1157 803 1262 844 bene
1289 803 1491 844 Hercules

144 874 330 916 verteret,
352 867 487 907 dicere
501 866 768 907 Volumnius:
794 866 916 907 malle
941 865 1092 906 frustra
1118 880 1284 920 operam
1308 866 1493 920 insump-

141 936 225 970 tam
255 944 379 983 quam
410 928 630 982 quicquam
661 928 873 977 incidisse,
906 921 979 968 eur
1003 943 1085 969 non
1110 928 1209 969 satis
1235 934 1343 969 esset
1366 928 1493 969 Etru-

139 991 223 1032 riae
249 1006 354 1031 unus
381 990 605 1032 consularis
632 990 847 1031 exercitus.

224 1052 420 1093 XVIIII.
462 1051 755 1107 Digredientes
780 1051 863 1092 iam
888 1051 1077 1093 eonsules
1102 1051 1228 1106 legati
1259 1051 1491 1104 tribunique

140 1130 191 1156 ex
205 1114 399 1169 Appiano
414 1115 594 1155 exercitu
607 1114 930 1155 circumsistunt:
955 1128 1050 1167 pars
1070 1114 1355 1167 imperatorem
1371 1128 1490 1153 suum

140 1191 272 1225 orare,
299 1190 350 1216 ne
376 1175 557 1229 collegae
582 1175 798 1223 auxilium,
825 1175 936 1228 quod
960 1175 1201 1215 acciendum
1224 1174 1331 1215 ultro
1356 1174 1490 1222 fuerit,

140 1253 215 1279 sua
241 1245 384 1292 sponte
410 1237 591 1277 oblatum
618 1244 894 1291 sperneretur3
920 1236 1057 1291 plures
1083 1236 1250 1277 abeunti
1268 1235 1491 1276 Volumnio

139 1299 356 1347 obsistere,
383 1298 597 1347 obtestari,
630 1313 681 1339 ne
705 1313 834 1352 pravo
860 1313 953 1338 cum
979 1298 1138 1353 collega
1162 1298 1381 1339 certamine
1406 1312 1491 1338 rem

136 1361 343 1416 publicam
367 1360 525 1414 prodat.
565 1360 599 1400 si
623 1375 705 1413 qua
729 1360 866 1401 clades
891 1360 1115 1409 incidisset,
1137 1360 1335 1401 desertori
1359 1360 1491 1415 magis

138 1437 261 1476 quam
287 1422 449 1463 deserto
473 1422 620 1463 noxiae
646 1422 746 1463 fore.
784 1437 832 1463 eo
856 1437 942 1463 rem
969 1422 1202 1471 adductam,
1228 1429 1274 1462 ut
1299 1422 1410 1463 omni
1433 1422 1492 1462 rei

137 1484 241 1525 bene
267 1490 337 1525 aut
363 1498 482 1524 secus
507 1490 648 1539 gestae
674 1484 716 1524 in
734 1483 902 1525 Etruria
927 1485 1053 1525 decus
1080 1484 1340 1537 dedecusque
1366 1484 1418 1524 ad
1436 1484 1490 1524 L.

136 1545 405 1587 Volumnium
436 1546 487 1586 sit
519 1546 765 1601 delegatum.
819 1546 1024 1586 neminem
1055 1546 1354 1599 quaesiturum,
1387 1560 1492 1598 quae

136 1607 262 1648 verba
280 1607 411 1662 Appi,
439 1607 512 1648 sed
536 1622 641 1660 quae
666 1607 829 1648 fortuna
856 1608 1057 1648 exereitus
1083 1607 1217 1648 fuerit.
1268 1607 1415 1647 dimitti
1440 1607 1491 1648 ab

136 1669 278 1724 Appio
303 1684 414 1718 eum,
448 1670 521 1710 scd
546 1685 570 1710 a
593 1684 636 1710 re
660 1669 825 1723 publica
851 1677 889 1709 et
915 1669 966 1710 ab
992 1669 1173 1711 exercitu
1202 1669 1365 1710 retineri
1374 1686 1385 1719 3
1422 1684 1493 1710 ex-

137 1732 337 1786 periretur
371 1731 492 1771 modo
523 1731 775 1772 voluntatem
807 1731 993 1772 militum.
1048 1731 1149 1772 haec
1179 1732 1384 1772 monendo
1421 1731 1493 1772 ob-

140 1792 409 1845 testandoque
439 1807 566 1846 prope
595 1793 827 1833 restitantes
859 1792 1048 1833 consules
1073 1793 1117 1833 in
1141 1793 1370 1833 contionem
1401 1808 1492 1847 per-

138 1861 360 1895 traxerunt.
404 1854 462 1895 ibi
481 1854 683 1895 orationes
703 1854 908 1909 longiores
927 1854 1090 1895 habitae
1110 1855 1151 1895 in
1171 1855 1343 1895 eandem
1364 1855 1492 1895 ferme

141 1916 402 1964 sententiam,
434 1916 477 1956 in
500 1930 623 1969 quam
648 1916 753 1957 inter
781 1931 936 1971 paucos
962 1923 1159 1957 certatum
1184 1916 1320 1957 verbis
1345 1916 1490 1957 fuerat.

141 1986 180 2018 et
205 1992 298 2018 eum
317 1977 578 2026 Volumnius,
607 1992 730 2018 causa
756 1978 951 2032 superior,
976 1993 1029 2018 ne
1053 1978 1299 2019 infacundus
1325 1979 1489 2032 quidem

141 2040 339 2080 adversus
366 2039 558 2080 eximiam
584 2039 858 2093 eloquentiam
883 2040 1065 2095 collegae
1090 2040 1204 2081 visus
1230 2047 1339 2081 esset
1369 2040 1492 2081 cavil-

140 2102 312 2156 lansque
325 2100 490 2156 Appius
518 2101 595 2143 sibi
620 2110 835 2156 acceptum
859 2102 1010 2143 referre
1029 2103 1181 2143 diceret
1201 2102 1361 2152 debere,
1382 2103 1493 2156 quod

140 2179 192 2204 ex
221 2171 334 2205 muto
366 2171 487 2217 atque
518 2164 672 2218 elingui
707 2164 932 2205 facundum
968 2164 1090 2206 etiam
1127 2164 1338 2205 consulem
1367 2164 1492 2205 habe-

139 2233 240 2275 rent,
266 2226 399 2280 priore
419 2226 634 2266 consulatu
657 2226 798 2280 primis
820 2227 959 2280 utique
983 2226 1195 2267 mensibus
1220 2226 1378 2267 hiscere
1397 2241 1491 2267 eum

139 2288 350 2340 nequisse,
387 2302 495 2328 nunc
531 2288 613 2328 iam
648 2288 858 2342 popularis
896 2288 1100 2329 orationes
1140 2302 1298 2329 serere:
1343 2291 1491 2341 ‘quam

139 2349 319 2390 mallem’
351 2349 482 2403 inquit
507 2349 754 2391 Volumnius
788 2355 850 2390 ‘tu
875 2365 898 2390 a
922 2365 988 2390 me
1014 2356 1177 2391 strenue
1207 2349 1343 2391 facere
1367 2364 1491 2403 quam

139 2425 216 2466 ego
242 2410 316 2452 abs
342 2417 380 2451 te
407 2411 506 2452 scite
530 2411 642 2464 loqui
667 2411 929 2452 didicissem?
975 2418 1184 2465 postremo
1210 2411 1492 2452 condicionem

139 2473 263 2522 ferre,
295 2488 400 2526 quae
431 2473 642 2514 decretura
680 2474 749 2522 sit,
787 2489 870 2514 non
901 2480 1036 2514 orator
1060 2497 1114 2501 —
1140 2488 1275 2527 neque
1306 2474 1414 2514 enim
1449 2474 1491 2514 id

138 2535 369 2575 desiderare
394 2549 481 2575 rem
504 2534 712 2589 publicam
726 2559 791 2583 —,
815 2535 888 2576 sed
911 2535 1132 2589 imperator
1150 2542 1240 2575 uter
1260 2536 1311 2576 sit
1336 2535 1489 2576 melior.

138 2595 347 2637 Etruriam
373 2603 414 2636 et
438 2594 654 2637 Samnium
684 2597 915 2650 provincias
947 2611 1056 2645 esse,
1089 2604 1221 2637 utram
1252 2597 1390 2637 mallet
1420 2597 1490 2637 eli-

138 2665 269 2713 geret:
309 2673 382 2700 suo
409 2659 588 2699 exercitu
620 2673 663 2700 se
688 2659 753 2700 vel
783 2659 824 2700 in
848 2659 1013 2700 Etruria
1040 2659 1104 2700 vel
1134 2659 1176 2700 in
1204 2658 1374 2701 Samnio
1403 2673 1489 2700 rem

208 2735 272 2762 Livi
294 2736 346 2762 rol.
363 2734 382 2761 1.
1219 2725 1263 2758 33

1521 444 1558 473 12

1521 630 1558 658 13

1520 815 1559 844 14

1517 1247 1535 1275 10

1518 1434 1536 1463 02

1521 1618 1536 1646 4

1517 1742 1536 1771 5

1517 1989 1535 2018 6

1519 2053 1534 2081 ῖ

1516 2610 1534 2640 9
