1835 3226
233 2330 270 2356 lo

297 235 349 275 66
670 241 817 274 ruffin
846 242 897 283 υ,
923 241 998 273 aa.
1027 240 1262 283 [a.u.e.=245]

296 346 508 385 amitteret.
547 357 644 397 ager
664 342 993 394 Tarqujniorum,
1021 342 1089 395 qui
1109 342 1214 382 inter
1233 341 1375 382 urbem
1396 357 1443 382 ae
1463 343 1644 384 Tiberim

296 406 383 453 fuit,
410 410 672 445 consecratus
697 402 823 444 Marti
848 402 1025 443 Martius
1051 403 1198 443 deinde
1224 417 1394 457 campus
1420 403 1509 444 suit.

378 465 500 506 Forte
525 464 582 505 ibi
608 472 694 504 tum
719 479 839 520 seges
865 464 983 505 farris
1010 464 1157 505 dieitur
1181 464 1310 506 fuisse
1330 472 1489 506 matura
1507 467 1644 506 messi.

294 541 416 580 quem
441 527 575 581 campi
600 526 778 566 fructum
803 527 899 579 quia
922 526 1160 581 religiosum
1187 533 1271 566 crat
1296 540 1549 575 consumere,
1577 527 1646 567 de-

296 595 447 629 sectam
474 602 568 628 cum
593 594 814 628 stramento
840 595 1023 642 segetem
1041 603 1191 642 magna
1210 588 1272 628 vis
1292 587 1504 628 hominum
1525 589 1645 629 simul

295 650 463 691 inmissa
494 649 684 691 corbibus
717 649 860 690 fudere
885 650 927 690 in
952 649 1135 690 Tiberim
1166 650 1277 689 tenui
1307 649 1501 690 fluentem
1527 665 1645 703 aqua,

295 720 338 752 ut
362 711 506 753 mediis
533 711 736 752 caloribus
763 711 876 751 solet.
914 711 969 751 ita
994 711 1036 751 in
1061 711 1176 751 vadis
1196 711 1434 752 haesitantis
1453 711 1647 752 frumenti

295 788 461 814 acervos
489 773 645 814 sedisse
660 772 792 814 inlitos
818 773 928 822 limo,
955 772 1130 813 insulam
1156 773 1250 813 inde
1268 773 1465 827 paulatim
1485 780 1523 813 et
1543 773 1646 821 aliis,

295 849 399 888 quae
424 835 503 882 fert
527 841 679 876 temere
704 835 873 884 flumen,
912 835 1057 875 eodem
1081 835 1253 875 invectis
1285 834 1449 875 factam.
1504 842 1648 889 postea

296 897 417 938 eredo
448 896 608 938 additas
640 896 768 937 moles
799 910 1006 949 manuque
1038 896 1241 944 adiutum,
1279 903 1324 936 ut
1349 902 1432 936 tam
1463 896 1647 937 eminens

294 973 388 1000 area
416 958 614 1012 firmaque
649 958 812 1012 templis
850 972 1012 1011 quoque
1049 972 1095 998 ae
1132 957 1356 1012 porticibus
1396 958 1646 998 sustinendis

296 1026 416 1061 esset.

378 1082 562 1136 Direptis
590 1082 706 1123 bonis
732 1096 877 1136 regum
901 1082 1083 1123 danmati
1107 1081 1334 1136 proditores
1356 1088 1648 1136 sumptumque

298 1143 562 1197 supplicium,
589 1144 848 1197 conspectius
874 1158 941 1191 eo,
967 1144 1077 1196 quod
1101 1159 1258 1198 poenae
1285 1144 1506 1198 capiendae
1530 1143 1649 1184 mini-

297 1206 466 1246 sterium
503 1206 608 1259 patri
638 1206 688 1246 de
725 1205 863 1246 libe1is
895 1206 1132 1246 consulatus
1157 1206 1336 1260 inposuit
1367 1212 1423 1255 et,
1461 1206 1531 1258 qui
1557 1220 1648 1259 spe-

297 1274 426 1307 ctator
462 1275 545 1307 erat
590 1267 864 1315 amovendus,
914 1281 1008 1307 eum
1044 1267 1181 1321 ipsum
1217 1267 1382 1307 fortuna
1417 1274 1646 1307 exactorem

297 1328 485 1383 supplicii
510 1328 633 1368 dedit.
691 1328 855 1369 stabant
879 1328 1047 1383 deligati
1073 1329 1125 1369 ad
1147 1329 1289 1383 palum
1314 1328 1557 1369 nobilissimi
1587 1328 1647 1368 iu-

296 1404 440 1439 venes3
477 1390 549 1430 scd
575 1405 598 1430 a
623 1390 786 1439 ceteris,
825 1390 935 1430 velut
960 1390 1011 1431 ab
1036 1390 1187 1444 ignotis
1214 1389 1433 1443 capitibus,
1467 1390 1646 1431 consulis

295 1451 411 1493 liberi
443 1451 624 1492 omnium
654 1451 695 1491 in
728 1466 770 1492 se
802 1458 1032 1492 averterant,
1061 1451 1200 1492 oculos
1232 1450 1532 1504 miserebatque
1566 1467 1645 1491 non

296 1527 452 1568 poenae
477 1514 609 1568 magis
634 1513 820 1554 homines
846 1528 969 1566 quam
996 1514 1178 1562 sceleris,
1210 1528 1292 1566 quo
1316 1527 1490 1567 poenam
1516 1514 1647 1554 meriti

297 1582 451 1616 essent:
489 1575 579 1615 illos
606 1589 653 1616 eo
678 1576 937 1629 potissimum
969 1590 1074 1616 anno
1105 1576 1277 1629 patriam
1307 1574 1539 1624 liberatam,
1577 1591 1648 1630 pa-

296 1644 399 1677 trem
422 1635 699 1685 liberatorem,
738 1637 996 1677 consulatum
1021 1644 1154 1677 ortum
1181 1651 1232 1677 cx
1257 1637 1378 1676 domo
1403 1636 1540 1685 Iunia,
1577 1652 1649 1691 pa-

296 1705 397 1747 tres,
422 1697 604 1752 plebem,
631 1698 830 1751 quidquid
854 1698 1025 1739 deorum
1048 1698 1343 1750 hominumque
1367 1696 1648 1739 Romanorum

296 1765 423 1807 esset,
460 1759 673 1799 induxisse
702 1759 744 1799 in
780 1760 980 1809 animum,
1020 1766 1064 1800 ut
1097 1759 1273 1814 superbo
1305 1759 1512 1811 quondam
1546 1760 1647 1814 regi,

296 1828 382 1861 tum
412 1820 563 1861 infesto
594 1820 704 1861 exuli
756 1822 986 1875 proderent.
1037 1821 1227 1862 eonsules
1252 1822 1295 1861 in
1320 1819 1460 1861 sedem
1485 1835 1649 1874 proces-

297 1897 384 1923 sere
416 1897 550 1930 suam,
589 1882 786 1935 missique
822 1882 984 1923 lictores
1021 1883 1075 1923 ad
1111 1883 1357 1923 sumendum
1389 1883 1648 1937 supplicium.

295 1944 470 1985 nudatos
495 1944 622 1998 virgis
649 1944 824 1984 caedunt
849 1944 1062 1997 securique
1087 1944 1256 1994 feriunt,
1283 1960 1376 1987 cum
1401 1947 1505 1986 inter
1530 1959 1649 1985 omne

295 2018 456 2060 tempus
483 2012 598 2059 pater
623 2005 843 2058 vultusque
869 2013 909 2046 et
934 2020 979 2047 os
1006 2007 1093 2047 eius
1120 2008 1354 2061 spectaculo
1386 2014 1513 2056 esset,
1551 2007 1650 2047 emi-

295 2075 415 2108 nente
440 2067 577 2108 animo
602 2067 734 2122 patrio
760 2068 865 2108 inter
888 2067 1077 2122 publicae
1101 2083 1259 2122 poenae
1285 2070 1568 2111 ministerium.

381 2128 620 2171 Secundum
643 2144 820 2184 poenam
843 2131 1090 2179 nocentium,
1119 2138 1161 2171 ut
1185 2131 1227 2171 in
1251 2138 1467 2185 utramque
1493 2129 1649 2185 partem

295 2191 481 2232 arcendis
507 2191 730 2233 sceleribus
756 2191 991 2245 exemplum
1015 2192 1151 2233 nobile
1176 2199 1304 2242 esset,
1335 2192 1563 2247 praemium
1588 2192 1648 2233 in-

294 2254 375 2295 dici
402 2253 578 2308 pecunia
607 2268 659 2295 ex
689 2254 844 2294 aerario
875 2253 1043 2295 libertas
1075 2261 1115 2294 et
1147 2255 1291 2296 civitas
1322 2255 1428 2295 data.
1476 2255 1543 2295 ille
1568 2255 1650 2309 pri—

296 2330 408 2355 mum
432 2315 580 2356 dicitur
603 2315 784 2356 vindicta
807 2315 1015 2356 liberatus.
1065 2316 1232 2368 quidam
1258 2316 1460 2357 vindictae
1485 2330 1649 2369 quoque

294 2391 444 2418 nomen
468 2384 642 2418 tractum
667 2376 718 2418 ab
743 2377 812 2418 illo
835 2384 992 2431 putant,
1020 2377 1210 2419 Vindicio
1235 2378 1314 2432 ipsi
1339 2392 1489 2419 nomen
1506 2378 1646 2418 fuisse.

295 2445 388 2492 post
411 2438 525 2479 illum
551 2438 832 2488 observatum,
869 2446 912 2478 ut
938 2439 1008 2492 qui
1033 2439 1089 2480 ita
1112 2439 1271 2481 liberati
1297 2448 1452 2486 essent,
1485 2440 1524 2480 in
1551 2439 1649 2480 civi-

296 2507 421 2540 tatem
446 2500 604 2554 accepti
628 2500 874 2540 viderentur.

379 2561 454 2602 V1.
503 2561 584 2603 His
611 2561 716 2602 sieut
740 2568 830 2602 acta
854 2569 969 2602 erant
1000 2563 1214 2611 nuntiatis,
1252 2563 1444 2604 incensus
1472 2561 1647 2614 Tarqui-

298 2622 388 2662 nius
424 2637 505 2663 nou
543 2623 681 2664 dolore
718 2623 852 2664 solum
882 2630 1018 2664 tantae
1049 2625 1101 2664 ad
1134 2625 1301 2665 inritum
1332 2623 1514 2665 cadentis
1546 2623 1645 2676 spei,

300 2683 370 2722 sed
408 2684 528 2724 etiam
565 2685 658 2726 odio
695 2685 853 2739 iraque,
890 2694 1108 2739 postquam
1139 2687 1233 2727 (1010
1264 2687 1371 2726 riam
1408 2684 1646 2737 obsaeptam
