1780 3204
538 181 690 215 LIBER
715 180 769 225 X,
794 180 849 216 34.
864 180 917 213 35.
945 182 992 224 [a.
1008 178 1141 223 C.294]
1435 170 1516 211 531

164 284 308 326 urbem
338 284 516 333 induxit,
554 290 710 325 ceteros
740 283 901 325 interim
934 289 1068 324 castra
1103 282 1355 323 communire
1385 282 1518 323 iussit.

164 347 340 402 ingressi
365 347 512 387 milites
536 346 724 387 refractis
750 345 908 387 foribus
932 359 1088 400 paucos
1113 359 1262 399 graves
1288 350 1420 385 aetate
1446 351 1517 385 aut

163 408 364 449 invalidos
391 408 601 449 inveniunt
625 407 864 461 relictaque,
902 422 1007 461 quae
1033 406 1211 461 migratu
1247 406 1431 447 difficilia
1455 421 1519 447 es-

165 478 272 520 sent3
299 485 347 511 ea
366 470 524 524 direpta
543 476 582 510 et
602 469 812 524 cognitum
832 483 883 510 ex
897 468 1070 523 captivis
1092 474 1165 518 est,
1194 468 1402 509 communi
1422 483 1519 509 con-

165 532 254 573 silio
279 531 433 585 aliquot
457 531 565 572 circa
589 531 713 572 urbes
739 531 948 572 conscisse
973 530 1136 585 fugam,
1176 545 1273 571 suos
1305 530 1437 585 prima
1460 530 1521 570 vi-

163 593 261 648 gilia
274 593 499 648 profectos3
526 593 704 642 credere,
727 593 954 634 eandemin
968 592 1058 633 aliis
1072 591 1243 633 urbibus
1260 592 1521 632 solitudinem

163 656 413 696 inventuros.
462 655 580 695 dictis
607 655 862 709 captivorum
886 654 989 696 fides
1016 654 1167 704 extitit,
1200 654 1372 695 desertis
1405 654 1521 708 oppi-

165 718 226 758 dis
253 717 396 758 consul
421 717 585 771 potitur.

250 779 449 820 XXXV.
498 778 633 819 Alteri
658 779 815 820 consuli
834 778 894 819 M.
916 778 1047 819 Atilio
1073 793 1332 832 nequaquam
1358 785 1440 819 tam
1460 777 1521 819 fa-

165 841 240 882 cile
259 840 413 882 bellum
432 841 520 881 fuit.
559 855 652 882 eum
673 841 725 882 ad
742 841 966 881 Luceriam
986 841 1151 881 duceret
1171 841 1367 896 legiones,
1395 855 1519 894 quam

164 904 393 958 oppugnari
423 903 473 944 ab
503 902 759 944 Samnitibus
793 904 995 953 audierat,
1034 903 1086 944 ad
1116 903 1240 943 finem
1264 903 1518 944 Lucerinum

164 965 200 1005 ei
225 965 354 1006 hostis
381 965 526 1006 obvius
552 965 641 1005 fuit.
690 965 747 1006 ibi
771 965 831 1006 ira
856 966 963 1005 vires
990 965 1192 1018 aequavit.
1230 964 1429 1018 proelium
1448 979 1519 1004 va-

162 1026 267 1066 rium
299 1034 337 1067 et
369 1042 519 1081 anceps
556 1026 652 1076 fuit,
691 1027 846 1068 tristius
879 1034 1016 1067 tamen
1047 1032 1196 1066 eventu
1225 1026 1442 1073 Romanis,
1482 1032 1521 1066 et

163 1088 260 1140 quia
282 1088 432 1130 insueti
461 1096 575 1129 erant
600 1089 709 1129 vinci
740 1095 780 1129 et
805 1089 901 1141 quia
926 1088 1203 1142 digredientes
1236 1087 1369 1141 magis
1396 1101 1520 1139 quam

162 1149 204 1189 in
228 1149 319 1203 ipso
345 1149 565 1191 certamine
599 1156 832 1198 senscrunt,
872 1155 1071 1202 quantum
1102 1148 1145 1188 in
1177 1163 1251 1188 sua
1280 1154 1395 1201 parte
1426 1147 1519 1201 plus

163 1211 376 1252 vulnerum
401 1225 449 1251 ac
475 1211 612 1251 caedis
638 1211 798 1252 fuisset.
848 1211 987 1263 itaque
1012 1210 1046 1250 is
1074 1216 1202 1250 terror
1226 1210 1267 1249 in
1292 1209 1436 1250 castris
1457 1224 1521 1249 or-
1549 1223 1564 1234 ἢ

162 1281 240 1323 tus,
267 1273 338 1326 qui
357 1273 390 1312 si
410 1279 641 1326 pugnantes
663 1272 853 1326 cepisset,
880 1271 1054 1325 insignis
1072 1277 1241 1325 accepta
1260 1270 1387 1311 cladis
1401 1270 1519 1311 foret.

160 1342 247 1375 tum
265 1348 427 1387 quoque
449 1333 621 1374 sollicita
640 1348 723 1373 nox
743 1333 820 1373 fuit
840 1334 921 1373 iam
940 1333 1180 1373 invasurum
1201 1339 1335 1373 castra
1357 1331 1520 1374 Sanmi-

159 1403 242 1437 tem
268 1395 528 1437 credentibus
553 1402 623 1437 aut
646 1396 779 1450 prima
807 1395 898 1436 luce
924 1410 1017 1436 cum
1048 1395 1272 1436 victoribus
1304 1410 1521 1436 conseren-

160 1459 234 1499 das
259 1473 419 1499 manus.
456 1457 592 1498 minus
619 1458 759 1507 cladis,
787 1464 967 1498 ceterum
992 1472 1075 1498 non
1099 1457 1192 1511 plus
1219 1457 1448 1497 animorum
1468 1457 1519 1497 ad

159 1521 298 1562 hostes
325 1527 422 1561 erat.
465 1520 537 1562 ubi
561 1521 740 1575 primum
764 1521 923 1570 inluxit,
951 1520 1062 1562 abire
1089 1521 1176 1560 sine
1203 1520 1424 1561 certamine
1450 1535 1520 1560 cu-

159 1583 293 1637 piunt:
321 1583 394 1623 sed
420 1582 486 1623 via
510 1597 591 1623 una
617 1590 656 1623 et
681 1598 729 1623 ca
754 1583 846 1636 ipsa
870 1590 1032 1636 praeter
1055 1582 1195 1622 hostes
1222 1589 1326 1631 erat,
1354 1596 1435 1635 qua
1458 1582 1520 1622 in-

160 1644 293 1699 gressi
317 1643 542 1698 praebuere
575 1645 754 1699 speciem
786 1652 898 1686 recta-
929 1645 1184 1686 tendentium
1211 1644 1263 1685 ad
1289 1651 1422 1685 castra
1446 1659 1518 1699 op-

160 1705 395 1760 pugnanda.
446 1706 591 1747 consul
621 1722 736 1747 arma
767 1721 912 1761 capere
938 1707 1086 1747 milites
1118 1706 1231 1747 iubet
1262 1712 1302 1747 et
1332 1707 1449 1760 sequi
1474 1721 1518 1747 se

161 1775 276 1808 extra
299 1767 469 1815 vallum3
498 1767 666 1823 legatis,
693 1767 885 1818 tribunis,
911 1768 1133 1823 praefectis
1161 1768 1365 1809 sociorum
1388 1768 1520 1823 impe-

159 1836 221 1870 rat
246 1829 356 1882 quod
381 1829 490 1883 apud
515 1844 719 1883 quemque
744 1830 854 1871 facto
880 1845 983 1885 opus
1010 1837 1084 1872 est.
1123 1845 1265 1872 omnes
1286 1830 1515 1880 adfirmant,

162 1906 205 1933 se
231 1891 396 1945 quidem
423 1892 557 1932 omnia
577 1892 771 1942 facttuos,
799 1893 871 1934 sed
890 1893 1065 1933 militum
1084 1893 1216 1934 iacere
1237 1893 1409 1942 animos,
1436 1899 1521 1934 tota

160 1960 279 1994 nocte
303 1953 409 1994 inter
433 1953 601 1994 vulnera
626 1961 666 1995 et
689 1954 866 2009 gemitus
892 1955 1153 1995 morientium
1174 1954 1387 2010 vigilatum
1407 1969 1498 1995 esse
1507 1971 1517 2004 3

162 2016 196 2056 si
209 2022 302 2056 ante
315 2015 450 2056 lucem
464 2016 516 2056 ad
530 2022 664 2057 castra
683 2023 850 2057 ventum
871 2016 988 2066 foret,
1017 2023 1173 2058 tantum
1192 2017 1355 2071 pavoris
1376 2016 1517 2066 fuisse,

161 2084 205 2117 ut
234 2077 413 2118 relicturi
444 2078 561 2133 signa
591 2078 759 2128 fuerint,
797 2093 906 2120 nunc
935 2079 1091 2133 pudore
1123 2094 1146 2120 a
1177 2079 1277 2134 fuga
1308 2079 1517 2127 contineri,

161 2139 314 2192 alioqui
339 2154 412 2194 pro
438 2140 556 2180 victis
583 2155 687 2181 esse.
737 2155 842 2194 quae
867 2140 939 2182 ubi
964 2141 1108 2182 consul
1139 2141 1316 2195 accepit,
1357 2140 1518 2182 sibimet

161 2201 239 2255 ipsi
278 2202 591 2244 circumeundos
628 2203 993 2257 adloquendosque
1029 2204 1178 2245 milites
1216 2210 1347 2253 ratus,
1386 2210 1432 2244 ut
1467 2203 1519 2244 ad

162 2278 348 2317 quosque
373 2270 540 2305 venerat
565 2272 803 2306 cunctantes
829 2281 942 2306 arma
961 2280 1118 2320 capere,
1144 2265 1394 2320 increpabat,
1421 2265 1518 2319 quid

163 2333 369 2366 cessarent
393 2327 857 2382 tergiversarenturque3
882 2328 1045 2369 hostem
1069 2328 1111 2368 in
1131 2335 1264 2369 castra
1287 2335 1517 2377 venturum,

161 2387 240 2428 nisi
264 2387 323 2428 illi
347 2395 461 2429 extra
485 2395 620 2430 castra
644 2390 842 2440 exissent,
876 2398 915 2431 et
939 2405 1013 2445 pro
1038 2391 1221 2431 tentoriis
1249 2391 1334 2431 suis
1359 2406 1518 2445 pugna-

162 2456 293 2499 turos,
332 2450 366 2490 si
396 2465 469 2504 pro
500 2451 608 2492 vallo
639 2452 804 2493 nollent.
854 2453 1020 2494 armatis
1052 2467 1099 2493 ac
1125 2453 1413 2494 dimicantibus
1445 2453 1520 2493 du-

162 2511 271 2552 biam
297 2512 508 2553 victoriam
534 2528 644 2563 esse3
671 2514 741 2567 qui
765 2514 900 2555 nudus
927 2521 1047 2568 atque
1067 2515 1232 2555 inermis
1252 2515 1414 2556 hostem
1432 2530 1519 2555 ma-

162 2580 268 2623 neat,
295 2575 332 2616 ei
357 2582 426 2616 aut
451 2583 623 2616 mortem
649 2583 718 2617 aut
744 2578 983 2618 servitutem
1007 2577 1255 2632 patiendam.
1310 2577 1412 2618 hacc
1436 2577 1518 2617 iur-

163 2637 275 2691 ganti
316 2638 623 2692 increpantique
664 2639 984 2694 respondebant,
1034 2639 1243 2680 confectos
1287 2654 1331 2681 se
1377 2654 1517 2694 pugna

1224 2704 1291 2738 34*

1545 357 1584 386 12

1547 480 1586 510 13

1549 668 1585 696 14

1549 792 1561 820 1

1544 978 1562 995 ⁴)

1548 1238 1565 1251 d

1546 1471 1563 1497 >l

1544 1721 1562 1749 ε’)

1546 1844 1563 1872 G

1546 2031 1561 2059 *l

1547 2528 1585 2557 10

1546 2591 1579 2619 11
