1780 3204
457 222 610 257 muniz
636 222 724 266 vn,
753 221 803 255 15.
832 219 1026 264 [mosas]
1339 208 1421 251 365

154 329 256 370 XV.
316 327 467 368 Acrius
504 326 690 366 invasere
728 323 838 366 Galli
874 324 1063 364 dextrum
1100 337 1242 372 cornu,
1286 336 1419 376 neque
1450 337 1462 365 1

72 390 262 432 sustineri
286 389 533 444 potuissent,
559 388 601 428 ni
626 387 730 429 forte
756 402 803 427 co
828 386 918 427 loeo
938 386 1109 426 dictator
1129 385 1293 435 fuisset,
1322 383 1420 426 Sex.

72 453 255 492 Tullium
280 451 442 492 nomine
467 450 681 504 increpans
706 449 991 504 rogitansque:
1019 447 1144 488 sicine
1164 453 1420 502 pugnaturos

72 514 220 554 milites
247 512 558 568 spopondisset?
594 511 664 552 ubi
695 511 753 551 illi
779 510 977 551 clamores
1005 509 1085 550 sint
1110 525 1223 550 arma
1247 523 1423 563 poscen-
1447 523 1466 552 2

74 576 193 624 tium,
231 575 301 615 ubi
332 575 484 623 minae,
521 573 681 614 iniussu
710 572 966 627 imperatoris
997 571 1196 626 proelium
1227 571 1424 612 inituros?

73 652 123 677 cn
154 638 289 691 ipsum
319 637 605 691 imperatorem
638 635 747 676 clara
777 649 877 676 voce
911 649 1057 675 vocare
1083 634 1135 675 ad
1158 634 1359 689 proelium
1385 639 1424 674 et

71 699 128 739 ire
154 705 355 739 armatum
381 705 473 738 ante
499 698 630 752 prima
655 696 791 752 signal
829 696 968 750 ecquis
1000 704 1238 750 sequeretur
1268 710 1421 744 eorum,

72 762 141 813 qui
173 761 295 801 modo
326 760 487 801 ducturi
517 759 685 809 fuerint,
723 759 764 799 in
796 759 939 800 castris
964 758 1141 808 feroces,
1173 758 1214 798 in
1240 759 1326 799 acie
1351 772 1424 812 pa-

73 823 179 863 vidi?
214 848 269 852 »-
303 838 401 863 vera
435 822 674 863 audiebant:
722 822 861 874 itaque
897 828 1031 862 tantos
1067 821 1201 876 pudor
1237 821 1423 862 stimulos
1450 827 1468 856 3

71 885 271 934 admovit,
308 892 353 925 ut
383 892 546 925 ruerent
575 884 617 924 in
646 883 826 924 hostium
858 883 938 924 tela
967 883 1152 924 alienatis
1179 899 1202 924 a
1227 882 1424 923 memoria

71 946 241 1001 periculi
265 947 424 987 animis.
473 946 539 987 hie
563 946 697 1000 primo
722 946 899 1000 impetus
924 960 1052 1000 prope
1077 960 1219 986 vecors
1246 945 1426 986 turbavit

72 1008 231 1058 hostes,
259 1023 383 1062 eques
410 1008 556 1049 deinde
582 1008 757 1049 emissus
783 1007 968 1048 turbatos
994 1007 1151 1048 avertit.
1188 1007 1277 1062 ipse
1298 1007 1426 1047 dicta-
1449 1020 1469 1048 4

73 1079 147 1120 tor,
178 1077 397 1125 postquam
420 1069 628 1111 labantem
660 1085 741 1110 una
770 1076 885 1123 parte
917 1069 1016 1109 vidit
1047 1069 1195 1118 aciem,
1234 1069 1354 1124 signa
1383 1069 1425 1108 in

71 1133 234 1174 laevum
271 1147 396 1174 cornu
433 1132 606 1181 confert,
651 1146 732 1185 quo
769 1130 931 1171 turbam
966 1131 1148 1171 hostium
1184 1130 1425 1185 congregari

71 1194 282 1244 cernebat,
321 1202 359 1235 et
389 1195 439 1234 iis
470 1194 541 1247 qui
571 1194 612 1234 in
642 1199 779 1234 monte
810 1198 925 1233 erant
950 1192 1116 1247 signum
1141 1192 1252 1245 quod
1277 1206 1427 1233 conve-

70 1263 185 1297 nerat
215 1257 338 1297 dedit.
386 1256 457 1297 ubi
487 1256 582 1296 inde
607 1269 770 1309 quoque
795 1268 928 1295 novus
954 1254 1108 1295 clamor
1133 1261 1246 1295 ortus
1272 1261 1312 1295 et
1336 1260 1424 1294 ten·
1449 1269 1467 1297 5

70 1319 166 1360 dere
203 1319 369 1372 obliquo
404 1324 542 1359 monte
579 1319 631 1359 ad
667 1324 801 1358 castra
833 1315 1046 1359 Gallorum
1079 1317 1157 1360 visi
1188 1324 1300 1367 sunt,
1339 1324 1426 1358 tum

71 1388 181 1422 metu
189 1413 199 1431 ,
226 1396 276 1422 ne
297 1381 621 1430 excluderentur,
649 1380 802 1421 omissa
820 1394 961 1435 pugna
980 1386 1042 1421 est
1062 1394 1266 1433 cursuque
1292 1379 1425 1420 effuso

71 1444 123 1485 ad
148 1451 281 1485 castra
305 1443 553 1485 ferebantur.
604 1442 674 1484 ubi
699 1458 793 1483 cum
813 1442 1058 1483 occurrisset
1078 1443 1135 1483 eis
1154 1442 1216 1483 M.
1232 1441 1423 1483 Valerius
1451 1456 1468 1485 6

72 1506 267 1561 magister
286 1506 486 1560 equitum,
513 1506 583 1559 qui
602 1505 819 1560 profligato
839 1505 983 1546 dextro
1009 1519 1135 1546 cornu
1160 1503 1425 1558 obequitabat

72 1568 250 1608 hostium
274 1567 556 1617 munimentis,
583 1568 635 1608 ad
660 1573 820 1608 montes
847 1566 1056 1620 silvasque
1083 1572 1247 1607 vertunt
1266 1567 1424 1621 fugam,

72 1629 315 1684 plurimique
340 1629 397 1670 ibi
422 1645 446 1670 a
471 1629 607 1670 fallaci
632 1629 815 1682 equitum
842 1629 978 1683 specie
998 1627 1334 1683 agasonibusque
1354 1642 1425 1668 ex·
1452 1642 1467 1670 7

72 1692 178 1746 cepti
215 1699 321 1732 sunt.
371 1698 411 1732 et
441 1706 601 1740 eorum,
639 1705 743 1744 quos
780 1706 909 1745 pavor
943 1690 1172 1744 perculerat
1207 1690 1249 1730 in
1286 1689 1424 1739 silvas,

72 1759 188 1794 atrox
219 1753 365 1793 caedes
397 1759 490 1807 post
522 1753 709 1793 sedatum
734 1752 936 1806 proelium
960 1752 1050 1792 fuit.
1100 1766 1176 1792 nee
1201 1751 1305 1792 alius
1331 1758 1425 1806 post
1450 1764 1469 1794 S

72 1814 133 1855 M.
164 1814 336 1854 Furium
366 1829 490 1867 quam
522 1813 570 1855 C.
600 1813 809 1868 Sulpicius
846 1814 1056 1854 iustiorem
1093 1814 1144 1854 de
1177 1811 1309 1854 Gallis
1341 1814 1425 1868 egit

76 1875 339 1929 triumphum.
388 1876 476 1916 auri
500 1890 663 1929 quoque
683 1890 734 1916 ex
749 1874 920 1917 Gallicis
941 1876 1081 1929 spoliis
1103 1876 1201 1916 satis
1227 1891 1425 1931 magnum

74 1938 234 1992 pondus
262 1952 361 1978 saxo
387 1938 586 1990 quadrato
612 1944 799 1992 saeptum
824 1937 866 1977 in
893 1936 1097 1991 Capitolio
1124 1938 1311 1978 sacrant

161 1999 322 2040 Eodem
355 2014 461 2040 anno
492 2006 532 2040 et
563 2015 586 2040 a
616 1999 852 2040 consulibus
884 1999 997 2040 vario
1029 2005 1178 2040 eventu
1214 1999 1423 2041 bellatum.
1452 2013 1469 2042 9

74 2077 169 2102 nam
189 2061 362 2102 Hernici
386 2077 410 2101 a
430 2060 478 2102 C.
499 2061 663 2102 Plautio
689 2061 839 2102 devicti
865 2061 1105 2114 subactique
1132 2068 1243 2111 sunt,
1268 2061 1424 2103 Fabius

75 2123 234 2178 collega
259 2123 345 2163 eius
371 2123 533 2164 incaute
554 2130 675 2176 atque
694 2123 923 2164 inconsulte
943 2124 1140 2164 adversus
1156 2123 1427 2177 Tarquinien-
1448 2143 1453 2146 ·

75 2200 141 2226 ses
160 2185 371 2240 pugnavit.
409 2200 484 2226 nee
503 2186 545 2226 in
563 2186 650 2226 acie
670 2192 827 2226 tantum
846 2185 903 2226 ibi
922 2186 1048 2227 eladis
1068 2192 1282 2240 acceptum
1302 2201 1425 2239 quam
1454 2199 1493 2229 10

75 2247 186 2299 quod
205 2253 407 2287 trecentos
430 2254 586 2301 septem
605 2247 753 2288 milites
766 2247 977 2288 Romanos
998 2254 1139 2302 captos
1155 2247 1426 2301 Tarquinien-

76 2323 141 2349 ses
161 2308 433 2357 immolarunt,
453 2324 534 2362 qua
553 2309 746 2350 foeditate
767 2310 955 2364 supplicii
973 2310 1181 2363 aliquanto
1200 2310 1426 2365 ignominia

75 2370 213 2424 populi
232 2370 408 2410 Romani
427 2370 657 2425 insignitior
675 2370 765 2411 fuit.
809 2371 982 2413 accessit
1007 2373 1059 2412 ad
1084 2386 1174 2412 eam
1200 2371 1357 2412 cladem
1384 2379 1422 2412 et
1451 2387 1486 2414 11

75 2431 251 2472 vastatio
269 2431 447 2472 Romani
467 2432 571 2487 agri,
598 2447 721 2486 quam
739 2432 1020 2483 Privernates,
1046 2432 1245 2474 Veliterni
1264 2433 1423 2483 deinde,

75 2494 304 2534 incursione
328 2494 537 2548 repentina
563 2495 758 2536 fecerunt.

158 2557 320 2598 Eodem
345 2572 451 2598 anno
477 2559 581 2599 duae
607 2558 755 2608 tribus,
782 2558 1003 2613 Pomptina
1028 2567 1067 2600 et
1084 2558 1281 2609 Publilia,
1308 2560 1423 2600 addi-
1451 2573 1489 2602 12

76 2625 157 2667 tae,
195 2619 279 2659 ludi
312 2619 454 2669 votivi,
487 2634 590 2673 quos
615 2619 676 2660 M.
702 2620 852 2660 Furius
885 2621 1058 2662 dictator
1088 2628 1273 2671 voverat,
1310 2622 1421 2663 faeti.

74 2687 113 2720 et
149 2680 198 2721 de
236 2680 392 2722 ambitu
428 2681 479 2722 ab
518 2680 566 2723 C.
599 2681 782 2723 Poetelio
819 2681 980 2724 tribuno
1017 2683 1149 2738 plebis
1186 2683 1420 2725 auctoribus
