1780 3204
569 229 603 253 T.
629 226 720 253 LIVII
744 227 924 253 PATAVINI
948 226 1146 254 PROLL‘SIO.
1423 224 1575 254 XVIIII

133 305 266 336 etcum
279 301 445 345 periculo
461 300 560 335 dicta
572 300 738 335 insolens
753 299 841 345 quid
867 299 1016 334 dicendi
1046 310 1200 344 genere,
1237 299 1312 333 stili
1348 300 1577 344 proprietate

132 350 171 381 et
194 346 432 390 peregrinum
458 350 603 380 sonent.
639 356 735 391 quae
756 347 786 378 si
804 345 842 378 in
865 345 962 379 inter
987 356 1026 379 se
1051 346 1163 389 longe
1189 344 1400 389 disparibus
1425 356 1493 389 per
1516 356 1577 380 va-

131 402 245 425 unum
259 395 453 425 contracta
466 390 730 434 spectabimus,
750 390 842 424 mira
866 390 941 424 rias
965 394 1090 434 partes
1115 390 1176 424 vel
1201 401 1314 434 saepe
1338 401 1406 434 per
1430 390 1577 424 brevius

133 435 320 470 videbitur
363 435 554 480 scriptoris
596 435 840 480 negligentia,
867 435 1020 480 aliquod
1034 435 1193 479 spatium
1213 435 1336 480 operis
1349 434 1479 469 Livius
1497 439 1576 469 ute-

133 481 197 526 qui
216 481 320 525 loqui
341 492 422 515 cum
441 481 556 524 vulgo
581 481 760 522 noluerit,
786 480 843 513 sin
867 484 979 523 retur,
998 480 1116 524 ipsius
1135 480 1244 514 huius
1265 479 1577 514 dissimilitudinis

133 536 200 559 suo
217 537 387 570 quaeque
403 526 487 559 loco
508 530 545 559 et
560 537 690 569 sparsa
709 536 775 570 per
787 530 841 559 to-

132 574 209 604 tum
229 570 404 605 historiae
425 581 558 614 corpus
579 570 841 614 spectabimus,

132 621 170 649 et
182 616 239 648 his
254 614 424 649 effectum
438 615 701 659 intelligemus,
711 619 753 648 ut
767 615 841 648 cui-

132 671 204 705 que
229 660 282 694 rei
307 671 412 694 suum
437 660 485 693 sit
504 659 692 694 scribendi
711 670 841 704 genus,

132 710 174 738 ut
188 705 381 738 summissa
393 705 431 738 in
445 704 660 748 levioribus,
676 708 712 738 et
724 715 841 748 prope

133 749 373 794 quotidianae
388 749 528 792 similis,
543 749 652 783 altior
667 752 843 792 exsurgat

133 794 250 828 oratio
265 799 303 828 et
315 793 502 827 incitatior
515 793 673 837 feratur,
699 793 765 827 ubi
782 804 842 827 res

131 839 254 872 verbis
269 838 535 883 exaequandae
551 842 646 879 sunt,
669 838 758 871 mire
772 848 841 871 nos

131 882 286 917 affectos
319 883 538 923 sentiemus,
577 881 739 926 denique
770 882 841 915 hoc

131 926 287 961 artificio
315 927 461 971 optimis
488 926 710 959 simillimum
742 937 841 960 asse-

132 976 256 1006 cutum
280 983 362 1007 esse
393 971 596 1006 fatebimur
620 970 841 1004 Patavinum

131 1017 364 1057 historicum,
389 1020 430 1050 ut
449 1017 572 1050 lactea
591 1016 669 1050 eius
689 1016 841 1049 ubertas

131 1074 330 1107 numquam
356 1061 467 1096 satiet
491 1061 693 1095 lectorem.'
729 1060 840 1104 inpri-

130 1108 198 1141 mis
224 1118 311 1141 vero
339 1117 483 1141 omnem
509 1106 660 1140 lectoris
678 1116 746 1150 per
763 1106 841 1139 lan-

131 1152 245 1196 guida
258 1152 359 1185 haud
372 1162 454 1185 raro
470 1162 514 1185 ac
533 1151 740 1195 longinqua
757 1162 842 1184 nar-

130 1197 286 1230 rationis
301 1200 520 1240 argumenta
535 1196 745 1230 satietatem
759 1196 841 1239 ipsa

131 1245 339 1275 structurae
378 1241 559 1275 varietate
596 1241 749 1275 evitavit
778 1240 842 1273 Li-

129 1286 228 1330 vius,
255 1297 337 1320 cum
351 1285 513 1330 periodis
527 1286 717 1330 aequabili
730 1297 840 1320 mein—

129 1331 279 1365 brorum
294 1335 481 1365 structura
501 1331 694 1366 concinnis
709 1334 746 1365 et
758 1342 839 1375 per-

133 1376 273 1420 spicuis
310 1376 403 1410 alias
445 1376 585 1421 passim
625 1376 841 1420 interponat

132 1421 327 1455 sententiis
347 1424 355 1440 ‘
366 1421 523 1455 hamatis
537 1422 634 1456 inter
647 1432 685 1455 se
699 1432 840 1466 perque

129 1466 295 1510 plicatis'
310 1471 502 1501 contortas
517 1478 562 1500 ac
574 1467 692 1510 primo
708 1466 841 1500 obtutu

130 1512 209 1546 fere
229 1511 422 1554 obscuras,
437 1516 562 1546 tamen
581 1517 623 1545 ut
642 1512 712 1546 hae
737 1511 841 1556 ipsae

130 1556 231 1590 haud
254 1567 339 1591 raro
368 1557 498 1590 lectori
523 1556 764 1591 artificiosum
783 1567 842 1590 ea-

130 1613 209 1635 rum
222 1613 356 1635 nexum
371 1602 581 1636 accuratius
600 1601 843 1646 perspicienti

131 1651 246 1681 artem
261 1647 452 1691 scriptoris
466 1647 622 1680 maxime
635 1647 841 1687 recludant,

133 1691 195 1735 qui
220 1692 280 1725 hic
312 1692 578 1726 sententiarum
609 1692 842 1725 brevissima—

131 1747 211 1770 rum
236 1736 381 1780 sibique
401 1737 507 1781 quasi
526 1736 765 1770 insidentium
786 1747 841 1770 se—

131 1780 184 1814 rie
200 1781 359 1814 orationi
372 1781 534 1815 calcaria
548 1781 654 1826 quasi
674 1781 841 1824 adhibet,

132 1825 210 1858 illic
228 1825 403 1869 impetum
421 1825 500 1859 eius
527 1827 642 1859 veluti
661 1826 768 1859 freno
787 1836 841 1859 re—

132 1874 244 1913 pente
258 1870 395 1904 iniecto
412 1870 527 1912 sistit,
554 1870 615 1903 hic
633 1876 768 1904 metam
784 1881 840 1904 ce-

133 1914 280 1948 lerrimo
306 1925 417 1948 cursu
443 1915 626 1959 attingere
651 1919 840 1959 properat,

132 1959 209 1993 illic
222 1970 290 2003 per
303 1970 478 2004 gyrorum
493 1960 671 2004 ambages
687 1960 842 1993 circum-

134 2004 265 2038 fertur.
305 2005 387 2048 ipsa
406 2015 494 2038 vero
514 2004 608 2038 haec
622 2005 783 2038 varietas
797 2015 840 2038 eo

135 2054 303 2093 augetur,
321 2049 423 2093 quod
435 2049 577 2091 Livius,
592 2053 632 2082 ut
646 2061 757 2094 supra
769 2049 842 2082 iam

134 2093 440 2138 significavimus,
467 2094 651 2135 fontibus,
684 2105 777 2139 quos
806 2094 842 2126 in

133 2139 342 2173 enarranda
356 2139 513 2173 historia
526 2140 770 2184 sequebatur,
790 2139 843 2172 ita

133 2195 221 2217 usus
236 2188 303 2227 est,
323 2188 363 2217 ut
376 2195 450 2218 non
465 2189 608 2218 tantum
622 2187 842 2229 argumenta

132 2228 219 2262 iude
245 2229 470 2272 desumeret,
503 2229 569 2263 sed
597 2230 737 2273 passim
766 2232 856 2263 tam'

134 2278 309 2308 accurate
323 2275 370 2307 ad
385 2285 467 2308 eum
487 2285 525 2308 se
547 2275 763 2318 scriptorem
779 2285 842 2318 ap-

134 2317 300 2361 plicaret,
323 2329 432 2362 qucm
451 2321 691 2353 cummaxime
711 2319 841 2353 ducem

135 2362 206 2396 sibi
219 2363 401 2407 elegerat,
429 2368 469 2397 ut
482 2363 568 2398 inde
585 2375 665 2398 cum
680 2364 840 2408 singula,

133 2412 175 2440 ut
189 2419 301 2451 supra
319 2408 537 2442 adnotatum
556 2413 630 2452 est,
657 2409 843 2443 vocabula

134 2456 172 2486 et
190 2452 368 2486 formulas
386 2458 632 2497 mutuaretur,
661 2457 771 2499 atque
790 2454 843 2488 ita

133 2502 380 2539 mutuaretur,
418 2502 460 2532 ut
489 2502 588 2532 certe
618 2509 693 2532 non
722 2498 841 2532 ubivis

135 2543 281 2576 ‘notum
308 2543 446 2577 callida
466 2544 619 2577 verbum
637 2543 843 2578 reddiderit

132 2586 303 2621 iunctura
327 2589 493 2631 novum‚'
523 2592 602 2622 tum
632 2589 841 2623 universam

132 2632 356 2666 narrationis
367 2633 699 2668 conformationem
707 2634 841 2678 ipsum-

133 2687 204 2721 que
220 2677 399 2711 orationis
420 2678 592 2713 colorem.
630 2690 711 2712 cum
730 2679 841 2713 variis

131 2720 245 2766 igitur
269 2722 438 2757 fontibus
470 2723 677 2769 iisdemque
701 2728 837 2767 aetate,

866 525 1064 569 imaginem
1099 525 1261 559 reddunt
1296 525 1383 559 libri
1417 524 1576 569 Liviani,

869 570 954 603 ‘sed
974 581 1049 603 non
1067 573 1109 603 ut
1126 570 1285 613 placidis
1312 574 1448 604 coeant
1464 570 1578 604 immi—

867 614 930 657 tia,
951 626 1026 648 non
1046 618 1088 648 ut
1106 620 1300 660 serpentes
1320 615 1451 649 avibus
1465 615 1579 659 gemi-

868 664 1013 702 nentur,
1033 659 1192 704 tigribus
1208 660 1330 704 agni:⁷
1355 671 1440 694 nam
1456 660 1579 694 omnia

868 705 961 738 haec
980 704 1033 738 ita
1046 704 1189 738 aLivio
1211 705 1419 749 composita
1439 709 1525 738 sunt
1540 710 1579 739 et

868 750 1067 791 adornata,
1092 753 1133 782 ut
1145 749 1270 784 variae
1285 751 1374 793 hae,
1400 754 1442 783 ut
1459 750 1512 784 ita
1526 749 1578 783 di-

867 804 965 836 cam,
991 794 1166 828 tessellae
1193 795 1241 828 ad
1266 795 1373 828 unius
1398 795 1507 839 quasi
1533 794 1577 828 si—

866 838 1022 872 mulacri
1052 838 1233 888 singulari
1258 850 1373 883 opera
1401 839 1576 873 artificio—

868 893 939 926 que
975 882 1135 926 perfecti
1166 883 1326 927 speciem
1357 889 1579 929 cogerentur

867 938 911 960 ac
925 928 1250 971 coniungerentur.

913 972 1056 1012 Quibus
1070 983 1157 1006 vero
1172 972 1340 1007 fontibus
1354 985 1443 1007 usus
1459 974 1505 1007 sit
1516 974 1578 1007 Li-

866 1015 947 1049 vius
973 1021 1011 1050 et
1035 1027 1109 1061 qua
1133 1016 1278 1051 ratione
1303 1017 1391 1052 inde
1411 1018 1577 1052 hauserit

867 1060 905 1094 id
937 1061 1178 1096 subtilissime
1215 1063 1387 1106 exposuit
1415 1063 1576 1097 Frideri-

868 1116 932 1139 cus
961 1105 1227 1140 Lachmannus
1260 1107 1577 1141 commentationi-

867 1151 936 1184 bus
951 1151 1096 1185 duabus
1110 1152 1325 1186 memoratis
1345 1153 1390 1186 de
1410 1151 1578 1186 fontibus

852 1217 855 1263 Ι
867 1195 1106 1230 historiarum
1119 1196 1214 1230 Livii
1226 1223 1234 1239 ,
1263 1208 1417 1242 quarum
1429 1197 1532 1241 prior
1545 1209 1578 1231 a.

868 1241 972 1284 1822,
1005 1242 1123 1276 altera
1147 1253 1181 1275 a.
1209 1242 1313 1284 1825,
1346 1247 1505 1286 utraque
1531 1243 1576 1277 de

868 1286 1055 1320 sententia.
1090 1287 1231 1321 ordinis
1267 1287 1578 1332 philosophorum

867 1331 970 1365 acad.
981 1331 1149 1376 Gotting.
1159 1332 1324 1376 praemio
1335 1339 1476 1376 ornata,
1488 1332 1578 1367 Got-

853 1377 994 1420 ¹tingae
1008 1376 1108 1421 typis
1124 1388 1301 1422 expressa
1316 1382 1382 1411 est.
1393 1381 1442 1404 126

913 1424 1004 1456 Cum
1029 1433 1125 1466 quae
1156 1427 1244 1457 ante
1276 1422 1465 1457 conditam
1493 1433 1577 1457 con-

868 1467 1074 1501 dendamve
1107 1468 1238 1502 urbem
1268 1467 1428 1512 poeticis
1459 1469 1577 1512 magis

868 1513 1006 1546 decora
1035 1511 1176 1546 fabulis
1209 1524 1320 1558 quam
1352 1513 1578 1558 incorruptis

866 1568 990 1591 rerum
1013 1563 1203 1601 gestarum
1227 1558 1476 1592 monumentis
1506 1563 1581 1592 tra-

868 1603 1061 1643 derentur,
1087 1613 1132 1637 ea
1145 1614 1215 1637 nec
1229 1602 1425 1638 adfirmare
1440 1614 1510 1637 nec
1525 1614 1578 1637 rc—

867 1647 997 1682 fellere
1012 1648 1050 1680 in
1065 1648 1186 1682 animo
1202 1648 1315 1682 fuerit
1327 1648 1438 1682 Livio
1450 1651 1516 1691 ,12⁷
1543 1652 1579 1682 et

867 1704 934 1736 per
946 1692 1041 1726 haec
1054 1696 1223 1737 tempora
1241 1697 1278 1727 et
1297 1704 1364 1737 per
1376 1693 1580 1737 primordia

867 1737 970 1771 urbis
1002 1749 1121 1781 usquc
1152 1738 1200 1771 ad
1224 1738 1380 1772 Romam
1411 1749 1433 1771 a
1459 1737 1579 1771 Gallis

868 1787 1032 1826 captam,
1066 1783 1158 1816 ‘res'
1188 1786 1229 1816 ut
1252 1782 1333 1826 ipse
1363 1782 1471 1816 ait128
1503 1786 1579 1816 ‘ve-

868 1831 1006 1861 tustate
1025 1826 1138 1861 nimia
1158 1827 1338 1861 obscuras
1349 1827 1368 1869 ,'
1393 1827 1577 1870 vulgatio-

867 1883 943 1905 rem
957 1872 1111 1914 famam,
1133 1883 1228 1916 quae
1244 1871 1319 1906 sive
1335 1872 1382 1906 ab
1396 1872 1577 1916 antiquis-

869 1915 968 1949 simis
988 1916 1063 1950 sive
1084 1927 1106 1950 a
1124 1916 1314 1961 plerisque
1334 1917 1578 1961 scriptoribus

869 1960 1007 1995 tradita
1049 1964 1222 2004 esset,129
1264 1962 1457 2006 amplexus
1501 1966 1576 2004 est,

869 2008 1023 2049 ‘parvae
1039 2005 1151 2039 enim'
1167 2007 1370 2040 secundum
1384 2006 1500 2051 ipsius
1513 2006 1577 2040 Li-

854 2050 974 2084 ,vii130
1000 2051 1190 2095 querelam
1216 2054 1271 2085 ‘et
1296 2063 1402 2086 rarae
1427 2063 1494 2096 per
1520 2063 1578 2086 ea-

854 2087 952 2128 'dcm
986 2100 1156 2139 tempora
1192 2096 1321 2130 literae
1364 2096 1468 2130 fuere
1504 2108 1579 2131 una

854 2127 1038 2174 ¹custodia
1073 2139 1196 2175 fidelis
1227 2141 1426 2175 memoriae
1456 2152 1578 2175 rerum

854 2190 1056 2229 ¹gestarum
1070 2190 1107 2220 et
1121 2212 1144 2219 ..
1159 2186 1302 2220 etiamsi
1317 2197 1413 2231 quae
1428 2186 1466 2220 in
1481 2197 1577 2220 com-

868 2230 1056 2264 mentariis
1072 2230 1291 2274 pontificum
1311 2231 1470 2276 aliisque
1485 2231 1578 2276 pub-

868 2275 948 2309 licis
972 2275 1201 2320 privatisque
1228 2280 1334 2310 erant
1362 2287 1577 2310 monumen-

867 2320 932 2363 tis,
957 2320 1110 2354 incensa
1129 2321 1222 2355 urbe
1240 2322 1443 2365 pleraeque
1468 2321 1578 2355 inter-

854 2365 965 2399 ·iere.’
1002 2377 1087 2400 rara
1107 2370 1231 2399 autem
1250 2366 1344 2400 haec
1362 2377 1576 2400 monumen-

854 2415 906 2444 =ta
925 2410 1070 2445 curiose
1091 2411 1307 2454 anquirere,
1334 2422 1464 2455 sparsa
1482 2411 1578 2445 anti-

868 2455 1020 2500 quitatis
1033 2455 1191 2500 vestigia
1205 2456 1343 2501 legere,
1354 2467 1398 2491 ex
1413 2456 1578 2491 disiectis

901 2571 949 2594 1-26
969 2570 1004 2593 cf.
1024 2573 1168 2600 practerea
1187 2578 1256 2601 quos
1281 2570 1361 2595 affert
1380 2571 1578 2596 Lachmannus

868 2603 890 2627 Ῑ.
907 2604 928 2632 ξ.
945 2605 958 2628 2
973 2612 1000 2634 p.
1015 2605 1028 2628 l
1043 2612 1104 2635 sqq.

901 2638 948 2661 127
969 2638 1056 2667 praef.
1072 2639 1094 2668 ξ.
1110 2639 1134 2662 6.

901 2672 950 2695 128
967 2671 1016 2699 VI,
1031 2673 1056 2700 l,
1071 2673 1096 2696 2.

901 2705 949 2728 1-29
969 2705 1004 2728 cs.
1018 2705 1229 2730 Lachmannum
1244 2707 1264 2730 1.
1280 2706 1304 2736 ξ.
1316 2708 1348 2731 25
1362 2714 1388 2738 p.
1403 2708 1435 2731 48
1447 2714 1507 2738 sqq.

901 2739 950 2762 130
970 2738 988 2762 l.
1003 2746 1067 2763 ann.
1083 2741 1162 2764 1281.

1302 2786 1347 2810 B*
