1780 3204
422 265 576 298 LIBER
600 265 673 306 111,
701 265 825 298 10.11.
854 263 1049 309 [10402.
1068 265 1150 308 401]
1382 256 1463 296 135

107 371 227 412 nibus
254 369 539 410 abstineretur.
583 369 624 408 id
649 367 804 408 factum
829 368 882 408 ad
905 367 1199 422 inpediendam
1228 368 1362 423 legem
1395 369 1464 408 tri-

107 432 206 473 buni
231 430 550 472 criminabantur
574 431 803 485 ingensque
829 430 970 470 aderat
995 435 1212 470 certamen.

188 493 318 542 Ecce,
368 499 412 532 ut
453 492 562 532 idem
603 492 645 532 in
682 491 866 546 singulos
904 506 1033 532 annos
1070 490 1179 532 orbis
1217 491 1460 541 volveretur,
1489 506 1508 535 S

105 555 275 595 Hernici
311 553 516 602 nuntiant,
563 552 740 594 Volscos
783 560 823 594 et
857 553 1047 606 Aequos,
1091 553 1169 593 etsi
1204 553 1363 594 accisae
1398 568 1463 594 res

106 618 203 666 sint,
236 616 401 657 reficere
427 615 650 664 exercitus,
677 616 794 655 Antii
820 630 1024 656 summam
1049 615 1108 655 rei
1132 615 1329 670 positam,
1355 615 1464 656 Ece-

105 688 188 719 trae
207 678 398 718 Antiates
425 677 592 718 colonos
618 677 754 731 palam
780 677 952 718 concilia
976 676 1131 727 faeere,
1157 676 1200 717 id
1225 683 1366 732 caput,
1393 692 1462 718 eas

104 741 209 781 vires
246 740 343 780 belli
379 754 483 780 esse.
531 746 575 779 ut
612 739 713 780 haec
749 739 857 779 dieta
892 739 934 779 in
967 746 1112 779 senatu
1142 744 1253 788 sunt,
1290 739 1463 780 dilectus
1490 756 1507 782 11

104 802 287 842 edicitur.
337 801 525 842 consules
557 800 653 841 belli
684 801 1079 842 administrationem
1108 801 1213 842 inter
1237 815 1281 842 se
1307 801 1464 856 disper-

104 863 165 903 tiri
190 863 309 912 iussi,
337 863 453 904 alteri
479 870 521 903 ut
548 862 708 912 Volsci,
734 863 850 903 alteri
876 870 919 902 ut
940 862 1081 916 Aequi
1103 863 1315 917 provincia
1339 870 1461 904 esset.

103 924 254 965 tribuni
299 940 435 965 coram
478 925 520 965 in
560 924 649 965 foro
690 938 930 978 personare,
979 924 1164 964 fabulam
1206 924 1463 979 conpositam
1492 940 1531 967 lo

103 985 246 1027 Volsci
272 986 384 1036 belli,
416 986 622 1027 Hernicos
655 987 706 1026 ad
736 993 873 1040 partes
898 992 1077 1040 paratos.
1127 986 1209 1027 iam
1234 1001 1287 1027 ne
1311 987 1461 1027 virtute

101 1048 266 1101 quidem
297 1048 427 1102 premi
456 1048 685 1089 libertatem
717 1048 859 1102 populi
881 1048 1078 1097 Romani,
1117 1048 1190 1088 sed
1220 1054 1305 1088 arte
1337 1048 1459 1088 eludi.

100 1110 196 1162 quia
227 1110 436 1150 occidione
470 1124 598 1163 prope
630 1109 787 1149 occisos
815 1108 990 1150 Volscos
1023 1116 1063 1149 et
1086 1107 1260 1161 Aequos
1292 1124 1458 1149 movere
1490 1126 1521 1151 11

101 1185 175 1211 sua
212 1177 356 1225 sponte
393 1186 506 1211 arma
539 1185 665 1224 posse
701 1171 783 1210 iam
818 1170 921 1210 fides
959 1170 1121 1219 abierit,
1159 1184 1289 1210 novos
1321 1170 1460 1211 hostes

98 1232 252 1284 quaeri,
280 1232 481 1272 coloniam
500 1231 637 1279 fidam,
664 1231 936 1285 propinquam
956 1231 1153 1271 infamem
1173 1231 1274 1271 fieri.
1307 1231 1459 1272 bellum

97 1293 272 1333 innoxiis
292 1292 530 1333 Antiatibus
555 1293 696 1341 indici,
724 1292 811 1347 geri
837 1308 931 1332 cum
956 1292 1076 1346 plebe
1095 1292 1304 1342 Romana,
1331 1308 1455 1346 quam
1484 1310 1521 1337 12

97 1361 304 1394 oneratam
341 1354 464 1394 armis
497 1369 548 1394 ex
578 1353 678 1394 urbe
708 1354 921 1409 praecipiti
952 1354 1116 1410 agmine
1147 1356 1277 1395 acturi
1308 1362 1458 1405 essent,

97 1416 218 1456 exilio
244 1422 284 1456 et
308 1416 559 1471 relegatione
585 1416 737 1456 civium
769 1416 1014 1457 ulciscentes
1046 1416 1243 1458 tribunos.
1295 1418 1372 1467 sic,
1406 1433 1457 1459 ne
1487 1434 1524 1462 13

95 1478 192 1530 quid
217 1478 327 1518 aliud
352 1485 488 1518 aetum
513 1485 675 1533 putent,
703 1479 853 1519 victam
878 1478 1012 1534 legem
1034 1494 1144 1529 esse,
1171 1480 1269 1529 nisi,
1297 1480 1395 1521 dum
1415 1481 1456 1522 in

96 1540 253 1594 integro
284 1554 348 1581 res
381 1541 450 1587 sit,
484 1541 582 1580 dum
609 1541 738 1590 domi,
772 1541 870 1581 dum
896 1541 1025 1596 togati
1051 1542 1149 1590 sint,
1183 1548 1373 1591 caveant,
1406 1558 1456 1582 ne

94 1602 354 1656 possessione
385 1603 497 1643 urbis
528 1603 744 1657 pellantur,
783 1618 833 1643 ne
863 1603 1008 1658 iugum
1039 1604 1254 1657 accipiant.
1305 1604 1339 1644 si
1370 1604 1457 1644 ani-
1486 1620 1523 1648 14

95 1678 186 1704 mus
213 1663 281 1711 sit,
307 1679 389 1704 non
415 1664 554 1705 defore
580 1665 790 1705 auxilium.
834 1665 1064 1705 consentire
1084 1680 1228 1706 01111105
1256 1665 1454 1714 tribunos,

97 1725 254 1764 nullum
291 1732 486 1766 terrorem
521 1732 754 1775 externum,
792 1726 950 1767 nullum
981 1726 1209 1780 periculum
1242 1741 1352 1776 esse,
1391 1741 1457 1767 ca-

96 1786 206 1826 visse
237 1787 335 1827 deos
367 1787 499 1841 priore
531 1803 657 1837 anno,
694 1795 739 1828 ut
769 1795 856 1829 tuto
893 1788 1060 1829 libertas
1098 1788 1265 1829 defendi
1300 1795 1454 1843 posset.

96 1848 197 1889 haec
221 1848 383 1889 tribuni.

179 1910 262 1950 XI.
313 1912 371 1950 At
402 1926 452 1951 ex
482 1918 596 1965 parte
628 1912 754 1952 altera
779 1911 970 1953 consules
996 1912 1038 1952 in
1063 1919 1288 1967 conspectu
1312 1928 1453 1954 eorum
1483 1931 1495 1958 1

97 1972 239 2025 positis
266 1972 375 2012 sellis
401 1973 594 2014 dilectum
619 1973 838 2014 habebant.
878 1989 926 2014 eo
947 1974 1167 2015 decurrunt
1187 1975 1337 2016 tribuni
1358 1991 1454 2017 con-

97 2033 328 2086 tionemque
355 2049 494 2074 seeum
520 2035 696 2075 trahunt.
735 2035 846 2076 citati
864 2036 1003 2090 pauci,
1029 2036 1142 2077 velut
1161 2037 1219 2077 rei
1239 2039 1455 2092 experiun-

96 2094 170 2134 dae
197 2110 340 2144 causa,
368 2102 408 2136 et
433 2096 568 2136 statim
594 2097 656 2137 vis
683 2103 833 2137 coorta.
870 2112 1172 2151 quemcumque
1192 2099 1311 2139 lictor
1334 2100 1452 2141 iussu

95 2157 274 2197 consulis
305 2158 554 2211 prendisset,
592 2159 778 2200 tribunus
810 2159 914 2200 mitti
943 2159 1124 2201 iubebat.
1172 2175 1306 2214 neque
1333 2177 1475 2203 suum-

95 2219 240 2272 euique
270 2219 333 2260 ius
365 2220 533 2261 modum
563 2220 759 2270 faciebat,
794 2222 867 2261 sed
891 2221 1039 2262 virium
1065 2228 1142 2276 op‘e
1168 2229 1207 2263 et
1231 2239 1356 2264 manu
1380 2224 1453 2265 ob-

95 2280 306 2320 tinendum
332 2288 434 2330 erat,
467 2283 578 2334 quod
602 2282 846 2323 intenderes.

180 2341 539 2394 Quemadmodum
583 2359 626 2385 se
669 2344 820 2385 tribuni
855 2346 1084 2401 gessissent
1119 2347 1161 2387 in
1195 2347 1450 2401 prohibendo
1477 2363 1495 2392 3

93 2403 260 2454 dilectu,
288 2405 347 2445 sic
371 2412 506 2459 patres
533 2406 574 2446 in
599 2406 708 2462 lege,
735 2421 840 2460 quae
866 2422 938 2462 per
962 2408 1094 2449 omnis
1121 2409 1336 2451 comitialis
1362 2410 1449 2452 dies

93 2465 317 2516 ferebatur,
349 2467 596 2521 inpedienda
625 2468 833 2523 gerebant.
882 2470 1044 2510 initium
1075 2477 1162 2511 erat
1190 2471 1322 2520 rixae,
1355 2486 1448 2512 cum
1475 2488 1493 2515 4

92 2528 302 2569 discedere
327 2530 526 2584 populum
550 2531 768 2572 iussissent
793 2531 962 2582 tribuni,
989 2533 1100 2586 quod
1122 2539 1261 2588 patres
1288 2548 1331 2575 se
1352 2534 1449 2575 sub-

92 2591 246 2631 moveri
284 2591 395 2632 haud
432 2592 633 2633 sinebant.
682 2608 757 2634 nec
792 2593 878 2634 fere
915 2595 1095 2635 seniores
1126 2595 1185 2635 rei
1215 2595 1447 2645 intererant,

91 2653 242 2707 quippe
268 2669 373 2707 quae
398 2670 481 2695 non
506 2655 677 2696 consilio
701 2656 882 2711 regenda
908 2656 983 2697 sed
1003 2657 1206 2711 permissa
1230 2658 1448 2699 temeritati

91 2715 367 2770 audaciaeque
404 2723 524 2757 esset.
581 2717 755 2758 multum
791 2724 831 2759 et
867 2717 1055 2760 consules
1093 2733 1137 2760 se
1173 2719 1445 2770 abstinebant,
1472 2734 1491 2764 5

1480 2116 1496 2143 10
