1780 3204
450 261 603 296 LIBER
628 261 757 306 VIIII,
785 262 814 295 1.
841 260 1034 305 [amaea
1053 261 1136 306 321]
1386 252 1461 294 441

119 365 252 400 foedus
283 363 494 398 restitutum
527 367 601 407 cst,
637 373 816 409 prospere
848 367 974 408 gestas
1001 363 1177 398 continet.
1226 362 1291 398 Cn.
1316 363 1468 399 Flavius

120 416 259 458 scriba,
285 415 459 449 libertino
485 418 591 459 patre
617 421 744 458 natus,
776 414 908 448 aedilis
935 414 1072 448 curulis
1099 414 1168 448 fuit
1191 425 1258 459 per
1282 414 1470 450 forensem

119 466 319 501 factionem
345 470 510 509 creatus3
543 476 640 510 quae
667 477 748 499 cum
774 465 924 499 comitia
945 470 982 500 et
1002 477 1169 510 campum
1188 466 1357 500 turbaret
1377 470 1414 500 et
1432 466 1469 499 in

119 517 176 551 his
189 521 343 562 propter
356 517 486 550 nimias
501 516 597 550 vires
613 516 875 559 dominaretur,
903 527 925 550 a
940 516 983 557 Q.
996 516 1117 551 Fabio
1139 527 1293 551 censore
1313 516 1351 550 in
1366 521 1468 561 quat-

118 572 202 601 tuor
215 568 333 602 tribus
347 567 500 601 redacta
515 570 588 611 est,
611 578 702 612 quas
715 567 878 601 urbanas
894 567 1115 611 appellavit3
1141 578 1260 612 eaque
1275 578 1334 601 res
1347 567 1468 601 Fabio

118 618 278 653 Maximo
304 629 437 652 nomen
457 617 570 652 dedit.
609 617 647 651 in
666 618 738 652 hoc
757 617 853 652 libro
874 617 1100 652 mentionem
1119 618 1235 652 habet
1252 617 1468 661 Alexandri,

120 669 183 713 qui
196 668 425 713 temporibus
440 668 497 702 his
511 668 592 711 fuit,
614 672 651 702 et
664 667 868 702 aestimatis
882 669 1011 712 populi
1024 668 1183 703 Romani
1197 668 1350 712 viribus,
1373 679 1469 713 quac

117 725 206 752 tunc
226 723 347 763 erant,
374 719 533 763 colligit,
562 718 592 752 si
605 718 817 753 Alexander
837 719 875 752 in
889 719 1034 753 Italiam
1053 719 1279 763 traiecisset,
1305 724 1470 753 nontam

117 769 266 803 facilem
286 771 319 803 ei
333 768 525 803 victoriam
540 770 584 803 dc
599 769 740 813 populo
754 770 922 803 Romano
938 769 1018 803 fore
1035 780 1145 814 quam
1160 770 1205 804 de
1220 769 1263 803 iis
1278 769 1467 814 gentibus,

119 831 210 865 quas
226 820 273 854 ad
289 820 476 854 Orientem
490 819 644 864 imperio
661 830 727 853 suo
743 819 986 863 subiecerat]

618 1041 770 1093 ΤΙΤΙ
806 1041 967 1093 LIVI

441 1152 528 1189 AB
569 1152 757 1190 VRBE
804 1151 1140 1190 coNDI'rA

622 1264 790 1301 LIBER
820 1263 958 1301 VIIII.

195 1351 229 1391 Ι.
280 1349 475 1403 Sequitur
504 1350 612 1391 hunc
644 1365 796 1390 annum
826 1350 974 1391 nobilis
1001 1350 1116 1391 clade
1141 1349 1331 1391 Romana
1357 1350 1467 1391 Cau·
1495 1366 1509 1394 1

111 1413 207 1453 dina
235 1427 316 1467 pax
347 1412 396 1453 T.
423 1411 594 1453 Veturio
628 1411 820 1462 Calvino,
860 1411 933 1467 Sp.
966 1412 1182 1454 Postumio
1213 1413 1465 1454 consulibus.

113 1474 320 1516 Samnites
346 1489 394 1515 eo
420 1489 526 1515 anno
545 1475 833 1529 imperatorem
853 1474 902 1516 C.
918 1475 1114 1517 Pontium
1132 1475 1318 1516 Herenni
1337 1475 1466 1516 filium
1493 1490 1510 1519 2

109 1537 352 1587 habuerunt,
367 1544 481 1592 patre
494 1537 616 1593 longe
630 1538 949 1592 prudentissimo
963 1545 1117 1588 natum,
1132 1539 1311 1593 primum
1330 1539 1467 1592 ipsum

110 1599 346 1641 bellatorem
372 1600 614 1652 ducemque.
663 1601 716 1649 is,
742 1599 814 1641 ubi
836 1600 978 1655 legati,
1006 1601 1077 1653 qui
1096 1601 1148 1641 ad
1167 1600 1376 1640 dedendas
1401 1614 1466 1641 res
1493 1613 1512 1642 3

110 1662 226 1702 missi
251 1668 383 1711 erant,
421 1676 523 1716 paee
547 1662 699 1703 infecta
729 1663 952 1703 redierunt:
993 1667 1062 1703 ‘ne
1092 1662 1192 1702 nihil
1223 1662 1376 1702 actum’
1407 1662 1468 1702 in-

110 1723 198 1776 quit
235 1723 335 1764 ‘hac
365 1723 569 1778 legatione
600 1725 820 1773 censeatis,
853 1725 1061 1778 expiatum
1093 1730 1155 1765 est
1186 1723 1387 1777 quidquid
1417 1738 1468 1764 ex

110 1785 276 1825 foedere
306 1791 426 1838 rupto
456 1785 607 1825 irarum
637 1785 679 1825 in
709 1800 784 1826 nos
816 1785 1054 1826 caelestium
1090 1785 1179 1826 fuit.
1230 1785 1329 1826 satis
1367 1785 1464 1835 scio,
1491 1798 1512 1827 4

111 1846 439 1899 quibuscumque
465 1846 542 1887 diis
568 1847 679 1887 cordi
704 1847 798 1896 fuit,
832 1847 968 1902 subigi
993 1862 1066 1887 nos
1099 1847 1151 1887 ad
1180 1847 1467 1888 necessitatem

111 1907 288 1948 dedendi
318 1922 402 1956 res,
441 1922 546 1960 quae
577 1907 628 1949 ab
659 1908 778 1949 nobis
805 1923 856 1949 ex
880 1909 1045 1949 foedere
1069 1908 1265 1962 repetitae
1291 1908 1465 1958 fuerant,

111 1969 146 2009 is
177 1984 260 2009 non
290 1969 419 2009 fuisse
445 1969 557 2009 cordi
582 1975 664 2010 tam
691 1970 866 2024 superbe
891 1969 942 2011 ab
967 1970 1167 2011 Romanis
1193 1970 1370 2011 foederis
1397 1985 1468 2010 ex-

111 2031 334 2085 piationem
371 2038 562 2085 spretam.
612 2032 711 2084 quid
747 2033 854 2073 enim
890 2032 995 2073 ultra
1031 2032 1118 2072 fieri
1155 2033 1204 2073 ad
1241 2032 1465 2087 placandos
1492 2046 1511 2076 5

111 2094 209 2133 deos
235 2093 565 2147 mitigandosque
596 2092 781 2135 homines
811 2094 944 2149 potuit
973 2109 1097 2148 quam
1128 2094 1239 2148 quod
1262 2109 1339 2136 nos
1364 2094 1464 2134 feei-

111 2155 229 2196 mus?
253 2169 318 2195 res
344 2154 524 2195 hostium
543 2154 585 2194 in
604 2156 756 2209 praeda
776 2162 929 2211 captas,
956 2171 1060 2210 quae
1079 2156 1176 2197 belli
1194 2156 1280 2197 iure
1300 2162 1463 2197 nostrae

110 2216 367 2265 videbantur,
393 2215 624 2257 remisimus
634 2233 644 2265 3
671 2223 856 2258 auctores
880 2217 994 2267 belli,
1022 2218 1118 2272 quia
1142 2218 1260 2260 vivos
1285 2233 1367 2259 non
1390 2233 1464 2272 po·
1490 2232 1508 2261 6

112 2277 284 2326 tuimus,
320 2278 559 2332 perfunctos
590 2279 672 2319 iam
696 2278 781 2320 fato
806 2278 1057 2329 dedidimus,
1089 2279 1198 2320 bona
1223 2294 1382 2328 eorum,
1413 2294 1465 2320 ne

111 2339 211 2392 quid
241 2353 291 2379 ex
323 2341 566 2395 contagione
597 2355 729 2381 noxae
760 2347 987 2382 remaneret
1010 2356 1136 2396 penes
1162 2355 1257 2390 nos,
1289 2340 1465 2382 Romam

110 2401 376 2454 portavimus.
426 2402 525 2454 quid
550 2401 655 2442 ultra
679 2401 770 2451 tibi,
801 2402 1004 2452 Romane,
1037 2403 1136 2456 quid
1160 2402 1333 2451 foederi,
1365 2402 1464 2455 quid
1491 2417 1508 2446 7

110 2462 188 2502 diis
225 2462 386 2504 arbitris
423 2464 599 2505 foederis
636 2463 791 2505 debeo?
832 2479 953 2518 quem
990 2464 1064 2506 tibi
1100 2472 1262 2506 tuarum
1297 2465 1462 2514 irarum,

110 2538 232 2577 quem
269 2539 454 2565 meorum
492 2525 784 2580 suppliciorum
825 2526 1002 2567 iudicem
1044 2526 1194 2576 feram,
1242 2527 1461 2576 neminem,

110 2600 242 2639 neque
266 2587 465 2641 populum
489 2602 622 2641 neque
646 2589 868 2642 privatum,
895 2588 1023 2643 fugio.
1061 2589 1172 2642 quod
1191 2589 1225 2630 si
1244 2589 1344 2629 nihil
1369 2603 1462 2630 cum
1487 2597 1506 2628 8

109 2648 335 2702 potentiore
365 2649 464 2690 iuris
495 2649 662 2690 humani
692 2650 931 2704 relinquitur
954 2650 1084 2705 inopi,
1117 2657 1157 2691 at
1183 2665 1260 2706 ego
1286 2650 1338 2691 ad
1362 2651 1460 2692 deos

109 2709 292 2751 vindices
318 2710 594 2752 intolerandae
620 2711 835 2766 superbiae
861 2712 1097 2767 confugiam
1123 2718 1161 2753 et
1179 2711 1389 2767 precabor,
1415 2719 1460 2754 ut
1486 2722 1502 2751 9
