1835 3226
358 228 442 268 410
618 233 771 267 LIBER
796 231 907 275 v111,
934 232 986 264 11.
1007 232 1061 264 1⁴2.
1092 234 1188 274 [a.u.
1203 242 1235 266 e.
1250 232 1445 277 414-416]

358 338 466 378 tibus
492 335 679 376 renovari
705 334 850 375 foedus
876 334 1048 382 iussum,
1075 341 1375 387 renovaturque
1400 350 1451 375 ex
1470 350 1518 376 eo
1537 345 1710 389 quotan-

294 415 330 443 ω
356 400 418 440 nis
455 405 549 452 post
585 397 693 437 diem
729 396 934 437 decimum
970 396 1227 436 Latinarum.
1289 396 1494 449 equitibus
1531 397 1707 453 Campa-

355 462 418 502 nis
445 461 588 501 civitas
610 459 799 500 Romana
823 458 936 507 data,
964 465 1311 512 monumentoque
1337 465 1381 498 ut
1406 465 1514 499 esset
1540 474 1707 500 aeneam

356 523 537 564 tabulam
563 523 602 562 in
624 522 724 562 aede
746 521 930 563 Castoris
946 521 1104 562 Romae
1123 521 1311 562 fixerunt.
1352 521 1526 576 vectigal
1546 536 1708 575 quoque

356 586 413 627 eis
430 585 670 639 Campanus
690 583 866 639 populus
892 583 1030 625 iussus
1056 583 1234 638 pendere
1260 584 1301 624 in
1327 583 1511 638 singulos
1537 591 1709 636 quotan-

355 647 418 688 nis
439 672 493 676 —
518 647 633 687 fuere
659 653 796 687 autem
821 645 932 686 mille
958 652 997 686 et
1022 645 1197 687 sescenti
1222 671 1276 675 —
1302 645 1490 686 denarios
1516 660 1708 686 nummos

355 709 659 763 quadringenos
684 708 1011 763 quinquagenos.

312 785 327 813 1
440 771 546 811 XII.
583 770 648 811 Ita
667 769 775 811 bello
795 777 932 825 gesto,
958 769 1151 824 praemiis
1172 784 1386 824 poenaque
1410 785 1484 824 pro
1510 770 1708 824 cuiusque

354 834 498 874 merito
523 832 761 887 persolutis,
789 832 838 873 T.
859 831 1043 873 Manlius
1064 831 1241 873 Romam
1266 832 1396 873 rediit.
1440 832 1506 873 eui
1530 832 1708 873 venienti

355 897 535 937 seniores
556 902 713 937 tantum
733 895 897 936 obviam
917 895 1051 936 exisse
1073 901 1250 943 constat,
1277 894 1532 935 iuventutem
1552 901 1591 936 et
1611 901 1708 936 tunc

353 966 392 1000 et
417 958 528 999 omni
553 958 637 998 vita
661 957 807 998 deinde
834 963 1064 998 aversatam
1090 971 1184 997 cum
1210 963 1535 1010 execratamque.

308 1032 327 1062 2
437 1021 629 1061 Antiates
660 1021 702 1061 in
733 1035 879 1075 agrum
912 1018 1171 1068 Ostiensem,
1207 1017 1452 1068 Ardeatem,
1492 1017 1707 1060 Solonium

352 1083 606 1124 incursiones
633 1082 830 1123 fecerunt.
871 1081 1056 1123 Manlius
1083 1080 1244 1130 consul,
1271 1081 1368 1134 quia
1392 1081 1481 1135 ipse
1506 1095 1579 1135 per
1598 1080 1708 1121 valc-

353 1145 538 1185 tudinem
563 1144 605 1184 id
630 1144 783 1185 bellum
809 1144 957 1197 exequi
981 1143 1211 1197 nequierat,
1238 1143 1477 1184 dictatorcm
1502 1143 1556 1184 L.
1582 1142 1707 1197 Papi-

352 1207 458 1247 rium
486 1206 704 1255 Crassum,
743 1206 812 1259 qui
843 1214 930 1246 tum
961 1206 1065 1246 forte
1097 1212 1182 1246 erat
1212 1212 1386 1259 praetor,
1419 1205 1538 1254 dixit3
1576 1204 1627 1246 ab
1659 1219 1707 1245 eo

309 1280 327 1309 3
353 1269 550 1323 magister
580 1269 763 1321 equitum
792 1269 845 1309 L.
872 1268 1064 1322 Papirius
1098 1268 1255 1309 Cursor
1291 1268 1436 1309 dictus.
1486 1268 1586 1308 nihil
1622 1282 1707 1308 me-

353 1330 549 1372 morabile
575 1331 774 1371 adversus
800 1329 991 1371 Antiates
1018 1329 1068 1370 ab
1095 1330 1290 1370 dictatore
1316 1321 1479 1384 gestum
1506 1336 1585 1379 est,
1613 1344 1706 1369 cum

354 1392 507 1446 aliquot
531 1407 694 1433 menses
721 1392 869 1432 stativa
893 1392 935 1431 in
959 1406 1059 1446 agro
1085 1391 1244 1431 Antiati
1269 1390 1494 1432 habuisset.

308 1468 328 1496 4
438 1454 563 1495 Anno
583 1453 736 1507 insigni
755 1453 924 1494 victoria
940 1454 993 1494 de
1015 1460 1073 1493 tot
1093 1468 1139 1494 ac
1161 1459 1243 1493 tam
1268 1452 1502 1507 potentibus
1529 1452 1704 1506 populis,

353 1515 405 1556 ad
431 1516 508 1556 hoc
534 1516 750 1556 consulum
772 1515 937 1555 alterius
958 1515 1085 1555 nobili
1104 1523 1251 1563 morte,
1279 1514 1443 1555 alterius
1465 1514 1569 1554 sicut
1589 1514 1704 1562 truci,

353 1578 409 1618 ita
434 1577 543 1618 claro
569 1577 620 1618 ad
640 1577 880 1617 memoriam
900 1577 1090 1631 imperio,
1118 1591 1353 1617 successere
1375 1576 1564 1617 eonsules
1586 1576 1704 1616 Titus

309 1654 327 1682 5
353 1638 558 1680 Aemilius
573 1637 868 1687 Mamercinus,
894 1637 987 1693 [Q.]
1004 1638 1207 1679 Publilius
1222 1638 1355 1687 Philo,
1382 1653 1513 1691 neque
1534 1638 1574 1678 in
1595 1638 1703 1679 simi-

352 1701 431 1741 lem
458 1701 670 1741 materiam
695 1715 830 1741 rerum
857 1708 895 1741 ct
914 1701 993 1755 ipsi
1012 1707 1082 1741 aut
1103 1716 1268 1741 suarum
1288 1715 1422 1741 rerum
1443 1707 1511 1740 aut
1530 1700 1706 1754 partium

353 1764 394 1804 iu
417 1779 461 1805 rc
486 1762 652 1817 publica
677 1763 809 1817 magis
837 1777 960 1815 quam
986 1763 1141 1817 patriae
1173 1777 1388 1803 memores.
1447 1762 1621 1803 Latinos
1653 1762 1705 1803 ob

352 1827 453 1866 iram
479 1826 567 1881 agri
593 1825 734 1866 amissi
753 1824 998 1866 rebellantes
1019 1825 1060 1865 in
1081 1825 1235 1879 campis
1250 1824 1495 1865 Fenectanis
1516 1824 1708 1865 fuderunt

310 1903 326 1931 υ
354 1888 580 1941 castrisque
601 1893 814 1928 exuerunt.
851 1886 908 1927 ibi
928 1886 1127 1936 Publilio,
1155 1887 1271 1927 cuius
1292 1887 1418 1927 ductu
1443 1886 1707 1940 auspicioque

352 1965 416 1991 res
437 1956 578 2005 gestae
600 1956 726 1998 erant,
753 1949 795 1989 in
815 1949 1064 1990 deditionem
1085 1949 1308 2003 accipiente
1322 1948 1498 1989 Latinos
1517 1947 1706 2002 populos,

351 2027 525 2066 quorum
550 2011 608 2053 ibi
632 2012 824 2053 iuventus
851 2026 971 2052 caesa
992 2018 1095 2061 erat,
1122 2010 1326 2052 Aemilius
1348 2011 1399 2051 ad
1411 2010 1573 2050 Pedum
1594 2025 1708 2051 exer-

309 2089 324 2117 ?
354 2075 479 2115 citum
505 2074 634 2115 duxit.
683 2074 875 2115 Pedanos
902 2073 1093 2115 tuebatur
1112 2073 1283 2122 Tiburs,
1309 2072 1603 2113 Praenestinus
1626 2071 1708 2112 Vc-

352 2137 605 2190 liternusque
641 2136 839 2191 populus,
876 2143 1074 2177 venerant
1111 2142 1150 2177 et
1186 2135 1238 2177 ab
1274 2135 1467 2176 Lanuvio
1497 2133 1707 2187 Antioque

308 2212 327 2241 8
355 2199 518 2240 auxilia.
555 2199 627 2240 ubi
653 2214 745 2239 cum
770 2198 935 2253 proeliis
962 2199 1128 2252 quidem
1149 2198 1333 2253 superior
1351 2197 1564 2238 Romanus
1585 2203 1706 2245 esset,

354 2262 406 2302 ad
436 2261 580 2303 urbem
611 2262 745 2316 ipsam
770 2261 931 2302 Pedum
964 2268 1180 2315 castraque
1213 2260 1416 2302 sociorum
1448 2259 1706 2314 populorum,

310 2338 327 2367 9
354 2339 458 2377 quae
485 2324 575 2364 urbi
600 2324 792 2364 adiuncta
818 2330 950 2373 crant,
976 2323 1136 2378 integer
1159 2323 1276 2364 labor
1299 2328 1488 2371 restaret,
1515 2321 1622 2362 bello
1648 2321 1707 2361 in-

353 2386 461 2427 fecto
502 2393 669 2440 repente
713 2386 868 2427 omisso
910 2386 1072 2435 consul,
1128 2386 1224 2439 quia
1271 2385 1452 2440 collegae
1501 2384 1707 2424 decretum

353 2448 604 2503 triumphum
636 2448 809 2497 audivit,
841 2448 930 2502 ipse
961 2462 1125 2501 quoque
1156 2447 1351 2502 triumphi
1376 2454 1469 2487 ante
1495 2445 1707 2486 victoriam

290 2524 329 2552 10
356 2511 561 2565 flagitator
585 2511 763 2552 Romam
788 2511 918 2551 rediit.
974 2525 1056 2564 qua
1081 2509 1302 2565 cupiditate
1329 2508 1497 2550 offensis
1523 2506 1706 2563 patribus

353 2573 681 2627 negantibusque
724 2573 803 2614 nisi
839 2572 955 2613 Pedo
999 2579 1117 2627 capto
1161 2578 1231 2613 aut
1267 2571 1404 2612 dedito
1442 2569 1704 2624 triumphum,

354 2634 447 2675 hinc
479 2635 678 2676 alienatus
710 2635 761 2676 ab
794 2641 939 2676 senatu
963 2634 1169 2675 Aemilius
1202 2633 1407 2676 seditiosis
1433 2629 1705 2673 tribunatibus

290 2707 327 2736 11
356 2695 530 2737 similem
567 2697 713 2738 deinde
750 2696 1007 2738 consulatum
1044 2697 1185 2752 gessit.
1244 2711 1341 2737 nam
1375 2708 1528 2749 neque,
1571 2691 1706 2747 quoad
