1780 3204
450 194 602 229 LIBER
627 194 681 240 X,
705 194 832 229 16.17.
858 195 906 238 [a.
922 190 1143 233 o.297.296]
1384 182 1458 221 511

120 313 246 354 regno
265 304 424 353 cogant.
466 296 693 339 Samnitem
717 297 796 338 illis
822 296 1043 338 exercitum
1067 301 1266 351 paratum,
1292 294 1467 334 instruc·
1492 305 1511 336 8

121 370 206 402 tum
231 361 372 410 armis,
400 361 602 415 stipendio
627 361 807 410 venisse3
845 359 1063 400 confestim
1087 365 1316 407 secuturos,
1342 356 1409 398 vel
1434 357 1469 397 si

120 425 171 465 ad
195 425 328 478 ipsam
352 424 582 464 Romanam
606 423 749 464 urbem
775 422 1093 477 oppugnandam
1117 422 1280 461 ducant.

204 485 351 525 XVII.
400 485 518 526 Haec
555 499 624 525 eos
660 485 702 524 in
738 484 903 524 Etruria
938 483 1134 524 iactantes
1171 483 1466 535 molientesque

119 547 273 588 bellum
297 548 407 588 domi
430 547 663 588 Romanum
688 546 842 588 urebat.
891 562 986 587 nam
1010 545 1059 586 P.
1079 545 1250 594 Decius,
1276 545 1347 586 ubi
1372 559 1469 585 con-

120 609 223 663 perit
252 623 325 662 per
354 608 649 662 exploratores,
686 608 914 662 profectum
948 606 1195 648 Samnitium
1231 606 1467 654 exercitum,

121 670 320 711 advocato
351 670 520 710 consilio
553 670 670 723 ‘quid
694 684 765 724 per
789 669 926 724 agros'
956 669 1087 722 inquit
1118 673 1334 724 ‘vagamur
1359 668 1468 708 vica-

120 732 193 772 tim
224 731 556 772 circumferentes
588 731 765 772 bellum?
800 731 898 785 quin
923 730 1043 771 urbes
1070 737 1108 771 et
1132 729 1294 771 moenia
1324 729 1470 784 adgre-

120 794 279 833 dimur?
325 793 462 833 nullus
492 793 574 833 iam
605 793 807 834 exercitus
841 791 1011 833 Samnio
1041 792 1257 846 praesidet.
1307 804 1468 832 cessere

119 854 269 895 finibus
295 869 342 894 ac
368 853 531 894 sibimet
554 854 633 908 ipsi
658 855 824 894 exilium
851 854 1110 895 conscivere!
1146 852 1467 910 adprobantibus

120 915 278 956 cunctis
304 915 356 955 ad
375 914 657 970 Murgantiam
682 916 858 956 validam
884 915 1026 956 urbem
1051 914 1370 969 oppugnandam
1395 913 1470 953 du-

120 976 191 1025 cit3
229 982 447 1029 tantusque
479 977 598 1017 ardor
627 977 802 1017 militum
832 976 909 1016 fuit
934 983 973 1016 et
998 976 1164 1016 caritate
1189 975 1305 1016 ducis
1331 982 1371 1015 et
1396 989 1468 1028 spe

119 1037 282 1078 maioris
319 1052 443 1091 quam
473 1053 524 1078 ex
559 1038 790 1093 agrestibus
825 1037 1157 1092 populationibus
1194 1037 1388 1090 praedae,
1425 1042 1470 1075 ut

119 1113 201 1139 uno
238 1099 303 1139 die
332 1099 374 1139 vi
403 1105 524 1152 atque
561 1100 683 1140 armis
720 1099 864 1140 urbem
900 1104 1102 1152 caperent.
1158 1097 1215 1138 ibi
1245 1098 1327 1137 duo
1358 1097 1470 1136 milia

122 1159 370 1201 Samnitium
396 1167 435 1201 et
459 1167 623 1201 centum
648 1166 879 1215 pugnantes
906 1159 1170 1200 circumventi
1195 1158 1402 1212 captique,
1430 1165 1470 1197 et

120 1221 199 1262 alia
222 1222 374 1276 praeda
403 1222 549 1276 ingens
576 1229 694 1275 capta
719 1228 792 1261 est.
842 1235 946 1273 quae
976 1235 1026 1260 ne
1057 1219 1345 1274 inpedimentis
1376 1234 1470 1273 gra-

119 1283 239 1323 vibus
275 1297 424 1337 agmen
460 1289 662 1331 oneraret,
706 1282 921 1331 convocari
957 1282 1105 1322 milites
1141 1281 1299 1322 Decius
1341 1280 1467 1321 iubet.

121 1344 298 1384 ‘hacine’
322 1344 453 1396 inquit
479 1344 666 1384 ‘victoria
692 1344 777 1384 sola
802 1350 871 1384 aut
896 1343 972 1384 hac
996 1343 1149 1398 praeda
1168 1342 1345 1384 contenti
1371 1342 1469 1382 estis

118 1404 269 1444 futuri?
315 1405 437 1445 vultis
464 1419 537 1445 vos
564 1420 635 1459 pro
661 1405 809 1445 virtute
836 1420 929 1459 spes
955 1419 1115 1460 gerere:
1143 1419 1284 1446 omnes
1307 1403 1471 1446 Samni-

118 1467 219 1507 tium
248 1466 371 1508 urbes
402 1467 671 1520 fortunaeque
701 1468 742 1508 in
773 1467 944 1508 urbibus
974 1467 1137 1508 relictae
1168 1473 1328 1508 vestrae
1361 1473 1467 1514 sunt,

117 1529 281 1582 quando
305 1529 488 1584 legiones
515 1544 654 1570 corum
680 1536 739 1570 tot
763 1530 927 1583 proeliis
953 1529 1067 1570 fusas
1092 1535 1298 1583 postremo
1317 1527 1468 1568 finibus

119 1590 344 1644 expulistis.
392 1591 556 1631 vendite
587 1591 666 1632 ista
696 1598 735 1632 et
765 1591 916 1631 inlicite
951 1590 1064 1631 lucro
1101 1596 1386 1637 mercatorem,
1424 1594 1469 1628 ut

119 1658 312 1703 sequatur
342 1667 513 1706 agmen:
553 1667 629 1707 ego
661 1652 834 1693 subinde
872 1667 1092 1707 suggeram
1127 1665 1232 1705 quae
1269 1650 1467 1691 vendatis.

119 1712 172 1753 ad
200 1712 445 1753 Romuleam
480 1713 624 1754 urbem
659 1713 754 1754 binc
791 1728 951 1762 eamus,
992 1713 1061 1753 ubi
1096 1728 1169 1753 vos
1205 1712 1322 1753 labor
1356 1711 1468 1752 haud

118 1774 264 1823 maior,
295 1775 449 1828 praeda
478 1775 607 1815 maior
637 1775 798 1815 manet.'
847 1775 1055 1815 divendita
1085 1774 1236 1828 praeda
1266 1773 1370 1826 ultro
1397 1773 1468 1813 ad-

118 1835 327 1877 hortantes
363 1836 651 1890 imperatorem
681 1837 734 1877 ad
763 1836 1008 1877 Romuleam
1037 1842 1225 1890 pergunt.
1279 1829 1337 1875 ibi
1367 1849 1468 1888 quo-

119 1912 198 1951 que
225 1898 311 1938 sine
337 1912 477 1952 opere,
505 1898 593 1939 sine
618 1898 848 1947 tormentis,
882 1898 1003 1939 simul
1027 1898 1192 1938 admota
1217 1903 1311 1937 sunt
1336 1897 1465 1951 signa,

118 1959 230 2000 nulla
249 1959 289 2000 vi
307 1960 486 2000 deterriti
505 1975 528 2000 a
547 1960 687 2009 muris,
708 1974 788 2013 qua
807 1960 953 2013 cuique
978 1959 1209 2014 proximum
1235 1958 1324 2007 suit,
1347 1958 1466 1999 scalis

118 2021 265 2075 raptim
298 2021 472 2062 admotis
504 2021 545 2061 in
570 2022 732 2062 moenia
763 2036 942 2062 evasere.
997 2027 1160 2075 captum
1192 2019 1389 2074 oppidum
1419 2035 1467 2060 ac

118 2082 323 2136 direptum
348 2089 428 2123 est:
465 2083 517 2123 ad
543 2083 624 2124 duo
649 2083 760 2124 milia
785 2090 824 2124 et
848 2083 1017 2124 trecenti
1045 2082 1169 2123 occisi
1195 2089 1234 2122 et
1259 2096 1332 2123 sex
1355 2082 1468 2122 milia

118 2143 330 2185 hominum
360 2150 500 2198 eapta3
537 2152 576 2185 et
607 2145 722 2186 miles
759 2145 914 2200 ingenti
948 2144 1100 2199 praeda
1134 2144 1307 2198 potitus,
1345 2158 1467 2197 quam

118 2206 312 2254 vendere,
346 2206 450 2246 sicut
473 2206 668 2260 priorem,
701 2214 866 2247 coactus
891 2206 1155 2247 Ferentinum
1180 2205 1292 2254 inde,
1325 2219 1468 2258 quam-

118 2281 242 2319 quam
261 2267 361 2307 nihil
380 2268 526 2320 quietis
547 2268 731 2318 dabatur,
747 2275 883 2309 tamen
903 2283 1063 2309 summa
1082 2266 1287 2309 alacritate
1306 2267 1466 2307 ductus.

119 2335 299 2369 ceterum
317 2328 373 2369 ibi
391 2329 483 2383 plus
503 2329 653 2371 laboris
673 2344 720 2371 ac
738 2330 906 2384 periculi
931 2330 1020 2370 fuit.
1058 2336 1098 2370 et
1117 2329 1286 2369 defensa
1307 2343 1467 2369 summa

119 2390 160 2430 vi
185 2390 345 2430 moenia
371 2397 465 2431 sunt
489 2398 529 2431 et
551 2391 666 2432 locus
692 2399 777 2432 erat
801 2392 1055 2432 munimento
1086 2397 1310 2445 naturaque
1334 2396 1466 2430 tutus:

120 2452 192 2493 sed
228 2452 349 2493 evicit
380 2453 515 2493 omnia
552 2453 746 2495 adsuetus
777 2454 952 2508 praedae
983 2453 1112 2493 miles.
1163 2451 1215 2493 ad
1243 2451 1321 2492 tria
1355 2451 1469 2491 milia

119 2514 298 2555 hostium
336 2514 443 2555 circa
477 2529 616 2555 muros
652 2529 795 2565 caesa3
832 2515 984 2569 praeda
1020 2514 1158 2555 militis
1195 2513 1284 2554 fuit.
1344 2512 1466 2553 huius

120 2583 447 2631 oppugnatarum
478 2576 640 2617 urbium
670 2577 827 2618 decoris
857 2592 951 2631 pars
987 2576 1117 2617 maior
1147 2575 1189 2615 in
1218 2574 1466 2629 quibusdam

120 2637 334 2679 annalibus
366 2638 418 2678 ad
442 2637 674 2678 Maximum
705 2638 892 2679 trahitur:
930 2637 1212 2693 Murgantiam
1243 2636 1294 2678 ab
1319 2635 1465 2686 Decio,

1494 493 1507 521 1

1494 677 1512 706 2

1495 862 1513 891 3

1494 1108 1513 1135 4

1496 1355 1514 1383 ἴ)

1496 1782 1512 1810 λ1

1496 2342 1535 2371 10

1497 2527 1531 2555 11
