1835 3226
278 1066 317 1093 κ)

279 1128 313 1155 11

279 2059 316 2086 ll

299 2428 316 2456 ΚΟ

302 2736 317 2746 a

301 2750 318 2762 ,Ι

344 265 396 305 222
664 272 818 306 LIBER
844 273 877 310 Ι,
905 272 957 305 25.
977 272 1030 305 26.
1059 275 1106 314 [a.
1122 283 1156 306 u.
1173 284 1201 306 c.
1216 273 1388 315 82-114]

345 375 454 415 solus
481 387 741 426 nequaquam
766 388 857 427 par,
896 374 955 414 sic
980 374 1178 415 adversus
1210 375 1394 429 singulos
1426 375 1553 417 ferox.
1602 392 1698 434 ergo

343 444 387 475 ut
413 442 648 489 segregaret
678 449 862 489 pugnam
893 449 1053 485 eorum,
1091 436 1270 490 capessit
1300 436 1464 491 fugam,
1501 438 1559 478 ita
1588 447 1699 480 ratus

344 504 573 545 secuturos,
612 503 657 537 ut
682 511 888 549 quemque
918 497 1086 538 vulnere
1118 497 1327 538 adfectum
1359 513 1507 553 corpus
1538 499 1699 541 sineret.

343 558 424 598 iam
449 558 706 611 aliquantum
732 559 853 613 spatii
878 573 928 599 ex
954 574 1002 599 eo
1027 559 1136 608 loeo,
1168 559 1239 600 ubi
1264 567 1494 614 pugnatum
1519 567 1599 610 est,
1631 576 1702 602 au—

341 619 522 674 fugerat,
562 635 657 661 cum
680 620 905 675 respiciens
937 621 1049 662 videt
1079 621 1241 676 magnis
1272 621 1497 663 intervallis
1529 636 1703 675 sequen-

342 691 422 731 tes,
459 697 587 723 unum
617 683 718 724 haut
757 683 901 737 procul
931 683 983 724 ab
1015 699 1106 725 sese
1137 684 1297 725 abesse.
1347 684 1388 724 in'
1420 699 1514 725 eum
1550 700 1702 740 magno

342 744 498 798 impetu
522 745 659 794 rediit,
698 751 738 785 et
763 745 862 785 dum
886 744 1078 786 Albanus
1104 746 1307 786 exercitus
1333 746 1527 787 inclamat
1555 745 1701 787 Curia-

342 805 421 854 tiis,
448 806 506 846 uti
531 821 653 860 opem
677 805 811 847 ferant
834 806 963 857 fratri,
989 808 1071 848 iam
1090 807 1304 857 Horatius,
1330 822 1452 849 caeso
1476 808 1594 849 hoste
1619 808 1703 849 vic-

342 874 416 916 tor,
444 868 670 908 secundam
694 883 878 923 pugnam
903 868 1082 923 petebat.

427 928 548 970 Tunc
585 929 781 980 elamore,
821 930 954 983 qualis
992 945 1043 971 ex
1072 931 1282 985 insperato
1318 930 1546 971 faventium
1586 931 1701 980 solet,

341 989 520 1031 Romani
555 991 752 1032 adiuvant
788 992 960 1032 militem
996 1007 1118 1033 suum
1155 999 1195 1033 et
1231 992 1298 1033 ille
1340 992 1514 1047 defungi
1548 992 1703 1047 proelio

343 1051 522 1093 festinat.
572 1053 685 1107 prius
710 1053 850 1106 itaque
875 1068 1000 1107 quam
1026 1054 1145 1103 alter,
1185 1054 1256 1107 qui
1280 1068 1356 1094 nec
1380 1054 1524 1108 procul
1549 1054 1701 1102 aberat,

344 1114 540 1167 consequi
571 1122 729 1168 posset,
768 1122 807 1155 et
838 1115 1011 1156 alterum
1044 1115 1277 1157 Curiatium
1315 1116 1490 1156 conficit.
1539 1116 1702 1169 iamque

341 1184 516 1229 aequato
541 1176 678 1218 Marte
710 1177 863 1232 singuli
895 1186 1153 1232 supererant,
1193 1179 1266 1220 sed
1295 1193 1371 1219 nec
1403 1193 1475 1232 spe
1507 1193 1583 1219 nee
1608 1178 1703 1218 viri-

341 1237 418 1278 bus
454 1253 587 1292 pares.
642 1239 816 1280 alterum
851 1240 1051 1281 intactum
1088 1240 1196 1281 ferro
1234 1255 1382 1294 corpus
1419 1247 1459 1280 et
1495 1240 1703 1295 geminata

341 1300 511 1341 victoria
535 1301 715 1343 ferocem
739 1303 781 1342 in
806 1310 1013 1344 certamen
1038 1304 1202 1344 tertium
1228 1303 1369 1351 dabat,
1397 1302 1515 1352 alter,
1542 1302 1702 1343 fessum

344 1362 532 1411 vulnere,
570 1363 729 1404 fessum
755 1378 878 1405 eursu
909 1365 1074 1406 trahens
1107 1379 1256 1419 corpus
1288 1365 1505 1417 victusque
1530 1364 1702 1404 fratrum

300 1444 306 1449 ·
344 1431 437 1464 ante
455 1427 507 1465 'se
533 1432 688 1480 strage,
720 1426 865 1467 victori
890 1426 1065 1468 obicitur
1094 1427 1214 1468 hosti.
1263 1441 1338 1467 nee
1369 1426 1471 1466 illud
1501 1426 1701 1480 proelium

1093 1490 1101 1506 2

341 1486 431 1527 fuit.
475 1487 688 1529 Romanus
715 1489 926 1530 exsultans
961 1490 1083 1530 ‘duos
1132 1490 1264 1543 inquit
1296 1489 1487 1529 ‘fratrum
1513 1488 1702 1529 manibus

344 1548 457 1597 dedi,
490 1550 655 1589 tertium
686 1565 836 1591 causae
867 1551 963 1592 belli
993 1551 1184 1601 huiusce,
1221 1559 1264 1592 ut
1296 1551 1510 1592 Romanus
1535 1550 1702 1591 Albano

340 1611 531 1665 imperet,
570 1612 702 1653 dabo?
755 1614 862 1654 male
900 1615 1118 1656 sustinenti
1155 1630 1267 1656 arma
1304 1614 1489 1670 gladium
1527 1628 1702 1668 superne

342 1673 483 1727 iugulo
509 1674 662 1728 defigit,
689 1675 891 1716 iacentem
917 1676 1077 1730 spoliat.

427 1734 605 1776 Romani
629 1743 798 1778 ovantes
825 1752 873 1778 ac
897 1739 1150 1793 gratulantes
1177 1738 1400 1779 Horatium
1425 1738 1630 1792 accipiunt
1655 1752 1703 1778 co

342 1796 496 1837 maiore
523 1812 616 1838 cum
641 1799 808 1853 gaudio,
836 1814 917 1853 quo
942 1815 1070 1855 prope
1095 1807 1251 1841 metum
1277 1815 1342 1840 res
1368 1800 1514 1840 fuerat.
1563 1800 1616 1840 ad
1641 1814 1704 1840 se-

341 1859 548 1912 pulturam
572 1860 667 1901 inde
694 1876 862 1902 suorum
886 1877 1149 1916 nequaquam
1174 1862 1342 1917 paribus
1369 1862 1514 1902 animis
1540 1868 1704 1902 vertun—

342 1927 424 1969 tur,
468 1921 621 1976 quippe
658 1923 831 1977 imperio
868 1924 985 1965 alteri
1021 1925 1148 1973 aucti,
1192 1924 1308 1965 alteri
1345 1924 1510 1964 ditionis
1547 1923 1703 1964 alienae

341 1981 451 2023 facti.
502 1984 691 2037 sepulcra
716 1992 857 2026 extant
881 2000 962 2039 quo
988 1987 1163 2040 quisque
1193 1986 1284 2027 loco
1315 1986 1480 2035 cecidit,
1513 1986 1595 2026 duo
1619 1985 1704 2026 Ro-

344 2060 466 2085 mana
490 2060 572 2085 uno
597 2046 687 2087 loco
713 2048 882 2102 propius
907 2047 1081 2097 Albam,
1119 2049 1196 2089 tria
1219 2047 1387 2089 Albana
1411 2048 1589 2089 Romam
1613 2062 1705 2088 ver-

343 2120 426 2154 sus,
454 2106 527 2146 sed
552 2107 746 2149 distantia
770 2109 885 2158 locis,
911 2116 956 2149 ut
982 2117 1021 2150 et
1045 2116 1274 2164 pugnatum
1300 2116 1374 2150 est.

426 2167 601 2209 XXVI.
650 2168 902 2223 Priusquam
926 2171 1022 2211 inde
1048 2171 1375 2226 digrederentur,
1407 2171 1569 2225 roganti
1594 2170 1704 2212 Met-

343 2230 418 2279 tio,
457 2244 509 2270 ex
533 2229 700 2272 foedere
725 2232 806 2273 icto
837 2233 937 2285 quid
967 2233 1204 2287 imperaret,
1242 2233 1416 2287 imperat
1440 2233 1606 2282 Tullus,
1644 2232 1703 2272 uti

343 2292 596 2333 iuventutem
621 2293 663 2333 in
688 2293 812 2334 armis
837 2294 1006 2344 habeat3
1043 2310 1214 2336 usurum
1242 2310 1285 2335 se
1316 2310 1457 2336 eorum
1489 2309 1630 2349 opera,
1669 2295 1703 2335 si

344 2353 497 2394 bellum
523 2369 617 2395 cum
642 2355 887 2397 Veientibus
921 2356 1038 2398 foret.
1093 2357 1150 2397 ita
1186 2357 1389 2398 exercitus
1426 2357 1522 2398 inde
1558 2357 1702 2397 domos

344 2415 521 2457 abducti.
564 2417 756 2472 princeps
786 2418 987 2461 Horatius
1013 2419 1099 2460 ibat
1123 2419 1341 2474 trigemina
1366 2419 1497 2474 spolia
1528 2433 1625 2473 prae
1658 2433 1701 2459 se

343 2492 503 2532 gerens.
553 2480 619 2520 eui
645 2496 760 2521 soror
784 2481 920 2536 virgo,
958 2496 1063 2534 quae
1094 2481 1301 2535 desponsa
1331 2482 1402 2522 uni
1427 2496 1479 2522 ex
1505 2480 1701 2522 Curiatiis

343 2540 488 2588 fuerat,
515 2540 639 2582 obvia
663 2550 755 2583 ante
780 2551 940 2597 portam
962 2542 1176 2597 Capenam
1195 2543 1286 2592 fuit,
1313 2544 1560 2599 cognitoque
1580 2557 1702 2596 super

342 2617 506 2643 umcros
532 2603 668 2645 fratris
695 2605 986 2659 paludamento
1013 2606 1171 2660 sponsi,
1205 2606 1315 2658 quod
1340 2606 1431 2660 ipsa.
1455 2604 1699 2652 confecerat,

345 2663 465 2703 solvit
496 2665 628 2706 crines
660 2674 700 2707 et
735 2667 924 2708 flebiliter
959 2668 1124 2708 nomine
1161 2682 1361 2721 sponsum
1391 2674 1598 2707 mortuum
1629 2681 1702 2720 ap-

346 2724 479 2777 pellat.
530 2734 665 2767 movet
697 2727 823 2769 feroci
854 2729 992 2769 iuveni
1029 2729 1210 2769 animum
1261 2728 1512 2782 conploratio
1550 2728 1699 2768 sororis
