1835 3226
266 360 283 386 9

265 662 282 690 10

267 1830 284 1858 9

247 2016 285 2043 10

248 2201 281 2228 11

249 2263 284 2291 12

310 173 391 214 518
613 179 762 213 LIBER
786 179 836 222 x,
863 179 917 212 22.
936 179 989 213 23.
1017 182 1111 222 [au.
1128 179 1342 222 e.45s.4.39]

311 283 505 336 scriptum
530 280 706 321 consulis
727 287 767 320 et
785 279 1014 320 consularia
1032 287 1071 321 et
1093 282 1294 335 praetoria
1314 283 1477 324 comitia
1501 283 1650 326 habita.

311 343 497 384 consules
524 342 647 382 creati
667 341 718 394 Q.
733 341 888 382 Fabius
909 348 948 382 et
966 341 1014 382 P.
1028 341 1199 390 Decius,
1219 342 1301 398 Ap.
1319 343 1517 386 Claudius
1537 360 1654 399 prae-

310 412 382 452 tor,
409 417 550 444 omnes
575 402 779 444 absentes.
823 409 862 443 et
885 403 938 443 L.
953 403 1175 445 Volumnio
1200 419 1251 445 ex
1277 413 1441 447 senatus
1468 407 1653 448 consulto

310 474 349 507 et
374 466 474 507 scito
499 464 630 521 plebis
655 472 920 520 prorogatum
945 466 987 506 in
1012 481 1163 507 annum
1188 467 1402 522 imperium
1428 475 1501 509 est.

385 526 563 567 XXIII.
589 526 655 567 Eo
673 542 779 567 anno
797 527 985 582 prodigia
1003 528 1132 569 multa
1149 528 1326 578 fuerunt,
1348 544 1519 583 quorum
1540 545 1655 572 aver-

308 588 608 629 runcandorum
633 603 758 629 causa.
783 589 1100 643 supplicationes
1132 590 1173 630 in
1198 589 1368 630 biduum
1395 598 1558 632 senatus
1585 592 1655 633 de-

309 651 445 692 crevit.
488 650 650 704 publice
675 651 815 691 vinum
841 666 887 691 ae
912 658 976 692 tus
1003 651 1248 705 praebitum:
1276 652 1548 706 supplicatum
1572 654 1653 694 iere

308 712 543 766 frequentes
562 712 638 752 viri
657 712 929 766 feminaeque.
965 713 1169 767 insignem
1196 713 1533 768 supplicationem
1557 714 1655 755 feeit

310 780 514 814 certamen
554 774 596 814 in
633 773 782 814 sacello
818 773 1047 814 Pudicitiae
1089 775 1300 828 patriciae,
1344 790 1447 828 quae
1483 776 1524 815 in
1566 775 1655 817 foro

309 834 475 876 bovario
502 842 564 876 est
589 835 640 876 ad
666 835 809 876 aedem
834 836 1051 876 rotundam
1076 835 1289 885 Herculis,
1320 836 1424 877 inter
1448 845 1654 878 matronas

309 903 453 937 ortum.
496 896 749 952 Verginiam,
776 897 876 938 Auli
900 897 1038 947 filiam,
1064 898 1276 952 patriciam
1300 898 1460 953 plebeio
1485 906 1654 953 nuptam

308 959 360 1000 L.
379 958 603 1000 Volumnio
629 959 805 1009 consuli,
831 969 1053 1009 matronae,
1080 960 1189 1013 quod
1214 975 1235 1000 e
1259 960 1442 1014 patribus
1469 961 1656 1016 enupsis-

310 1026 387 1069 set,
421 1020 545 1061 sacris
576 1028 800 1061 arcucrant.
854 1020 989 1062 brevis
1021 1021 1227 1062 altercatio
1252 1022 1346 1062 inde
1372 1036 1422 1062 ex
1446 1022 1655 1064 iracundia

309 1082 495 1123 muliebri
520 1084 561 1123 in
587 1084 886 1125 contentionem
912 1084 1139 1125 animorum
1165 1085 1332 1133 exarsit,
1365 1100 1457 1126 cum
1483 1101 1526 1126 se
1551 1085 1656 1127 Ver-

309 1145 420 1199 ginia
444 1152 482 1185 et
506 1145 716 1199 patriciam
743 1154 781 1186 et
805 1147 997 1200 pudicam
1022 1147 1062 1186 in
1087 1147 1280 1201 patriciae
1299 1147 1528 1189 Pudicitiae
1555 1155 1656 1189 tem-

309 1206 422 1260 plum
451 1206 680 1261 ingressam
712 1214 750 1247 et
780 1208 850 1247 uni
880 1215 1067 1262 nuptam,
1100 1208 1151 1249 ad
1182 1223 1303 1262 quem
1335 1210 1450 1264 virgo
1481 1210 1656 1250 deducta

312 1268 380 1316 sit,
413 1282 487 1308 nce
513 1283 557 1308 se
583 1268 656 1308 viri
687 1267 939 1309 honorumve
966 1269 1051 1309 eius
1078 1284 1125 1310 ae
1154 1285 1290 1310 rerum
1320 1279 1527 1325 gestarum
1558 1286 1655 1325 pae-

311 1329 456 1378 nitere,
488 1344 584 1370 vcro
614 1330 868 1384 gloriaretur.
919 1330 1027 1371 facto
1059 1331 1204 1372 deinde
1235 1333 1401 1386 egregio
1437 1333 1655 1387 magnifica

310 1390 433 1431 verba
470 1391 660 1431 adauxit:
697 1391 738 1431 in
774 1392 864 1432 vico
894 1392 1063 1447 Longo,
1101 1392 1170 1433 ubi
1202 1393 1427 1441 habitabat,
1461 1408 1511 1434 ex
1540 1402 1653 1448 parte

310 1452 471 1492 aedium
494 1453 604 1505 quod
629 1453 726 1494 satis
748 1460 856 1494 esset
879 1454 958 1494 loci
984 1454 1143 1495 modico
1164 1455 1312 1495 sacello
1334 1455 1504 1495 exclusit
1525 1471 1655 1496 aram-

309 1527 388 1566 que
413 1513 469 1553 ibi
498 1513 652 1567 posuit3
690 1520 729 1553 et
753 1515 986 1555 convocatis
1017 1515 1186 1568 plebeiis
1212 1516 1406 1557 matronis
1433 1524 1655 1569 conquesta

310 1574 497 1615 iniuriam
523 1575 802 1628 patriciarum:
842 1576 964 1616 ‘hanc
990 1590 1067 1630 ego
1093 1576 1222 1616 aram’
1252 1577 1383 1629 inquit
1409 1577 1653 1619 ‘Pudicitiae

309 1635 492 1689 plebeiae
524 1636 668 1677 dedico
693 1651 849 1690 vosque
874 1636 1030 1686 hortor,
1064 1644 1107 1677 ut
1131 1638 1241 1689 quod
1267 1645 1470 1678 certamen
1494 1640 1654 1680 virtutis

309 1698 417 1738 viros
449 1698 490 1738 in
520 1697 596 1739 hae
622 1698 783 1739 civitate
808 1704 936 1748 tenet,
967 1698 1045 1740 hoc
1074 1699 1292 1753 pudicitiae
1322 1699 1426 1740 inter
1449 1707 1654 1741 matronas

311 1760 362 1800 sit
387 1760 571 1813 detisque
598 1775 775 1814 operam,
796 1767 841 1801 ut
859 1761 959 1801 haec
985 1777 1054 1802 ara
1079 1775 1201 1814 quam
1226 1761 1306 1810 illa,
1334 1761 1368 1801 si
1393 1761 1490 1815 quid
1509 1769 1655 1816 potest,

312 1822 490 1862 sanctius
523 1828 561 1862 et
587 1837 609 1862 a
635 1822 877 1864 castioribus
909 1822 987 1863 coli
1017 1822 1199 1863 dicatur?
1247 1823 1390 1863 eodem
1421 1823 1548 1864 ferme
1578 1824 1657 1864 ritu

311 1890 349 1923 ct
379 1882 479 1924 haee
512 1899 598 1932 ara,
631 1898 711 1936 quo
742 1884 811 1924 illa
847 1885 1066 1938 antiquior,
1105 1884 1213 1925 culta
1243 1891 1321 1933 est,
1358 1892 1402 1925 ut
1432 1885 1543 1926 nulla
1578 1886 1657 1926 nisi

311 1951 516 1998 spectatae
542 1945 760 1999 pudicitiae
781 1952 966 1987 matrona
985 1953 1023 1987 et
1042 1961 1146 1999 quae
1165 1946 1236 1986 uni
1255 1946 1340 1987 viro
1359 1954 1486 2000 nupta
1510 1947 1657 1988 fuisset

310 2006 372 2046 ius
404 2007 659 2047 sacrificandi
693 2007 875 2049 haberet.
929 2007 1097 2062 vulgata
1127 2007 1221 2048 dein
1250 2007 1393 2062 religio
1423 2024 1448 2049 a
1476 2008 1654 2062 pollutis,

310 2082 384 2108 nec
410 2069 604 2109 matronis
631 2068 781 2118 solum,
809 2069 882 2110 sed
907 2070 1038 2111 omnis
1064 2069 1216 2110 ordinis
1241 2069 1423 2119 feminis,
1449 2077 1655 2124 postremo

309 2129 351 2169 in
375 2129 621 2171 oblivionem
647 2131 770 2171 venit.

393 2190 556 2232 Eodem
581 2206 688 2232 anno
709 2192 786 2233 Cn.
807 2199 846 2233 et
866 2191 918 2245 Q.
942 2191 1113 2248 Ogulnii
1139 2192 1291 2234 aediles
1317 2192 1478 2233 curules
1503 2192 1656 2246 aliquot

312 2251 633 2294 faeneratoribus
664 2253 772 2294 diem
803 2254 1010 2303 dixerunt3
1049 2268 1224 2307 quorum
1250 2253 1368 2295 bonis
1400 2253 1580 2295 multatis
1605 2268 1656 2294 ex

311 2329 376 2363 eo,
408 2315 518 2368 quod
553 2315 595 2356 in
626 2315 835 2370 publicum
865 2316 1075 2357 redactum
1106 2324 1185 2366 est,
1223 2331 1349 2358 aenea
1379 2316 1421 2356 in
1452 2315 1656 2370 Capitolio

312 2375 450 2417 limina
479 2383 519 2417 et
548 2377 671 2418 trium
706 2392 942 2419 mensarum
978 2385 1173 2433 argentea
1206 2393 1307 2420 vasa
1341 2379 1383 2418 in
1414 2378 1514 2418 cella
1544 2378 1656 2419 Iovis

312 2437 533 2491 Iovemque
558 2439 599 2478 in
625 2439 800 2480 culmine
825 2454 918 2480 cum
943 2440 1153 2495 quadrigis
1179 2446 1218 2481 et
1242 2441 1294 2481 ad
1317 2440 1441 2480 ficum
1460 2439 1658 2480 Rumina-

311 2498 390 2538 lem
428 2499 646 2541 simulacra
674 2500 893 2542 infantium
924 2502 1180 2543 conditorum
1209 2502 1322 2543 urbis
1354 2501 1430 2542 sub
1461 2500 1655 2541 uberibus

311 2559 430 2612 lupae
450 2569 673 2614 posuerunt
693 2563 962 2616 semitamque
983 2578 1082 2604 saxo
1103 2564 1300 2617 quadrato
1315 2579 1338 2604 a
1352 2562 1521 2616 Capena
1540 2569 1658 2616 porta

251 2629 288 2659 13
314 2621 363 2660 ad
393 2621 539 2664 Martis
573 2631 813 2666 straverunt.
868 2634 907 2666 et
940 2626 990 2668 ab
1022 2626 1222 2668 aedilibus
1254 2626 1423 2681 plebeiis
1454 2626 1506 2666 L.
1534 2625 1655 2672 Aelio
