1780 3204
522 243 556 268 T.
583 240 672 266 LIVIl
695 240 873 266 PATAVINI
897 241 1093 268 PROLL'SIO.

91 316 152 350 dia
176 314 318 360 spirant
341 313 463 348 ubivis
488 318 525 349 et
543 314 655 348 tacite
679 312 792 347 totius

91 361 213 404 operis
237 359 367 393 habitu
392 370 436 393 ac
460 358 532 393 fine
553 364 590 392 et
609 358 792 402 expressis

89 405 212 438 verbis
223 432 231 448 ,
251 404 473 449 ubicumque
488 415 526 438 se
542 403 719 437 offerebat
733 413 791 436 oc-

90 450 203 491 casio,
223 449 406 493 probavit,
428 449 535 482 sicuti
555 448 664 482 etiam
683 448 791 481 Pata-

89 495 150 537 vii,
165 495 267 528 urbis
284 493 508 537 pati-iae,vel
522 493 559 526 in
572 493 653 536 ipso
671 492 792 536 operis

89 539 213 573 limine
232 538 454 572 mentionem
473 549 548 571 non
567 538 644 571 sine
671 537 792 570 studio

90 585 251 629 quodam
263 583 408 616 videtur
420 583 655 616 iniecisse-203
675 593 718 615 ac
732 592 793 615 ne-

89 629 169 673 gari
182 628 320 673 nequit,
333 628 415 671 ipso
430 626 667 661 hocRomani
680 625 792 660 nomi-

89 674 145 707 nis
160 684 283 706 amore
298 673 491 716 abreptum
499 672 641 705 Livium
654 671 792 715 passim

88 719 200 762 paulo
215 717 383 761 cupidius
397 720 523 760 partes
538 717 722 749 Romanas
738 726 791 748 se-

89 763 168 808 qui:
193 763 231 795 in
254 762 464 795 universum
488 766 612 794 tamen
636 771 706 794 nec
731 760 792 793 ad-

88 819 216 841 versus
236 806 363 839 hostes
382 806 540 838 iniustus
561 808 635 846 est,
662 808 700 838 et
718 803 791 837 Ro-

87 862 278 885 manorum
318 849 470 887 iniurias
514 849 690 882 adversus
728 859 791 881 eos

89 895 301 930 commissas
319 894 408 928 alibi
422 893 569 938 quidem
591 893 649 926 vel
662 891 793 926 reticet

86 942 144 975 vel
158 939 370 973 imminuere
386 938 520 979 studet,
535 937 624 971 alibi
638 947 724 971 vero
738 937 790 970 in-

86 996 206 1030 genue
234 995 322 1018 sanc
342 983 544 1017 fateturf—'M
578 982 629 1015 ita
649 992 718 1015 nec
736 992 790 1014 re-

86 1031 189 1074 liqua
222 1030 473 1062 Romanorum
508 1027 598 1060 vitia
632 1026 789 1070 ignorat,

85 1074 302 1119 praesertim
328 1084 391 1115 ea,
418 1083 513 1116 quae
533 1071 711 1105 ‘labente'
732 1071 790 1104 de-

85 1131 182 1153 mum
203 1118 398 1162 ‘paulatim
418 1116 623 1160 disciplina’
645 1126 725 1150 sese
738 1115 790 1148 in-

86 1164 295 1197 sinuarunt:
320 1163 386 1196 ‘ad
400 1162 473 1195 illa'
492 1161 667 1205 inquit-205
687 1160 791 1193 ‘mihi

84 1220 151 1253 pro
178 1219 213 1241 se
239 1206 395 1251 quisque
420 1206 590 1240 intendat
619 1205 790 1246 animum,

85 1264 179 1299 quae
204 1252 296 1295 vita,
323 1251 385 1296 qui
404 1261 525 1285 mores
545 1250 699 1292 fuerint,
725 1261 792 1294 per

85 1309 178 1342 quos
192 1297 290 1330 viros
306 1296 514 1341 quibusque
535 1295 677 1329 artibus
692 1294 789 1328 domi

82 1342 309 1386 militiaeque
345 1345 382 1375 et
406 1344 552 1385 partum
583 1344 620 1374 et
644 1343 790 1374 auctum

82 1386 273 1431 imperium
294 1386 359 1426 sit;
384 1386 534 1420 labente
555 1385 688 1419 deinde
702 1396 789 1428 pau-

82 1433 186 1467 latim
222 1430 419 1475 disciplina.
454 1431 555 1465 velut
585 1429 789 1463 desidentis

82 1477 200 1522 primo
222 1487 343 1510 mores
364 1479 541 1520 sequatur
560 1475 701 1517 animo,
727 1474 787 1508 de-

81 1523 168 1556 inde
188 1525 229 1555 ut
245 1521 363 1564 magis
377 1520 568 1565 magisque
589 1519 683 1563 lapsi
705 1519 788 1563 sint,

82 1571 159 1601 tum
174 1566 226 1600 ire
248 1565 437 1610 coeperint
458 1564 698 1609 praecipites,
725 1564 787 1598 do-

81 1623 152 1646 nec
170 1611 218 1645 ad
236 1611 329 1645 haec
348 1614 533 1654 tempora,
560 1609 693 1654 quibus
717 1620 788 1643 nec

81 1657 172 1691 vitia
195 1667 265 1690 nec
288 1655 451 1690 remedia
475 1654 553 1698 pati
576 1665 786 1698 possumus,

81 1705 299 1745 perventum
323 1701 400 1734 est!
436 1702 602 1734 vetustas
622 1710 680 1733 res
702 1699 787 1733 scri—

81 1745 185 1780 benti
209 1745 290 1789 ipse
321 1744 464 1779 animus
491 1744 524 1778 ei
554 1742 670 1777 fiebat
696 1743 786 1777 anti-

83 1793 252 1835 quusz2⁰ss
295 1801 317 1824 a
353 1793 557 1833 conspectu
592 1789 784 1831 malorum,

83 1846 177 1879 quae
198 1845 265 1868 sua
285 1837 341 1867 tot
358 1845 426 1878 per
444 1844 562 1867 annos
576 1833 667 1866 vidit
680 1837 786 1866 aetas

82 1878 260 1922 tantisper
287 1884 403 1919 certe,
429 1881 470 1911 ut
495 1888 606 1921 supra
631 1887 786 1911 comme—

81 1923 321 1964 moravimus,
354 1923 439 1955 dum
468 1921 591 1966 prisea
620 1925 700 1955 tota
722 1921 787 1955 illa

81 1972 203 2002 mente
217 1967 369 2012 repetit,
396 1978 435 2001 se
450 1977 644 2000 aversurus
658 1969 786 2000 θεῖς’-’07

83 2013 209 2046 ‘hanc'
229 2012 348 2056 inquit
368 2010 604 2045 ‘modestiam
624 2010 786 2062 aequita-

81 2062 228 2102 temque
259 2062 297 2091 et
325 2055 556 2091 altitudinem
586 2055 695 2089 animi
723 2055 787 2088 ubi

81 2114 179 2136 nunc
205 2103 242 2135 in
266 2112 340 2135 uno
367 2100 569 2143 inveneris,
597 2111 692 2144 quae
711 2103 787 2133 tum

81 2147 211 2191 populi
222 2145 383 2180 universi
397 2145 476 2179 fuit'
486 2148 552 2188 3208
561 2145 694 2179 veteris
704 2144 785 2178 sim-

81 2189 786 2236 plicitatis,parsimoniae,roboris.pru·

84 2237 230 2271 dentiae
258 2235 374 2270 civilis
401 2235 565 2269 sincerus
585 2234 787 2268 admirator

84 2292 172 2316 suae
186 2281 320 2315 aetatis
335 2279 526 2324 luxuriam,
543 2278 701 2323 divitias,
724 2279 784 2313 de-

113 2405 162 2429 ‘2023
180 2405 202 2432 Ι,
217 2405 231 2428 1
251 2404 286 2428 cs.
302 2405 385 2428 etiam
399 2404 432 2431 X.
448 2406 462 2428 2
482 2404 635 2435 eodemque
649 2404 786 2435 aliquate-

79 2445 131 2462 nus
156 2438 277 2468 pertinet
296 2439 408 2468 auguris
427 2438 501 2462 illius
520 2438 648 2462 Patavini
667 2438 783 2466 mentio,

80 2480 107 2502 p.
122 2472 197 2496 VIII.
218 2472 253 2495 cf.
267 2471 332 2495 adn.
346 2473 378 2496 33
392 2474 617 2495 commemorata.
633 2472 666 2495 de
681 2472 785 2502 patriae

80 2506 132 2529 hoc
146 2512 240 2529 amore
253 2505 373 2529 Liviano
388 2505 422 2529 cf.
437 2506 564 2535 inprimis
573 2505 784 2529 Lachmannum

79 2539 96 2562 1.
113 2546 137 2562 c.
151 2539 172 2567 1,
188 2540 220 2563 88
234 2545 292 2569 sqq.
307 2539 342 2566 11,
357 2540 387 2562 67
402 2545 443 2569 sq.
459 2539 523 2562 coll.
538 2539 558 2567 Ι,
574 2540 615 2562 76.

112 2573 161 2597 204
180 2572 245 2596 vide
259 2573 387 2602 exempla
400 2579 416 2596 a
429 2572 561 2597 Soeltelio
581 2573 599 2597 1.
615 2579 638 2596 c.
653 2579 680 2602 p.
695 2573 709 2597 6
723 2579 783 2603 sqq.

79 2606 174 2630 allata.

111 2641 160 2664 205
180 2639 266 2670 praes.
282 2639 304 2669 ξ.
320 2640 343 2663 9.

111 2674 160 2697 ‘206
178 2673 331 2701 xxxxm,
347 2675 387 2702 13,
403 2674 427 2697 2.

111 2708 160 2731 207
180 2707 265 2737 praes.
280 2707 302 2736 ξ.
318 2709 342 2731 5.

112 2741 160 2765 ¹208
180 2741 242 2769 1111,
258 2741 282 2769 6,
298 2742 337 2765 1-2.

1336 239 1522 268 XXVIIII

819 315 1001 349 bilitatem
1021 314 1334 359 conque1·itu1·,‘209
1359 314 1449 348 belli
1474 318 1523 348 et-

818 361 982 394 iamtunc
1017 361 1169 394 alterius
1198 359 1331 394 Punici
1365 363 1525 393 aetatem

820 416 995 438 enarrans
1010 407 1086 439 alta
1098 415 1191 438 voce
1206 405 1356 438 elamat:
1367 407 1416 430 21⁰
1435 405 1523 438 ‘elu-

820 450 909 483 dant
933 461 1032 484 nunc
1057 449 1210 494 antiqua
1234 449 1418 483 mirantis:
1447 460 1524 482 non

819 495 1007 538 equidem,
1034 494 1065 528 si
1083 506 1156 538 qua
1171 494 1218 527 sit
1237 493 1458 538 sapientium
1477 493 1524 527 ci-

820 540 933 579 vitas,
965 551 1074 583 quam
1105 539 1205 572 docti
1236 538 1384 583 fingunt
1406 538 1524 582 magis

820 595 928 628 quam
942 588 1090 624 norunt,
1106 588 1170 618 aut
1179 583 1365 628 principes
1379 583 1524 627 gravio-

817 640 876 662 res
902 629 1282 673 temperantioresque
1303 640 1325 663 a
1351 628 1523 672 cupidine

818 673 960 717 imperii
996 678 1060 707 aut
1088 673 1359 707 multitudinem
1393 672 1524 707 melius

818 722 998 751 moratam
1046 729 1216 752 censeam
1263 717 1343 752 fieri
1389 717 1523 761 posse.'

819 773 913 806 quae
950 773 1026 796 non
1061 763 1284 806 impediunt,
1329 762 1524 807 quominus

819 818 900 839 cum
942 807 1030 840 data
1072 807 1269 841 occasione
1305 807 1523 851 principum,

819 851 1035 894 praesertim
1055 851 1293 895 patriciorum
1313 863 1394 885 cum
1412 852 1523 896 plebe

818 896 1076 939 pugnantium,
1105 896 1315 939 superbiam
1335 901 1446 941 atque
1466 908 1522 930 ar-

817 939 1025 983 rogantiam
1055 939 1239 983 vituperet
1268 944 1344 973 tum
1376 941 1524 984 saepius

817 988 929 1028 atque
944 983 1115 1018 acerbius
1135 984 1379 1018 multitudinis
1393 986 1522 1019 levita-

818 1034 891 1062 tem
905 1032 1017 1073 atque
1037 1028 1326 1062 inconstantiam
1349 1029 1522 1073 castiget:

817 1072 898 1117 ipsa
927 1084 1014 1107 vero
1046 1073 1112 1107 illa
1141 1073 1364 1117 vituperatio
1402 1074 1522 1117 docet,

816 1118 962 1151 Livium
982 1118 1043 1151 hic
1063 1128 1211 1162 quoque
1230 1118 1395 1152 veritatis
1415 1129 1459 1152 ac
1484 1117 1523 1151 fi-

818 1163 876 1197 dei
892 1163 1096 1196 studiosum
1111 1162 1244 1205 fuisse,
1272 1163 1440 1206 quamvis
1461 1173 1522 1196 nc-

817 1208 897 1253 gari
910 1212 1087 1253 nequeat,
1115 1218 1197 1241 eum
1216 1207 1253 1240 in
1271 1207 1481 1241 universum
1503 1219 1525 1241 a

817 1253 985 1297 partibus
1001 1252 1086 1286 olim
1105 1252 1362 1296 patriciorum,
1390 1252 1522 1286 deinde

817 1297 1047 1342 optimatium
1073 1301 1169 1331 stare
1190 1308 1390 1341 eorumque
1410 1297 1522 1331 rebus

816 1342 952 1377 favere.
989 1342 1026 1376 id
1051 1341 1171 1386 ipsum
1193 1342 1304 1375 etiam
1324 1353 1367 1376 co
1389 1342 1521 1383 elucet,

817 1388 917 1432 quod
950 1387 1138 1422 ‘Gnaeum
1162 1387 1379 1431 Pompeium
1410 1386 1522 1420 tantis

816 1432 988 1466 laudibus
1002 1432 1096 1471 tulit,
1106 1436 1147 1465 ut
1155 1431 1423 1476 Pompeianum
1439 1442 1520 1465 eum

815 1477 1008 1521 Augustus
1033 1477 1326 1521 appellaret,‘211
1353 1476 1461 1510 sicuti
1487 1488 1522 1520 p.

813 1522 927 1556 VIIII
939 1525 1179 1556 memoratum
1193 1525 1267 1555 est:
1287 1521 1384 1555 idem
1398 1525 1521 1555 tamen

815 1567 1037 1601 documento
1064 1570 1140 1609 est,
1177 1566 1323 1600 Livium
1353 1565 1520 1611 quamvis

814 1611 974 1656 Augusti
999 1611 1156 1645 amicum
1169 1614 1218 1638 212
1243 1611 1355 1655 longe
1381 1611 1519 1644 afuisse

814 1668 835 1690 a
848 1667 1100 1701 praepropera
1113 1656 1258 1689 illorum
1267 1655 1520 1697 festinatione,

814 1702 947 1746 quibus
978 1712 1068 1745 prae
1103 1701 1237 1734 lucidis
1275 1700 1406 1734 sideris
1435 1700 1520 1733 Iulii

814 1746 1008 1790 splendide
1046 1745 1197 1779 orientis
1233 1745 1346 1779 radiis
1378 1745 1519 1778 liberae

813 1791 1039 1834 reipublicae
1065 1789 1242 1823 memoria.
1265 1789 1431 1823 tenebris
1456 1789 1519 1822 ob-

813 1836 924 1868 ducta
936 1835 1123 1868 videretur
1137 1833 1284 1878 quique,
1306 1837 1521 1878 ‘postquam

812 1880 992 1913 bellatum
1016 1879 1116 1922 apud
1133 1879 1282 1912 Actium
1306 1882 1418 1922 atque
1445 1889 1517 1911 om-

812 1935 896 1958 nem
920 1921 1125 1968 potentiam
1149 1923 1196 1957 ad
1220 1934 1332 1956 unum
1359 1922 1519 1956 conferri

813 1969 916 2012 pacis
947 1967 1144 2011 interfuit,'
1184 1970 1306 2001 ‘ruere
1337 1967 1374 2000 in
1407 1967 1520 2001 servi-

813 2013 925 2047 tium.'
972 2013 1108 2047 desunt
1138 2012 1286 2058 quidem
1316 2011 1426 2046 nobis
1453 2023 1519 2046 eae

814 2057 936 2102 operis
971 2056 1151 2091 Livianae
1195 2061 1340 2101 partes,
1385 2056 1519 2102 quibus

813 2113 900 2136 suae
931 2102 1067 2136 aetatis
1099 2113 1143 2135 ac
1173 2101 1338 2145 proxime
1368 2112 1519 2146 praece-

813 2147 933 2181 dentis
948 2158 1007 2181 res
1022 2150 1215 2180 enarratae
1231 2150 1351 2180 erant:
1371 2150 1410 2180 at
1423 2157 1518 2190 quae

812 2192 857 2227 de
870 2192 920 2225 M.
936 2190 1076 2226 Catone
1093 2190 1335 2235 Uticensi,²1³
1363 2202 1457 2236 quae
1473 2191 1518 2225 de

845 2306 893 2330 ‘209
918 2305 1004 2329 veluti
1030 2306 1141 2336 praeter
1165 2305 1194 2330 11.
1220 2305 1307 2336 praef.
1328 2305 1517 2329 cummaxime

811 2339 839 2363 11.
860 2339 922 2366 VII.
937 2341 977 2366 25,
992 2340 1007 2363 9
1021 2340 1109 2370 deque
1122 2339 1205 2364 rebus
1219 2339 1339 2364 scenicis
1353 2339 1420 2364 ibid.
1435 2341 1459 2369 2,
1474 2341 1516 2364 13.

845 2374 894 2397 *210
912 2373 1012 2399 XXVI.
1028 2374 1069 2401 ’2-2,
1085 2374 1127 2397 14.

845 2408 891 2430 211
913 2407 978 2430 Tac.
993 2407 1027 2430 ab
1041 2413 1103 2430 cxc.
1118 2406 1144 2430 d.
1159 2406 1233 2437 Aug.
1248 2407 1311 2435 1111,
1327 2407 1368 2431 34.

844 2441 892 2464 *21⁴2
912 2440 978 2464 ibid.
994 2440 1028 2464 cf.
1044 2447 1071 2470 p.
1086 2440 1162 2465 vin.

844 2474 892 2497 213
912 2480 957 2504 ap.
976 2473 1094 2497 Hieron.
1114 2473 1184 2504 prol.
1205 2473 1253 2497 lib.
1274 2473 1310 2497 II.
1337 2474 1364 2498 in
1382 2474 1514 2500 Hoseam.

810 2507 872 2530 Liv.
887 2507 920 2531 fr.
940 2514 966 2537 p.
981 2508 1030 2531 806
1044 2507 1123 2536 Drb.,
1144 2507 1176 2531 fr.
1191 2508 1223 2531 45
1243 2514 1269 2538 p.
1284 2507 1337 2531 ΧΠ
1351 2515 1391 2537 sq.
1411 2507 1515 2532 Wssb.:

811 2541 900 2565 ‘cuius
920 2539 1059 2571 (Catonis)
1078 2540 1184 2571 gloriae
1202 2547 1292 2571 neque
1312 2542 1417 2571 profuit
1441 2543 1516 2572 quis-

809 2580 892 2604 quam
916 2574 1054 2598 laudando
1079 2580 1131 2598 ncc
1161 2575 1345 2604 vituperando
1370 2575 1515 2605 quisquam

809 2608 920 2636 nocuit,
953 2614 1015 2631 cum
1034 2610 1182 2638 utrumque
1201 2608 1318 2632 summis
1336 2609 1454 2639 praediti
1475 2610 1516 2633 sc-

809 2641 899 2665 ccrint
922 2641 1053 2671 ingeniis.
1091 2641 1232 2671 significat
1255 2643 1350 2666 autem
1373 2641 1410 2666 M.
1433 2641 1515 2667 Cice-

808 2681 904 2698 ronem
929 2677 957 2698 et
976 2674 1009 2698 C.
1031 2674 1195 2705 Caesarem,
1221 2681 1337 2705 quorum
1362 2676 1434 2700 alter
1455 2677 1514 2700 'iau-

809 2707 866 2746 dcs,
888 2708 958 2732 niter
976 2708 1198 2740 vituperationes
1217 2715 1300 2740 supra
1319 2709 1386 2734 dicti
1404 2710 1516 2741 scripsit

809 2741 880 2765 viri!
