1780 3204
432 273 587 308 LissER
611 274 666 318 11,
691 274 745 307 49.
766 273 820 307 50.
849 275 896 316 [a.
911 271 949 306 e.
963 272 1040 306 479.
1053 272 1135 315 478]
1385 262 1462 302 111

107 379 358 434 quibuslibet
383 377 637 432 temporibus
666 383 852 425 senatus,
884 376 1016 425 ibant,
1050 375 1171 416 unius
1202 374 1382 416 familiae
1407 375 1467 415 vi-

108 443 219 484 ribus
241 441 407 483 Veienti
424 440 577 495 populo
595 446 755 494 pestem
774 439 1022 479 minitantes.
1068 437 1316 491 sequebatur
1334 437 1465 487 turba,

107 504 271 559 propria
296 503 375 544 alia.
399 509 668 557 cognatorum
694 501 996 554 sodaliumque,
1029 500 1130 540 nihil
1154 500 1354 549 medium,
1392 515 1468 540 1100

109 581 223 621 spem
254 579 330 606 nee
361 580 518 612 curam,
557 564 630 604 sed
654 563 842 603 inmensa
873 563 1010 603 01111113
1039 562 1291 603 volventium
1317 562 1465 612 animo,

108 630 187 669 alia
217 627 383 683 publica
413 626 686 668 sollicitudine
718 626 912 674 excitata,
950 626 1091 666 favore
1128 631 1168 665 et
1198 624 1465 666 admiratione

108 698 290 745 stupens.
345 689 404 729 ire
434 688 580 737 fortes,
618 688 676 728 ire
712 687 854 728 felices
890 686 1051 736 iubent,
1088 687 1262 741 inceptis
1294 693 1464 727 eventus

107 767 226 807 pares
250 751 440 800 10(1(1010;
467 749 704 790 consulatus
730 749 825 789 inde
851 763 899 789 30
923 748 1166 803 triumphos,
1193 749 1330 789 01111113
1348 763 1466 802 prae—

1493 453 1511 481 ἴ)

108 815 190 854 11113
215 813 266 854 ab
293 827 349 862 se,
377 826 518 853 omncs
544 811 720 852 honores
747 826 922 865 sperare.
965 810 1319 864 praetereuntibus
1342 810 1467 864 Capi-
1495 825 1508 851 ,-

107 876 249 917 tolium
280 888 498 927 arcemque
523 880 562 914 et
587 873 666 914 alia
691 873 842 927 templa
851 904 862 922 ,
900 873 1101 926 quidquid
1125 873 1295 914 deorum
1321 873 1464 922 oculis,

107 937 308 990 quidquid
331 936 467 976 animo
499 936 691 984 occurrit,
723 942 959 989 precantur,
991 942 1034 975 ut
1066 935 1167 975 illud
1197 950 1347 990 agmen
1376 935 1467 975 fau-

109 1011 216 1039 stum
243 1006 363 1051 atque
388 998 489 1038 felix
512 997 687 1046 mittant,
715 997 890 1051 sospites
917 997 1031 1038 brevi
1055 997 1098 1037 in
1120 998 1296 1051 patriam
1321 997 1373 1038 ad
1392 1012 1465 1051 pa-

107 1068 242 1102 rentes
278 1061 506 1102 restituant.
560 1060 772 1100 incassum
806 1060 958 1100 missae
993 1075 1150 1114 preces.
1199 1060 1354 1100 infelici
1383 1060 1462 1107 via,

106 1124 249 1164 dextro
273 1123 376 1163 Iano
405 1129 547 1176 portae
579 1121 872 1170 Carmentalis,
909 1122 1101 1175 profecti,
1140 1121 1193 1161 ad
1225 1120 1463 1161 Cremeram

106 1185 258 1224 flumen
281 1184 536 1238 perveniunt.
574 1184 609 1224 is
629 1190 856 1237 oportunus
877 1183 991 1224 visus
1011 1183 1126 1224 locus
1148 1182 1464 1223 communiendo

105 1245 320 1299 praesidio.

187 1307 241 1347 L.
272 1306 479 1347 Aemilius
512 1306 607 1347 inde
643 1312 684 1347 et
716 1305 765 1347 C.
800 1304 1001 1348 Servilius
1034 1306 1224 1347 consules
1257 1306 1367 1347 faeti.
1424 1314 1463 1347 et
1491 1322 1500 1349 1

103 1369 233 1409 donec
257 1368 359 1408 nihil
384 1368 495 1409 aliud
519 1382 643 1421 quam
668 1368 710 1408 in
734 1368 1069 1422 populationibus
1094 1383 1160 1410 res
1187 1368 1276 1418 fuit,
1303 1383 1387 1409 non
1411 1369 1463 1409 ad

102 1430 350 1484 praesidium
376 1430 499 1471 modo
525 1431 742 1471 tutandum
765 1430 887 1471 Fabii
913 1431 1012 1471 satis
1039 1437 1166 1480 erant,
1195 1431 1268 1472 sed
1293 1438 1378 1472 1013
1401 1445 1465 1471 10-

102 1493 235 1547 gionc,
262 1506 344 1545 qua
369 1492 533 1534 Tuscus
559 1508 658 1548 ager
682 1492 871 1534 Romano
897 1493 1073 1542 adiacet,
1100 1508 1176 1534 sua
1200 1499 1289 1534 tuta
1313 1493 1462 1543 onmia,

103 1555 252 1596 infesta
270 1555 464 1604 hostium,
490 1562 690 1610 vagantes
708 1570 782 1610 per
806 1562 1026 1609 utrumque
1052 1556 1189 1605 finem,
1216 1556 1363 1596 fecere.
1401 1556 1463 1596 in-

104 1617 320 1658 tervallum
344 1618 492 1658 deinde
516 1618 628 1658 haud
651 1633 849 1672 magnum
874 1617 1208 1672 populationibus
1235 1618 1330 1667 fuit,
1364 1618 1463 1658 dum

104 1687 143 1720 et
156 1679 352 1721 Veientes
372 1680 503 1721 300110
523 1695 575 1721 ex
587 1680 755 1721 Etruria
774 1681 956 1722 exercitu
974 1681 1225 1735 praesidium
1242 1680 1462 1722 Cremerae

105 1747 346 1795 oppugnant
370 1748 410 1781 et
433 1741 591 1782 Romae
616 1742 814 1796 legiones,
841 1742 892 1783 ab
917 1742 971 1783 L.
992 1741 1172 1783 Aemilio
1199 1742 1366 1782 consule
1392 1742 1464 1782 ad-

106 1803 265 1851 ductae,
292 1803 521 1844 comminus
541 1818 634 1843 eum
648 1803 837 1844 Etruscis
858 1804 1055 1844 dimicant
1073 1804 1173 1843 acie.
1211 1817 1463 1856 quamquam

106 1865 175 1904 rix
204 1864 407 1919 dirigendi
437 1865 567 1905 aciem
598 1865 776 1919 spatium
807 1865 1053 1907 Veientibus
1084 1865 1181 1906 fuit:
1219 1866 1322 1906 adeo
1356 1866 1462 1906 inter

107 1926 282 1980 primam
314 1926 644 1980 trepidationem,
683 1927 781 1967 dum
806 1934 900 1981 post
925 1927 1046 1982 signa
1069 1927 1232 1968 ordines
1257 1927 1464 1969 introeunt

107 1988 372 2042 subsidiaque
396 1989 544 2038 locant,
569 1989 731 2030 invecta
757 1990 892 2031 subito
917 1989 968 2030 ab
992 1989 1118 2030 latere
1135 1989 1326 2031 Romana
1350 1991 1464 2043 equi-

1491 1571 1531 1599 1«)

1491 1880 1525 1907 11

106 2065 192 2091 tum
223 2051 288 2091 ala
316 2066 399 2091 non
428 2066 594 2106 pugnae
630 2052 753 2092 modo
788 2052 1063 2106 incipiendae,
1102 2052 1176 2093 sed
1211 2052 1462 2094 consistendi
1506 2089 1509 2093 .

105 2112 258 2153 ademit
280 2112 429 2153 locum.
477 2114 535 2154 ita
558 2113 642 2154 fusi
667 2121 774 2154 retro
805 2114 858 2154 ad
889 2129 990 2155 saxa
1013 2113 1137 2155 rubra
1161 2139 1215 2144 —
1240 2114 1298 2155 ibi
1327 2121 1461 2155 eastra

105 2174 312 2215 habebant
341 2200 396 2204 —-
424 2189 571 2229 pacem
609 2175 815 2230 supplices
852 2182 1007 2230 petunt.
1068 2176 1184 2217 cuius
1220 2176 1461 2230 impetratae

106 2235 157 2276 ab
186 2236 310 2277 insita
340 2236 488 2278 animis
518 2237 684 2277 levitate
715 2243 809 2278 ante
840 2238 1062 2279 deductum
1089 2236 1285 2279 Cremera
1307 2237 1462 2279 Rorna-

105 2312 203 2337 num
226 2298 478 2351 praesidium
501 2298 712 2352 paenituit.

188 2358 242 2398 L.
290 2358 451 2400 Rursus
484 2374 578 2401 cum
600 2360 742 2401 Fabiis
774 2368 860 2402 erat
884 2361 1049 2402 Veienti
1078 2362 1231 2416 populo
1258 2362 1345 2403 sine
1375 2361 1459 2403 ullo

106 2419 270 2460 maioris
288 2420 386 2461 belli
404 2428 603 2476 apparatu
622 2429 827 2463 certamen
845 2437 921 2464 nec
937 2430 1050 2464 erant
1069 2424 1322 2465 incursiones
1336 2424 1459 2465 modo

105 2481 147 2521 111
170 2496 292 2537 agros
318 2489 388 2523 aut
413 2484 536 2525 subiti
560 2484 737 2538 impetus
761 2485 804 2525 in
827 2485 1095 2536 incursantes,
1123 2486 1197 2527 sed
1215 2486 1458 2540 aliquotiens

105 2557 234 2596 aequo
255 2558 400 2599 campo
421 2545 677 2599 conlatisque
699 2547 827 2601 signis
854 2553 1053 2588 certatum
1077 2562 1261 2603 gensque
1286 2563 1368 2588 una
1386 2563 1459 2603 po-

104 2605 190 2658 puli
218 2605 396 2647 Romani
428 2622 551 2661 saepe
583 2622 634 2648 ex
665 2609 996 2662 opulentissima,
1034 2616 1080 2649 ut
1109 2616 1196 2650 tum
1230 2625 1297 2651 res
1329 2618 1454 2659 erant,

104 2665 281 2708 Etrusca
306 2668 469 2709 civitate
499 2669 711 2710 victoriam
743 2670 845 2711 tulit.
894 2671 936 2711 id
965 2671 1098 2725 primo
1129 2671 1322 2712 acerbum
1352 2672 1457 2712 indi-

102 2742 310 2783 gnumque
325 2729 568 2773 Veientibus
583 2738 645 2773 est
657 2732 804 2782 visum,
831 2732 924 2774 inde
944 2733 1160 2774 consilium
1180 2748 1232 2775 ex
1250 2749 1292 2776 re
1312 2741 1454 2776 natum

1490 2127 1527 2155 12

1490 2377 1500 2404 l

1484 2561 1501 2590 2

1482 2685 1499 2714 3
