1780 3204
426 264 578 299 LIBER
599 264 653 307 ΙΙ,
682 264 732 297 10.
755 264 809 298 11.
842 265 890 307 [a.
909 262 946 297 C.
961 263 1037 297 509.
1057 262 1139 306 508]
1408 253 1460 293 73

106 373 247 414 hostes
275 370 444 411 vidisset
468 368 750 423 trepidamque
776 366 938 407 turbam
958 381 1124 406 suorum
1143 381 1256 406 arma
1280 365 1462 405 ordines-

107 449 186 488 que
200 432 440 485 relinquere,
466 429 763 484 reprehensans
779 428 976 483 singulos,
1003 427 1209 468 obsistens
1233 426 1462 467 obtestans-

107 510 187 549 que
213 494 336 534 deum
361 499 401 533 et
430 491 644 533 hominum
673 491 797 531 fidem
827 489 1072 537 testabatur,
1114 489 1363 542 nequiquam
1393 488 1463 528 de·
1487 503 1506 529 4

109 564 216 597 serto
246 553 452 609 praesidio
483 567 553 594 eos
585 552 748 607 fugere;
788 551 823 591 si
854 551 1071 592 transitum
1101 557 1269 604 pontem
1294 565 1317 590 a
1347 557 1462 604 tergo

107 617 386 671 reliquissent,
436 615 519 655 iam
553 614 647 668 plus
683 613 865 654 hostium
900 613 942 652 in
978 612 1138 653 Palatio
1177 611 1462 666 Capitolioque

108 694 233 733 quam
257 679 299 718 in
317 677 502 718 Ianiculo
527 676 626 717 fore.
664 676 802 729 itaque
812 687 998 723 monere,
1024 674 1272 728 praedicere,
1298 680 1343 714 ut
1361 688 1463 728 pon-

109 750 191 781 tem
215 740 341 788 ferro,
372 739 476 794 igni,
507 751 766 791 quacumque
791 737 831 777 vi
855 737 1033 791 possint,
1065 736 1381 790 interrumpant3
1419 749 1462 775 se

108 804 307 857 impetum
342 800 543 849 hostium,
580 806 778 852 quantum
815 812 983 852 corpore
1014 812 1096 838 uno
1127 804 1269 852 posset
1305 796 1460 845 obsisti,

109 870 387 918 excepturum.
424 862 536 903 vadit
559 861 653 901 inde
677 861 721 901 in
743 860 921 914 primum
941 860 1097 900 aditum
1115 859 1250 913 pontis
1269 858 1463 912 insignis·
1489 873 1508 900 ῐ)

109 940 187 979 que
206 926 311 965 inter
329 930 548 978 conspecta
567 922 797 964 cedentium
811 936 975 976 pugnae
994 928 1123 975 terga,
1151 920 1335 961 obversis
1352 934 1462 960 com-

109 988 244 1028 minus
270 987 324 1027 ad
348 986 573 1027 ineundum
596 984 797 1039 proelium
822 984 964 1032 armis,
997 983 1088 1037 ipso
1113 982 1310 1023 miraculo
1336 982 1463 1022 auda-

110 1049 195 1090 ciae
225 1047 498 1102 obstupefecit
527 1047 671 1088 hostis.
721 1046 824 1087 duos
862 1053 1000 1086 tamen
1032 1060 1126 1086 cum
1163 1060 1211 1086 eo
1241 1045 1374 1099 pudor
1404 1052 1463 1085 te-
1489 1058 1506 1086 ⁴3

108 1111 208 1159 nuit,
243 1109 316 1165 Sp.
330 1110 527 1151 Larcium
553 1124 600 1150 ac
626 1109 674 1149 T.
696 1108 972 1157 Herminium,
999 1107 1141 1148 ambos
1162 1107 1291 1147 claros
1313 1121 1462 1161 genere

108 1172 321 1225 factisque.
359 1186 453 1212 cum
477 1171 541 1211 his
567 1170 739 1224 primam
763 1169 935 1223 periculi
957 1168 1181 1223 procellam
1205 1174 1245 1209 et
1270 1168 1381 1221 quod
1401 1175 1464 1208 tu-
1491 1183 1506 1211 7

107 1233 476 1274 multuosissimum
505 1246 670 1286 pugnae
703 1239 789 1272 erat
811 1245 1032 1285 parumper
1057 1230 1261 1271 sustinuit.
1315 1230 1462 1270 deinde

107 1309 176 1334 eos
203 1309 364 1347 quoque
388 1294 520 1348 ipsos,
559 1293 709 1348 exigua
733 1300 847 1347 parte
872 1293 1008 1347 pontis
1039 1291 1198 1341 relicta,
1235 1291 1463 1332 revocanti-

106 1355 183 1396 bus
209 1355 279 1408 qui
302 1355 608 1404 rescindebant,
646 1355 791 1395 cedere
821 1354 863 1394 in
894 1361 1027 1394 tutum
1051 1353 1198 1408 coegit.
1247 1352 1463 1394 circumfe-
1487 1366 1506 1395 8

108 1431 201 1458 rens
226 1416 320 1457 inde
347 1416 471 1457 trucis
496 1416 710 1457 minaciter
734 1415 875 1457 oculos
901 1415 953 1456 ad
972 1429 1162 1470 proceres
1176 1414 1461 1463 Etruscorum,

105 1493 213 1519 nunc
239 1478 423 1533 singulos
448 1492 689 1532 provocare,
726 1492 834 1518 nunc
858 1477 1068 1531 increpare
1094 1491 1257 1526 omnes,
1296 1476 1462 1517 servitia

108 1555 253 1596 regum
295 1540 582 1594 superborum,
627 1554 724 1581 suae
766 1539 965 1581 libertatis
1002 1540 1249 1580 inmemores
1286 1539 1462 1580 alienam

106 1608 389 1657 oppugnatum
412 1602 564 1642 venire.
613 1601 792 1642 cunctati
816 1601 1068 1654 aliquamdiu
1094 1608 1207 1650 sunt,
1234 1601 1332 1641 dum
1357 1600 1461 1641 alius
1488 1613 1505 1641 a

106 1663 243 1712 alium,
269 1670 312 1703 ut
325 1662 526 1717 proelium
538 1663 747 1717 incipiant,
774 1662 1129 1717 circumspectant.
1159 1662 1294 1717 pudor
1313 1662 1460 1702 deinde

107 1724 328 1764 commovit
358 1724 488 1764 aciem
518 1731 558 1764 et
615 1724 792 1765 clamore
825 1724 986 1765 sublato
1017 1724 1200 1777 undique
1255 1724 1298 1763 in
1333 1738 1460 1763 unum

107 1787 268 1827 hostem
293 1786 373 1827 tela
397 1787 612 1827 coniciunt.
661 1801 767 1839 quae
792 1801 886 1827 cum
910 1786 951 1826 in
976 1785 1136 1826 obiecto
1168 1792 1316 1825 cuncta
1346 1791 1462 1825 scuto
1492 1800 1529 1826 ιι»

107 1848 337 1888 haesissent
360 1862 493 1900 neque
517 1848 584 1888 ille
609 1848 744 1888 minus
771 1847 1000 1888 obstinatus
1025 1847 1182 1901 ingenti
1199 1852 1365 1900 pontem
1391 1845 1463 1886 ob-

109 1909 253 1949 tineret
289 1909 439 1963 gradu,
476 1909 559 1949 iam
588 1909 745 1962 impetu
780 1908 1033 1949 conabantur
1068 1908 1284 1948 detrudere
1314 1907 1460 1955 virum,

109 1985 204 2010 cum
229 1970 351 2010 simul
374 1970 514 2024 fragor
537 1970 646 2024 rupti
670 1970 805 2024 pontis
832 1969 954 2010 simul
985 1969 1139 2009 clamor
1163 1969 1459 2017 Romanorum,
1516 2002 1519 2006 .

109 2031 315 2072 alacritate
339 2032 511 2086 perfecti
535 2032 669 2085 operis
695 2030 900 2080 sublatus,
925 2045 1077 2084 pavore
1103 2030 1238 2071 subito
1261 2030 1461 2084 impetum

111 2094 314 2133 sustinuit.
371 2100 458 2134 tum
484 2092 632 2134 Cocles
659 2092 871 2133 ‘Tiberine
900 2092 1040 2146 pater,’
1070 2092 1202 2145 inquit
1233 2095 1290 2132 ‘te
1322 2099 1460 2133 sancte
1490 2107 1525 2135 11

109 2170 270 2210 precor,
306 2155 409 2196 haec
433 2170 547 2195 arma
571 2161 610 2195 et
634 2154 742 2194 hunc
767 2154 939 2194 militem
963 2154 1138 2208 propitio
1152 2153 1330 2211 'flumine
1355 2154 1460 2195 acci-

109 2216 235 2271 piasl'
282 2217 339 2257 ita
369 2217 428 2257 sic
457 2223 638 2257 armatus
669 2216 712 2256 in
737 2215 921 2256 Tiberim
951 2215 1117 2256 desiluit
1147 2214 1368 2268 multisque
1394 2230 1462 2256 su-

110 2278 454 2332 perincidentibus
474 2278 564 2318 telis
584 2278 800 2318 incolumis
821 2277 873 2317 ad
893 2292 988 2318 suos
1010 2277 1196 2325 tranavit,
1223 2291 1309 2316 rem
1335 2291 1460 2317 ausus

111 2340 202 2394 plus
227 2339 362 2380 famae
387 2340 618 2380 habituram
644 2340 696 2380 ad
720 2346 905 2393 posteros
931 2354 1052 2392 quam
1078 2338 1186 2378 fidei.
1228 2344 1346 2392 grata
1364 2353 1462 2393 erga
1489 2354 1526 2381 12

112 2408 265 2441 tantam
290 2401 480 2441 virtutem
505 2401 648 2441 civitas
674 2400 768 2441 fuit:
795 2407 929 2441 statua
952 2401 994 2440 in
1019 2400 1182 2440 comitio
1200 2400 1346 2454 posita,
1373 2401 1461 2455 agri

111 2470 309 2516 quantum
333 2477 416 2504 uno
441 2463 506 2503 die
531 2462 814 2503 circumaravit
839 2462 992 2502 datum.
1028 2462 1187 2516 privata
1211 2476 1373 2515 quoque
1398 2462 1459 2502 in-
1487 2476 1525 2504 13

112 2533 172 2565 ter
205 2524 392 2579 publicos
428 2525 603 2565 honores
642 2524 777 2565 studia
811 2523 1061 2564 eminebant:
1105 2538 1200 2564 nam
1235 2524 1277 2563 in
1310 2538 1461 2578 magna

111 2588 248 2642 inopia
271 2602 344 2641 pro
369 2587 604 2628 domesticis
630 2586 758 2640 copiis
783 2586 1066 2639 unusquisque
1092 2585 1129 2626 ei
1153 2585 1324 2638 aliquid,
1350 2585 1460 2626 frau-

111 2649 212 2690 dans
239 2664 282 2690 se
307 2649 396 2704 ipse
420 2650 532 2690 victu
558 2664 645 2698 suo,
673 2647 851 2689 contulit.

193 2711 276 2752 XI.
325 2712 499 2753 Porsina
523 2712 655 2766 primo
681 2717 827 2752 conatu
852 2709 1058 2764 repulsus,
1098 2709 1276 2750 consiliis
1308 2708 1359 2750 ab
1390 2724 1461 2763 op·
1490 2724 1501 2751 ι
