1780 3204
431 263 585 298 LIBER
609 263 685 309 111,
711 263 856 298 29-31.
883 266 932 307 [a.
949 262 1197 308 e.458-455]
1416 256 1496 296 153

222 369 369 422 Lupos
395 368 505 408 visos
531 367 573 407 in
594 366 799 422 Capitolio
825 367 961 407 ferunt
985 382 1010 407 a
1034 367 1206 409 canibus
1231 367 1417 423 fugatos,
1444 368 1496 409 ob

138 431 181 472 id
210 430 446 485 prodigium
475 429 694 470 lustratum
727 429 978 484 Capitolium
1015 443 1119 470 esse.
1168 430 1270 471 haec
1307 445 1354 471 eo
1391 446 1497 471 anno

139 502 270 549 gesta.

221 554 380 596 XXX.
425 553 630 596 Secuntur
654 555 843 596 consules
870 553 1050 607 Quintus
1076 554 1308 606 Minucius,
1337 555 1386 597 C.
1406 555 1497 597 Ho-

138 617 265 658 ratius
290 617 508 657 Pulvillus.
558 617 673 658 cuius
704 617 819 658 initio
851 618 946 658 anni
977 632 1070 658 cum
1096 617 1195 658 foris
1222 618 1348 658 otium
1375 625 1497 668 esset,

139 679 250 720 domi
271 679 491 719 seditiones
511 678 620 718 idem
640 678 809 727 tribuni,
837 679 981 719 eadem
998 678 1066 719 lex
1085 678 1280 729 faciebat,
1308 679 1497 721 ulterius-

138 755 218 793 que
250 747 417 780 ventum
441 740 547 781 foret
571 765 626 769 —
651 741 754 781 adeo
779 747 1017 781 exarserant
1041 741 1188 781 animis
1214 766 1287 791 —,
1318 742 1362 782 ni
1386 742 1496 782 velut

137 801 276 842 dedita
294 816 419 856 opera
437 808 636 842 nocturno
655 802 812 856 impetu
825 802 1068 856 Aequorum
1079 801 1283 844 Corbione
1298 803 1496 844 amissum

136 864 387 918 praesidium
412 864 642 904 nuntiatum
663 870 782 904 esset.
823 871 1012 904 senatum
1032 865 1222 905 consules
1242 871 1389 906 vocant
1398 882 1408 914 3
1433 866 1496 906 iu-

137 923 286 965 bentur
322 925 562 966 subitarium
600 925 777 966 scribere
814 925 1037 966 exercitum
1069 933 1191 979 atque
1221 927 1264 967 in
1294 926 1495 982 Algidum

137 986 298 1027 ducere.
346 987 441 1027 inde
483 987 618 1041 posito
632 987 736 1042 legis
757 988 977 1028 certamine
1022 1002 1130 1028 nova
1148 988 1198 1028 de
1223 988 1375 1029 dilectu
1400 1003 1496 1029 con-

137 1048 263 1089 tentio
295 1055 400 1097 orta,
437 1048 758 1102 vincebaturque
790 1050 1004 1090 consulare
1034 1050 1252 1103 imperium
1278 1050 1495 1091 tribunicio

136 1110 300 1159 auxiiio,
328 1125 420 1150 cum
440 1110 543 1150 alius
563 1111 726 1151 additur
744 1116 884 1159 terror,
913 1110 1115 1152 Sabinum
1136 1112 1359 1151 exercitum
1378 1126 1496 1165 prae-

135 1171 276 1212 datum
301 1172 564 1212 descendisse
588 1172 631 1212 in
655 1187 776 1226 agros
801 1172 1032 1220 Romanos,
1058 1172 1153 1212 inde
1179 1173 1231 1212 ad
1256 1172 1399 1213 urbem
1426 1188 1496 1213 vc-

135 1233 234 1273 nire.
276 1233 310 1273 is
336 1238 468 1273 metus
493 1233 683 1286 perculit,
711 1240 755 1273 ut
780 1232 903 1273 scribi
927 1233 1098 1273 militem
1123 1233 1275 1274 tribuni
1302 1234 1492 1284 sinerent,

135 1310 216 1335 non
242 1294 329 1334 sine
352 1294 542 1348 pactione
568 1301 722 1343 tamen,
749 1301 811 1343 ut,
844 1294 1038 1347 quonjam
1063 1295 1143 1349 ipsi
1168 1296 1494 1349 quinquennium

134 1356 237 1396 elusi
267 1362 405 1397 essent
433 1371 689 1410 parvumque
714 1356 756 1396 id
779 1356 890 1411 plebi
915 1357 1166 1411 praesidium
1192 1358 1316 1408 foret,
1349 1359 1493 1399 decem

133 1418 278 1458 deinde
304 1417 455 1459 tribuni
479 1418 611 1472 plebis
638 1425 882 1460 crearentur.
933 1420 1135 1474 expressit
1161 1420 1239 1464 hoc
1264 1421 1489 1462 necessitas

130 1479 327 1534 patribus.
375 1480 418 1520 id
447 1480 570 1521 modo
603 1495 818 1535 excepere,
856 1495 908 1522 ne
937 1488 1083 1535 postea
1113 1483 1280 1523 eosdem
1306 1483 1491 1524 tribunos

131 1542 325 1582 viderent.
369 1542 586 1584 tribunicia
610 1544 792 1592 comitia,
818 1559 869 1584 ne
895 1543 937 1584 id
962 1559 1125 1597 quoque
1150 1552 1245 1599 post
1269 1545 1423 1586 bellum
1448 1553 1492 1586 ut

131 1610 265 1644 cetera
284 1619 437 1645 vanum
456 1612 576 1654 esset,
604 1603 809 1660 extemplo
829 1605 980 1646 habita.
1019 1607 1225 1648 tricesimo
1246 1615 1363 1648 sexto
1383 1623 1490 1649 anno
1521 1635 1529 1649 ι

131 1680 155 1705 a
177 1666 318 1720 primis
344 1666 496 1707 tribuni
520 1667 652 1721 plebis
679 1668 821 1708 decem
848 1668 972 1708 creati
998 1675 1110 1718 sunt,
1137 1669 1222 1710 bini
1247 1684 1298 1710 ex
1318 1670 1490 1724 singulis

131 1726 350 1776 classibus,
376 1727 514 1780 itaque
540 1736 706 1769 cautum
732 1735 794 1770 est
818 1736 863 1770 ut
886 1736 1031 1784 postea
1056 1737 1301 1771 crearentur.

214 1786 383 1828 Dilectu
419 1790 566 1830 deinde
597 1790 736 1831 habito
767 1791 979 1832 Minucius
1012 1799 1153 1833 contra
1187 1791 1366 1834 Sabinos
1397 1808 1491 1847 pro-

133 1847 264 1889 fectus
301 1864 383 1891 non
417 1850 573 1891 invenit
608 1851 782 1892 hostem.
842 1853 1062 1902 Horatius,
1100 1868 1195 1894 cum
1224 1854 1308 1894 iam
1356 1854 1495 1908 Aequi

134 1909 339 1951 Corbione
369 1911 582 1953 interfecto
611 1913 816 1967 praesidio
877 1913 1080 1955 Ortonam
1111 1916 1233 1956 etiam
1271 1917 1488 1971 cepissent,

131 1972 173 2011 in
197 1971 352 2027 Algido
377 1980 553 2028 pugnat,
585 1975 736 2016 multos
762 1976 945 2016 mortalis
977 1977 1142 2027 occidit,
1180 1977 1299 2033 fugat
1328 1978 1490 2020 hostem

131 2048 214 2073 non
245 2048 297 2074 ex
320 2033 476 2089 Algido
507 2036 647 2085 modo,
681 2037 754 2077 sed
784 2053 808 2078 a
835 2037 1040 2079 Corbione
1068 2038 1323 2094 Ortonaque.
1385 2041 1489 2083 Cor-

132 2095 296 2136 bionem
321 2096 443 2136 etiam
469 2097 592 2137 diruit
615 2105 782 2153 propter
805 2100 1011 2153 proditum
1036 2101 1299 2155 praesidium.

215 2157 397 2198 XXXI.
439 2158 604 2199 Deinde
629 2159 690 2200 M.
711 2159 922 2211 Valerius,
951 2161 1024 2217 Sp.
1046 2162 1269 2218 Verginius
1297 2166 1490 2206 consules

132 2219 241 2260 facti.
291 2220 402 2261 domi
426 2220 608 2274 forisque
633 2222 761 2263 otium
785 2223 862 2264 fuit
871 2240 882 2274 3
909 2239 1072 2265 annona
1095 2232 1263 2280 propter
1287 2241 1487 2280 aquarum

131 2281 412 2335 intemperiem
442 2282 673 2324 laboratum
698 2291 772 2325 est.
821 2285 872 2326 de
896 2285 1108 2328 Aventino
1132 2287 1381 2342 publicando
1405 2289 1488 2330 lata

131 2342 198 2382 lex
225 2350 304 2391 est,
331 2343 484 2384 tribuni
507 2344 639 2399 plebis
664 2346 774 2387 idem
799 2347 954 2388 refecti.

216 2404 275 2445 Hi
302 2412 497 2458 sequente
523 2422 630 2448 anno
676 2408 726 2449 Τ.
745 2409 943 2459 Romilio,
972 2409 1020 2451 C.
1042 2410 1213 2453 Veturio
1252 2413 1489 2455 consulibus

130 2468 265 2522 legem
292 2468 485 2510 ‘omnibus
511 2470 768 2512 contionibus
794 2472 880 2513 suis
906 2473 1131 2514 celebrant:
1162 2475 1316 2529 pudere
1343 2489 1386 2515 se
1410 2491 1486 2515 nu-

130 2529 231 2569 meri
263 2530 326 2570 sui
355 2531 606 2584 nequiquam
634 2534 763 2582 aucti,
802 2534 837 2574 si
869 2549 917 2575 ea
946 2550 1010 2575 res
1043 2550 1172 2589 acque
1210 2552 1284 2577 suo
1320 2536 1484 2577 biennio

129 2590 279 2631 iaceret
315 2606 362 2632 ac
399 2598 483 2633 toto
521 2594 728 2647 superiore
764 2595 894 2636 lustro
924 2596 1131 2639 iacuisset.
1181 2612 1275 2638 cum
1305 2599 1483 2639 maxime

130 2651 230 2693 haec
255 2661 440 2708 agerent,
474 2655 621 2709 trepidi
645 2657 775 2696 nuntii
801 2657 852 2698 ab
879 2658 1062 2699 Tusculo
1092 2659 1279 2709 veniunt,
1311 2660 1482 2714 Aequos

129 2714 170 2754 in
195 2729 294 2769 agro
314 2715 550 2758 Tusculano
575 2732 678 2759 esse.
716 2718 813 2760 fecit
838 2721 1036 2775 pudorem
1061 2736 1203 2764 recens
1230 2724 1317 2764 eius
1341 2723 1482 2778 populi

1524 383 1540 411 9

1524 570 1537 598 1

1521 693 1540 722 ‘2

1521 1250 1539 1278 ζ)

1519 1435 1535 1464 6

1515 1804 1534 1835 8

1517 2180 1529 2208 l

1512 2427 1529 2455 [ὓ
