1835 3226
300 768 339 797 lt)

322 1264 340 1292 Na

364 214 448 254 474
679 218 831 252 LIBER
854 217 984 259 vnn,
1010 218 1063 251 30.
1077 217 1131 251 31.
1160 220 1207 261 [a.
1220 229 1255 252 u.
1270 230 1300 252 e.
1315 218 1396 262 443]

366 325 405 363 in
437 322 589 363 curiam
621 320 769 361 hortati
801 326 912 368 sunt,
945 320 1004 360 uti
1033 326 1333 361 reverterentur
1363 320 1563 371 Romam3
1604 335 1715 378 post-

364 400 487 438 quam
529 383 699 437 perpelli
739 381 982 435 nequibant,
1027 382 1196 423 consilio
1232 382 1343 422 haud
1385 382 1627 424 abhorrente
1664 385 1715 425 ab

366 445 540 501 ingeniis
571 444 784 485 hominum
816 458 885 484 eos
917 444 1225 499 adgrediuntur.
1279 444 1344 485 die
1374 444 1481 485 festo
1512 445 1580 485 alii
1616 446 1715 487 alios

363 522 436 562 per
461 506 640 561 speciem
665 506 1001 547 celebrandarum
1027 512 1148 546 cantu
1173 505 1384 560 epularum
1404 521 1529 547 causa
1546 506 1717 547 invitant

365 577 403 610 et
428 569 535 617 vino,
563 569 681 609 cuius
707 568 874 608 avidum
899 568 1028 609 ferme
1053 583 1184 623 genus
1211 574 1290 616 est,
1324 574 1512 609 oneratos
1539 569 1715 623 sopiunt,

364 638 486 685 atque
516 631 572 671 ita
602 630 645 671 in
673 630 857 685 plaustra
883 645 1027 671 somno
1053 631 1212 671 vinctos
1238 630 1443 671 coniciunt
1469 645 1516 672 ae
1541 630 1717 672 Romam

364 693 591 748 deportant.
641 707 716 733 nce
746 693 860 746 prius
893 707 1057 733 sensere
1088 707 1212 746 quam
1242 692 1435 746 plaustris
1466 693 1507 733 in
1537 692 1627 734 foro
1657 707 1718 733 re-

364 755 470 796 lictis
501 755 645 809 plenos
677 754 868 809 crapulae
899 769 969 795 eos
1000 754 1072 794 lux
1103 754 1318 808 oppressit.
1368 762 1465 795 tune
1495 769 1717 796 concursus

364 817 505 872 populi
536 816 687 866 factus,
721 816 1018 870 impetratoque
1050 823 1093 856 ut
1124 823 1352 865 manerent,
1385 817 1545 866 datum,
1577 823 1621 858 ut
1651 817 1719 857 tri-

365 880 493 919 duum
518 879 737 932 quotannis
764 879 895 919 ornati
926 894 1019 919 eum
1046 887 1169 919 cantu
1193 885 1316 932 atque
1347 879 1441 928 hae,
1475 895 1579 932 quae
1610 894 1718 920 nunc

365 941 575 982 sollemnis
602 947 680 990 est,
712 941 876 981 licentia
906 956 980 995 per
1009 940 1153 981 urbem
1179 937 1440 995 vagarentur,
1468 942 1720 982 restitutum-

365 1018 443 1057 que
468 1004 510 1044 in
530 1004 629 1044 aede
650 1003 844 1044 vescendi
868 1003 931 1044 ius
957 1003 1018 1051 iis,
1041 1003 1111 1057 qui
1137 1003 1262 1044 saeris
1287 1004 1580 1058 praecinerent.
1618 1003 1719 1045 haee

365 1066 468 1106 inter
492 1066 665 1106 duorum
690 1065 918 1120 ingentium
944 1065 1145 1108 bellorum
1171 1080 1311 1106 euram
1336 1065 1593 1120 gerebantur.

450 1128 628 1168 XXXI.
675 1127 879 1169 Consules
917 1128 1021 1168 inter
1053 1143 1096 1169 se
1127 1127 1359 1182 provincias
1395 1128 1557 1182 partiti:
1600 1128 1720 1169 Iunio

369 1188 596 1238 Samnites,
623 1189 802 1230 Aemilio
833 1204 986 1230 novum
1018 1189 1171 1230 bellum
1204 1189 1372 1230 Etruria
1403 1198 1509 1231 sorte
1541 1190 1718 1231 obvenit.

366 1251 406 1291 in
425 1250 594 1292 Samnio
610 1251 801 1293 Cluviani
827 1252 1079 1305 praesidium
1094 1252 1341 1301 Romanum,
1363 1252 1459 1305 quia
1483 1253 1721 1305 nequiverat

367 1315 408 1354 vi
434 1314 542 1370 capi,
570 1313 787 1354 obsessum
812 1314 923 1353 fame
948 1314 989 1353 in
1015 1314 1263 1354 deditionem
1291 1321 1531 1368 acceperant
1559 1314 1720 1355 Samni-

368 1382 441 1424 tes,
467 1375 789 1429 verberibusque
815 1375 982 1416 foedum
1008 1375 1049 1415 in
1069 1375 1237 1415 modum
1263 1375 1461 1415 laceratos
1488 1376 1717 1416 occiderant

369 1437 542 1478 deditos.
591 1437 686 1478 huic
711 1437 898 1478 infensus
931 1436 1159 1477 crudelitati
1187 1436 1347 1485 Iunius,
1379 1437 1478 1476 nihil
1511 1438 1719 1490 antiquius·

367 1499 672 1553 oppugnatione
700 1495 904 1539 Cluviana
928 1506 1053 1547 ratus,
1081 1513 1162 1551 quo
1187 1498 1252 1538 die
1278 1499 1498 1553 adgressus
1525 1506 1586 1539 cst
1610 1514 1722 1539 moc-

368 1561 452 1609 nia,
485 1560 526 1601 vi
551 1561 658 1614 cepit
682 1566 803 1614 atque
829 1575 971 1601 omnes
1001 1559 1178 1614 puberes
1210 1560 1424 1600 interfecit.
1472 1561 1567 1601 inde
1592 1561 1722 1601 victor

368 1622 569 1663 exereitus
600 1622 833 1663 Bovianum
871 1622 1032 1662 ductus.
1089 1628 1212 1675 caput
1247 1621 1325 1662 hoe
1361 1630 1445 1662 erat
1475 1621 1721 1663 Pentrorum

370 1683 617 1725 Samnitium
648 1684 770 1739 longe
797 1683 1044 1724 ditissimum
1070 1689 1191 1736 atque
1217 1682 1573 1736 opulentissimum
1598 1685 1721 1724 arinis

324 1759 341 1786 ἵ,
368 1746 560 1799 virisque.
608 1745 666 1787 ibi
690 1746 787 1799 quia
810 1746 922 1786 haud
946 1752 1105 1786 tantum
1130 1745 1281 1785 irarum
1307 1752 1411 1794 erat,
1445 1760 1517 1799 spe
1548 1746 1722 1799 praedae

331 2255 344 2282 ἶ

330 2503 347 2530 S

368 1809 516 1850 milites
548 1808 710 1849 accensi
741 1808 891 1862 oppido
923 1808 1143 1862 potiuntur.
1194 1807 1328 1847 minus
1359 1807 1497 1860 itaque
1523 1807 1723 1848 saevitum

369 1871 410 1910 in
435 1870 575 1911 hostes
601 1876 680 1919 est,
712 1870 888 1924 praedae
919 1869 1011 1924 plus
1037 1884 1168 1924 paene
1194 1884 1317 1922 quam
1343 1883 1393 1909 ex
1419 1869 1529 1909 omni
1557 1868 1724 1909 Samnio

370 1947 565 1986 umquam
591 1938 798 1987 egestum,
831 1931 1090 1986 benigneque
1122 1931 1254 1971 omnis
1287 1931 1404 1970 militi
1429 1945 1637 1971 concessa.
1686 1938 1726 1970 et

369 2002 588 2049 postquam
620 2001 929 2049 praepotentem
960 1994 1084 2034 armis
1116 1993 1351 2034 Romanum
1383 2008 1459 2033 nee
1489 1993 1597 2033 acies
1630 1991 1725 2033 sub-

372 2057 514 2097 sistere
540 2057 645 2097 ullae
670 2071 746 2097 nee
771 2063 905 2097 castra
929 2071 1004 2096 nee
1029 2055 1152 2096 urbes
1178 2061 1382 2109 poterant,
1410 2055 1591 2095 omnium
1616 2054 1726 2108 prin-

371 2119 509 2173 cipum
534 2120 575 2160 in
597 2118 768 2159 Samnio
793 2134 841 2160 eo
867 2133 988 2159 curae
1015 2126 1107 2159 sunt
1134 2118 1324 2167 intentae,
1351 2124 1395 2157 ut
1419 2117 1577 2166 insidiis
1603 2131 1726 2170 quac-

371 2188 526 2221 rcretur
549 2181 683 2229 loeus,
717 2181 751 2221 si
776 2195 855 2234 qua
881 2180 1043 2220 licentia
1074 2179 1310 2234 populando
1341 2180 1497 2219 effusus
1523 2177 1725 2219 exereitus

372 2243 504 2297 excipi
518 2257 565 2283 ae
579 2243 862 2283 circumveniri
881 2248 1032 2296 posset.
1071 2242 1310 2295 transfugae
1324 2247 1506 2295 agrestes
1522 2246 1560 2281 et
1576 2239 1726 2294 captivi

373 2305 551 2357 quidam,
572 2320 667 2359 pars
687 2304 791 2345 forte
809 2320 904 2359 pars
925 2304 1094 2345 consilio
1115 2303 1251 2352 oblati,
1274 2303 1541 2357 congruentia
1560 2303 1613 2343 ad
1632 2316 1727 2342 con-

374 2367 503 2407 sulein
529 2367 778 2416 adferentes,
811 2382 916 2420 quae
942 2374 981 2407 et
1005 2382 1102 2407 vera
1127 2372 1258 2414 erant,
1291 2365 1450 2419 pecoris
1475 2365 1558 2405 vim
1584 2365 1726 2418 ingen-

375 2436 455 2469 tem
492 2430 533 2469 in
571 2429 720 2469 saltum
762 2429 899 2469 avium
938 2428 1179 2483 conpulsam
1216 2442 1325 2476 csse,
1362 2427 1645 2482 perpulerunt,
1683 2432 1726 2465 ut

374 2491 614 2543 praedatum
647 2506 695 2532 eo
727 2491 941 2545 expeditae
973 2491 1218 2531 ducerentur
1248 2489 1444 2543 legiones.
1493 2488 1550 2529 ibi
1580 2488 1724 2543 ingens

375 2552 553 2593 hostium
580 2554 783 2594 exercitus
809 2554 954 2594 itinera
979 2553 1162 2593 occultus
1188 2552 1412 2600 insederat,
1445 2558 1484 2591 et
1507 2556 1725 2605 postquam

375 2613 546 2654 intrasse
571 2615 782 2656 Romanos
808 2615 909 2655 vidit
935 2615 1103 2663 saltum,
1135 2619 1301 2668 repente
1332 2620 1497 2654 exortus
1529 2627 1622 2653 cum
1647 2610 1726 2651 cla-

333 2684 350 2713 9
377 2688 487 2714 more
513 2690 558 2716 ae
585 2677 762 2717 tumultu
786 2677 971 2718 incautos
996 2676 1164 2718 invadit.
1208 2681 1248 2716 et
1271 2676 1402 2729 primo
1427 2689 1535 2716 nova
1557 2686 1622 2714 res
1648 2677 1724 2711 tre-
