1835 3226
342 273 423 314 ‘238
693 277 846 312 LIBER
869 277 916 322 v,
943 278 1069 311 3138.
1098 280 1145 322 [a.
1161 291 1195 313 u.
1211 290 1240 313 c.
1255 280 1336 324 3134]

298 400 314 428 2
343 384 493 425 auxilia
518 383 757 422 dictatorem
782 381 921 422 multis
953 381 1266 436 tempestatibus
1299 382 1489 432 dixisset,
1527 398 1574 425 ea
1599 392 1695 427 tune

340 444 546 485 invisitato
572 449 693 496 atque
712 442 895 483 inaudito
921 443 1038 483 hoste
1064 443 1115 484 ab
1138 441 1308 484 Oceano
1334 450 1612 498 terrarumque
1636 447 1698 487 ul-

341 506 448 546 timis
481 505 561 546 oris
592 504 746 545 bellum
781 504 912 545 ciente
949 505 1050 545 nihil
1087 506 1396 547 extraordinarii
1433 507 1592 562 imperii
1628 517 1698 550 aut

298 583 315 612 3
342 567 481 609 auxilii
506 566 721 620 quaesivit.
776 566 945 616 tribuni,
972 581 1147 620 quorum
1172 569 1398 609 temeritate
1424 568 1576 610 bellum
1602 584 1699 611 eon-

341 637 514 671 traetum
540 635 637 678 erat,
665 643 851 670 summae
876 644 1011 670 rerum
1036 636 1252 684 praeerant
1276 623 1552 684 dilectumque
1571 632 1697 673 nihilo

340 691 633 733 accuratiorem
658 705 782 744 quam
807 691 860 731 ad
885 691 1020 732 media
1044 691 1152 732 bella
1176 691 1318 733 haberi
1349 693 1492 734 solitus
1518 700 1603 735 erat
1628 709 1699 735 ex-

341 759 555 794 tenuantes
581 753 703 793 etiam
728 752 883 794 famam
909 753 1005 794 belli
1030 753 1249 795 habebant.

295 831 314 859 4
423 815 594 856 Interim
621 813 749 865 Galli,
781 821 1002 870 postquam
1033 831 1228 871 accepere
1262 817 1367 859 ultro
1398 817 1596 859 honorem
1626 819 1699 859 ha-

340 877 470 918 bitum
483 877 749 918 violatoribus
763 877 862 918 iuris
877 878 1046 919 humani
1060 879 1299 933 elusamque
1313 879 1560 935 legationem
1581 895 1698 920 suam

340 954 444 989 esse,
470 939 691 995 flagrantes
716 939 788 989 ira,
816 940 932 981 euius
957 940 1146 994 inpotens
1172 948 1234 982 est
1258 956 1375 996 gens,
1402 941 1621 983 confestim
1646 942 1700 983 si-

296 1017 314 1045 ῦ
339 1002 432 1057 gnis
458 1001 666 1043 convulsis
694 1001 817 1042 citato
842 1001 1007 1056 agmine
1027 1002 1102 1043 iter
1120 1002 1416 1057 ingrediuntur.
1455 1003 1507 1044 ad
1526 1018 1699 1056 quorum

338 1064 684 1119 praetereuntium
709 1064 856 1119 raptim
882 1064 1102 1105 tumultum
1128 1079 1221 1105 eum
1253 1065 1468 1106 exterritae
1499 1065 1622 1107 urbes
1648 1065 1700 1106 ad

340 1141 454 1166 arma
485 1133 772 1166 concurrerent
802 1126 984 1181 fugaque
1016 1127 1242 1181 agrestium
1278 1127 1409 1177 fieret,
1447 1127 1624 1168 Romam
1656 1141 1699 1168 se

340 1188 398 1228 ire
423 1202 574 1243 magno
600 1187 777 1228 clamore
804 1188 1109 1242 significabant,
1148 1204 1408 1243 quacumque
1439 1189 1553 1231 ibant
1582 1189 1698 1243 equis

340 1249 520 1302 virisque
544 1248 667 1304 longe
698 1263 746 1290 ac
775 1249 856 1290 late
887 1249 981 1290 fuso
1007 1251 1170 1305 agmine
1200 1252 1434 1292 inmensum
1470 1251 1699 1292 obtinentes

297 1325 314 1353 (3
340 1312 431 1353 loci.
482 1311 555 1352 sed
580 1311 844 1352 antecedente
869 1311 981 1352 sama
1005 1313 1242 1366 nuntiisque
1269 1313 1553 1362 Clusinorum,
1586 1313 1699 1353 (lein--

341 1388 437 1428 ceps
462 1373 557 1414 inde
582 1373 754 1413 aliorum
779 1373 1042 1427 populorum,
1080 1374 1301 1428 plurimum
1332 1375 1495 1415 terroris
1520 1374 1697 1414 Romam

298 1451 313 1478 ῖ
341 1435 526 1476 celeritas
557 1434 737 1475 hostium
769 1434 876 1483 tulit,
914 1435 1066 1489 quippe
1102 1435 1253 1489 quibus
1285 1435 1397 1476 velut
1433 1435 1697 1476 tumultuario

341 1498 523 1539 exercitu
551 1498 701 1552 raptim
732 1497 854 1538 ducto
886 1512 1007 1552 aegre
1039 1498 1091 1538 ad
1121 1498 1384 1539 undecimum
1421 1498 1600 1552 lapidem
1632 1512 1700 1538 oc-

341 1574 507 1600 cursum
532 1565 606 1608 est,
633 1574 715 1613 qua
739 1559 890 1599 fiumen
913 1559 1021 1607 Alia,
1051 1559 1329 1600 Crustuminis
1355 1559 1562 1600 montibus
1582 1574 1699 1614 prae-

339 1622 421 1663 alto
440 1622 623 1662 defluens
643 1622 773 1671 alch,
799 1622 911 1662 haud
929 1622 1104 1662 multum
1123 1622 1231 1662 infra
1250 1622 1358 1662 viam
1375 1621 1569 1662 Tiberino
1588 1621 1698 1662 amni

295 1696 313 1725 S
340 1683 546 1724 miscetur.
584 1683 666 1724 iam
692 1683 829 1724 omnia
854 1695 994 1724 eontra
1019 1683 1208 1736 circaque
1234 1683 1413 1724 hostium
1439 1683 1560 1737 plena
1584 1693 1698 1723 erant

340 1752 379 1786 ct
402 1751 500 1786 nata
522 1745 564 1785 in
590 1760 717 1785 vanos
744 1745 942 1785 tumultus
968 1759 1071 1799 gens
1098 1745 1200 1785 truci
1227 1752 1349 1785 cantu
1368 1744 1698 1797 clamoribusque

340 1807 462 1848 variis
487 1807 691 1848 horrendo
717 1813 864 1847 cuncta
889 1806 1179 1861 conpleverant
1205 1821 1318 1847 sono.

298 1885 310 1911 1
422 1868 693 1910 XXXVIII.
737 1868 802 1909 Ibi
827 1868 979 1909 tribuni
1003 1869 1177 1909 militum
1209 1884 1291 1909 non
1320 1868 1410 1910 loco
1436 1868 1579 1909 castris
1605 1875 1697 1909 ante

339 1938 470 1986 capto,
497 1946 579 1972 non
603 1931 860 1986 praemunito
886 1930 1006 1980 vallo,
1033 1945 1114 1984 quo
1139 1937 1328 1985 receptus
1355 1936 1476 1980 esset,
1502 1945 1584 1971 non
1603 1930 1700 1971 deo-

338 2009 429 2034 rum
455 1994 612 2043 saltem,
641 1994 676 2035 si
700 2009 781 2035 non
801 1993 1027 2043 hominum,
1053 2008 1270 2042 memores,
1297 2008 1372 2034 nee
1391 1992 1603 2048 auspicato
1623 2006 1699 2033 nee

338 2056 452 2097 litato
476 2056 684 2097 instruunt
709 2056 839 2097 aciem
864 2056 1074 2096 diductam
1093 2055 1134 2096 in
1154 2070 1317 2104 cornua,
1344 2069 1395 2096 ne
1415 2053 1698 2096 circumveniri

295 2132 312 2160 2
339 2119 599 2160 multitudine
629 2119 811 2160 hostium
841 2124 1025 2173 possent.
1074 2132 1150 2159 nec
1181 2124 1319 2159 tamen
1345 2117 1511 2171 aequari
1542 2116 1696 2157 frontes

338 2188 545 2236 poterant,
583 2196 677 2222 eum
708 2181 971 2222 extenuando
1002 2180 1205 2221 infirmam
1237 2186 1276 2221 et
1306 2180 1375 2220 vix
1413 2179 1698 2220 cohaerentem

338 2243 516 2284 mediam
537 2243 668 2284 aciem
686 2243 896 2284 haberent.
933 2242 1101 2297 paulum
1123 2248 1208 2283 erat
1232 2241 1283 2282 ab
1304 2241 1471 2281 dextera
1490 2240 1587 2281 editi
1605 2240 1696 2289 loci,

339 2320 461 2359 quem
495 2305 751 2347 subsidiariis
782 2305 930 2360 repleri
966 2305 1138 2359 placuit3
1177 2318 1306 2357 eaque
1336 2318 1421 2352 res,
1457 2310 1503 2343 ut
1537 2302 1697 2342 initium

295 2381 312 2410 3
338 2367 501 2421 pavoris
524 2382 571 2409 ac
591 2368 728 2423 fugae,
756 2367 815 2408 sic
836 2382 918 2408 una
932 2367 1043 2408 salus
1063 2365 1318 2422 fugientibus
1339 2365 1427 2405 suit.
1459 2380 1554 2405 nam
1567 2363 1698 2404 Bren-

335 2444 413 2470 nus
438 2430 606 2486 regulus
628 2429 857 2479 Gallorum,
884 2430 925 2470 in
945 2429 1150 2484 paucitate
1171 2428 1351 2469 hostium
1372 2434 1500 2468 artem
1519 2426 1697 2467 maxime

340 2492 499 2542 timens,
526 2499 639 2534 ratus
660 2493 712 2533 ad
731 2493 772 2533 id
792 2499 956 2547 captum
973 2492 1224 2546 superiorem
1243 2490 1391 2539 locum,
1417 2495 1474 2539 ut,
1501 2488 1571 2529 ubi
1587 2486 1698 2529 Galli

340 2568 433 2594 cum
458 2554 544 2595 acic
569 2555 780 2610 legionum
804 2560 916 2595 recta
940 2553 1074 2594 fronte
1099 2552 1473 2600 concucurrissent,
1512 2549 1696 2591 subsidia

339 2615 380 2655 in
405 2631 572 2658 aversos
598 2623 937 2670 transversosque
956 2615 1155 2670 impetum
1175 2615 1329 2663 darent,
1356 2613 1408 2654 ad
1429 2610 1694 2654 subsidiarios

304 2689 313 2715 ι
342 2676 459 2731 signa
483 2679 694 2728 convertit,
722 2679 756 2720 si
782 2693 852 2719 eos
878 2678 968 2719 loeo
987 2676 1215 2731 depulisset
1233 2675 1345 2716 haud
1363 2674 1511 2715 dubius
1531 2669 1692 2711 facilem

343 2737 383 2776 in
414 2753 544 2792 aequo
576 2741 710 2795 campi
747 2746 904 2782 tantum
943 2739 1151 2794 superanti
1188 2735 1446 2778 multitudine
1482 2731 1693 2772 victoriam
