1835 3226
263 1759 301 1787 10

264 2067 297 2095 11

264 2189 300 2218 12

264 2619 302 2647 13

328 221 380 262 88
665 225 817 259 LIBER
843 224 896 267 11,
922 223 975 256 27.
1005 225 1054 265 [a.
1072 233 1105 255 u.
1123 222 1241 255 0259.
1263 222 1344 264 200]

327 330 536 373 consulem
561 328 680 375 haee,
720 326 793 366 sed
818 324 1078 380 tergiversari
1102 338 1167 364 res
1194 322 1386 378 cogebat:
1425 323 1527 364 adeo
1559 324 1599 363 in
1626 324 1682 364 al-

326 400 455 433 teram
480 404 646 430 causam
671 402 754 428 non
780 386 939 440 collega
958 385 1091 427 solum
1110 398 1308 439 praeceps
1328 391 1432 433 erat,
1460 385 1532 425 sed
1551 386 1681 425 omnis

326 452 450 493 factio
475 450 686 491 nobilium.
724 449 781 489 ita
806 448 987 488 medium
1008 461 1051 487 se
1077 446 1258 501 gerendo
1283 460 1359 486 nee
1382 445 1515 499 plebis
1540 445 1683 486 vitavit

326 514 466 555 odium
491 526 566 552 nee
591 511 701 565 apud
724 516 860 564 patres
886 509 1062 564 gratiam
1086 508 1187 548 iniit.
1237 514 1373 562 patres
1399 507 1565 547 mollem
1589 521 1684 547 eon-

326 575 459 616 sulem
484 581 523 614 et
549 573 814 614 ambitiosum
838 572 933 620 rati,
970 570 1112 625 plebes
1138 570 1348 618 fallacem,
1385 569 1582 622 brevique
1614 583 1685 622 ap-

325 636 477 691 paruit,
515 635 770 687 adaequasse
802 648 896 674 eum
921 632 1052 687 Appii
1077 632 1228 673 odium.
1278 637 1484 672 certamen
1509 630 1685 671 consuli-

325 698 402 739 bus
433 697 648 745 inciderat,
686 702 776 736 uter
806 695 1014 736 dedicaret
1038 694 1222 735 Mercuri
1252 693 1408 734 aedem.
1464 698 1631 733 senatus
1663 706 1687 732 a

326 775 371 800 se
395 774 482 800 rem
507 759 559 800 ad
583 757 781 812 populum
806 757 957 806 reiecit,
983 757 1065 797 utri
1090 770 1232 797 eorum
1257 755 1459 796 dedicatio
1478 754 1595 794 iussu
1615 768 1687 808 po-

325 821 411 876 puli
435 821 532 861 data-
556 826 682 869 esset,
722 834 817 860 eum
841 833 1033 874 praeesse
1065 832 1269 866 annonae,
1307 823 1580 857 mercatorum
1605 815 1687 855 col-

325 883 480 938 legium
503 882 734 931 instituere,
762 880 976 922 sollemnia
1000 895 1074 934 pro
1099 879 1291 934 pontifice
1317 878 1438 919 iussit
1463 877 1684 931 suscipere.

326 944 502 999 populus
540 943 840 984 dedicationem
871 943 984 984 aedis
1016 942 1086 982 dat
1116 940 1177 981 M.
1209 940 1425 989 Laetorio,
1462 939 1583 993 primi
1615 938 1685 992 pili

327 1006 571 1054 centurioni,
609 1005 721 1058 quod
756 1004 876 1045 facile
914 1009 1129 1058 appareret
1166 1017 1248 1043 non
1284 1008 1369 1042 tam
1406 1001 1458 1042 ad
1488 1000 1685 1040 honorem

329 1068 435 1116 eius,
474 1067 540 1107 eui
577 1066 732 1106 curatio
764 1066 883 1106 altior
919 1065 1087 1119 fastigio
1125 1079 1201 1105 suo
1233 1064 1328 1104 data
1365 1068 1493 1112 esset,
1531 1061 1687 1102 factum

326 1144 450 1182 quam
475 1129 528 1169 ad
558 1128 774 1169 consulum
798 1127 1080 1182 ignominiam.

415 1189 585 1232 Saevire
621 1190 715 1230 inde
751 1189 892 1242 utique
929 1188 1146 1229 consulum
1188 1188 1289 1228 alter
1330 1194 1569 1241 patresque,
1614 1185 1684 1226 sed

326 1252 435 1307 plebi
474 1258 685 1292 creverant
721 1251 846 1291 animi
882 1258 921 1290 et
963 1249 1085 1304 longe
1123 1249 1203 1289 alia
1239 1263 1362 1301 quam
1404 1248 1535 1302 primo
1572 1247 1686 1287 insti-

327 1320 488 1355 tuerant
512 1313 578 1353 via
603 1312 909 1367 grassabantur.
949 1312 1165 1365 desperato
1192 1311 1300 1350 enim
1326 1310 1540 1350 consulum
1568 1323 1684 1349 sena—

327 1383 474 1428 tusque
500 1375 669 1424 auxilio,
709 1389 802 1415 cum
827 1374 868 1414 in
893 1373 956 1414 ius
983 1373 1078 1413 duci
1103 1372 1329 1413 debitorem
1354 1371 1572 1419 vidissent,
1613 1384 1686 1410 un-

328 1438 450 1490 dique
476 1436 766 1485 convolabant3
792 1450 924 1489 neque
950 1435 1160 1476 decretum
1181 1434 1365 1475 exaudiri
1385 1433 1565 1474 consulis
1586 1448 1682 1487 prae

328 1498 500 1552 strepitu
531 1504 570 1538 et
601 1498 778 1538 elamore
808 1503 967 1551 poterat
996 1511 1148 1549 neque,
1187 1510 1281 1536 eum
1311 1495 1536 1543 decresset,
1575 1495 1687 1547 quis-

327 1574 452 1613 quam
477 1559 798 1612 obtemperabat.
837 1559 877 1598 vi
897 1557 1108 1613 agebatur,
1135 1564 1351 1610 metusque
1371 1557 1503 1597 onmis
1523 1564 1560 1596 et
1581 1556 1690 1610 peri-

328 1621 466 1662 culum
491 1620 708 1669 libertatis,
736 1635 829 1660 cum
855 1620 895 1660 in
922 1626 1146 1673 conspectu
1172 1619 1353 1659 consulis
1380 1618 1530 1673 singuli
1550 1633 1573 1658 a
1597 1617 1686 1671 plu-

326 1683 439 1723 ribus
476 1681 742 1730 violarentur,
780 1681 822 1721 in
860 1681 1080 1722 creditores
1118 1696 1142 1721 a
1177 1679 1431 1721 debitoribus
1471 1685 1684 1719 verterant.

327 1758 450 1798 super
474 1743 576 1784 haee
601 1743 723 1783 timor
746 1743 914 1783 incessit
940 1741 1087 1783 Sabini
1112 1741 1226 1790 belli,
1265 1741 1499 1793 dilectuque
1524 1741 1687 1780 decreto

326 1820 447 1846 nemo
472 1819 622 1846 nomen
653 1804 783 1853 dedit,
821 1804 982 1844 furente
1007 1803 1148 1858 Appio
1180 1810 1219 1844 et
1243 1803 1469 1843 insectante
1501 1801 1687 1842 ambitio-

326 1882 421 1908 nem
446 1867 642 1921 collegae,
668 1866 739 1919 qui
763 1865 953 1920 populari
973 1865 1134 1906 silentio
1154 1879 1239 1905 rem
1265 1864 1473 1918 publicam
1496 1863 1685 1918 proderet

327 1936 365 1969 et
391 1929 443 1969 ad
466 1928 520 1977 id,
548 1928 659 1981 quod
683 1928 733 1968 de
759 1928 914 1968 eredita
937 1927 1113 1982 pecunia
1136 1926 1200 1968 ius
1226 1941 1309 1967 nou
1335 1926 1525 1974 dixisset,
1553 1925 1687 1966 adiee-

325 1997 403 2039 ret,
441 1997 486 2030 ut
511 2004 561 2030 ne
587 1989 783 2030 dilectum
807 1989 973 2042 quidem
1006 2004 1058 2029 ex
1083 1995 1249 2029 senatus
1280 1987 1468 2028 consulto
1498 1986 1684 2027 haberet:

327 2067 410 2093 non
445 2065 537 2092 esse
573 2058 711 2092 tamen
747 2051 951 2092 desertam
989 2050 1155 2091 omnino
1185 2064 1272 2090 rem
1308 2049 1516 2104 publicam
1552 2062 1684 2101 neque

325 2114 553 2168 proiectum
585 2111 799 2154 consulare
830 2112 1053 2166 inperium,
1092 2126 1136 2152 se
1167 2126 1295 2151 unum
1326 2118 1365 2151 et
1402 2125 1500 2150 suae
1537 2116 1576 2150 et
1612 2124 1684 2162 pa-

328 2183 435 2215 trum
470 2174 696 2215 maiestatis
733 2174 937 2214 vindicem
973 2173 1073 2214 fore.
1134 2188 1228 2213 cum
1265 2173 1547 2212 circumstaret
1583 2171 1683 2211 coti-

327 2237 449 2278 diana
473 2236 713 2285 multitudo,
750 2235 916 2276 lieentia
947 2249 1138 2283 aceensa,
1177 2234 1301 2287 arripi
1326 2248 1453 2273 unum
1478 2232 1682 2286 insignem

326 2300 475 2339 ducem
501 2298 748 2338 seditionum
772 2297 903 2338 iussit.
947 2296 1014 2336 ille
1041 2311 1136 2336 cum
1160 2311 1184 2336 a
1208 2295 1419 2336 lictoribus
1445 2295 1527 2335 iam
1552 2294 1684 2334 trahe-

326 2367 453 2409 retur,
485 2359 744 2414 provoeavit,
776 2373 852 2399 nce
878 2358 1071 2399 cessisset
1093 2357 1376 2412 provocationi
1402 2355 1562 2404 consul,
1590 2356 1685 2408 quia

326 2437 408 2463 non
433 2421 605 2462 dubium
630 2428 715 2461 erat
741 2420 882 2475 populi
906 2420 1122 2468 iudicium,
1160 2419 1240 2459 nisi
1271 2433 1393 2473 aegre
1424 2418 1532 2458 vieta
1562 2417 1685 2471 perti-

326 2484 444 2524 nacia
468 2483 573 2524 foret
598 2482 770 2524 consilio
796 2482 929 2537 magis
956 2488 996 2522 et
1027 2481 1266 2522 auctoritate
1299 2480 1530 2534 principum
1561 2493 1683 2531 quam

327 2546 467 2599 populi
503 2545 697 2586 elamore:
736 2545 839 2585 adeo
876 2550 1115 2598 supererant
1151 2543 1277 2583 animi
1313 2542 1365 2582 ad
1403 2539 1683 2581 sustinendam

328 2606 535 2646 invidiam.
586 2620 768 2647 crescere
804 2605 899 2646 inde
935 2605 1088 2645 malum
1120 2604 1162 2644 in
1193 2604 1280 2644 dies
1317 2618 1399 2643 non
1436 2599 1680 2642 clamoribus

329 2669 450 2707 modo
475 2668 625 2721 apertis
646 2668 730 2717 sed,
759 2667 867 2720 quod
887 2667 1014 2708 multo
1034 2665 1303 2720 perniciosius
1325 2670 1422 2711 erat,
1450 2661 1681 2704 secessione
