1780 3204
429 214 582 248 LIBER
607 214 642 258 Ι,
668 214 724 248 ⁶26.
753 216 800 257 [a.
817 213 853 247 C.
869 212 1062 255 ‹HQ-640]
1366 202 1421 242 29

67 319 108 359 in
145 319 312 359 victoria
349 333 423 359 sua
459 328 653 370 tantoque
689 317 840 371 gaudio
876 316 1053 370 publico.
1110 315 1247 355 stricto
1283 315 1421 368 itaque

66 381 204 435 gladio
242 380 363 421 simul
405 379 541 420 verbis
578 380 794 433 increpans
836 378 1039 433 transfigit
1082 377 1273 431 puellam.
1336 376 1420 417 ‘abi

66 443 160 483 hinc
196 456 290 483 cum
325 442 529 482 inmaturo
566 456 703 481 amore
741 441 793 481 ad
830 439 1060 494 sponsum‚'
1103 439 1235 492 inquit
1278 437 1420 479 ‘oblita

67 504 238 544 fratrum
263 510 516 544 mortuorum
542 503 724 555 vivique,
752 502 878 543 oblita
907 502 1074 556 patriae.
1124 500 1182 541 sic
1209 507 1274 541 eat
1298 514 1422 554 quae-

67 579 242 618 cumque
266 565 456 606 Romana
480 564 638 619 lugebit
662 564 854 605 hostem.'

150 627 285 668 Atrox
310 627 445 667 visum
470 627 512 666 id
536 626 695 667 facinus
719 625 905 680 patribus
931 625 1142 679 plebique,
1181 625 1255 665 sed
1279 638 1420 665 reeens

66 690 255 730 meritum
286 689 395 730 facto
426 687 627 729 obstabat.
677 696 814 729 tamen
844 695 985 742 raptus
1017 688 1058 727 in
1088 687 1152 727 ius
1185 687 1237 727 ad
1267 700 1419 741 regem.

66 766 156 800 rex,
193 766 244 792 ne
274 751 363 805 ipse
394 757 477 791 tam
509 751 635 791 tristis
667 750 899 805 ingratique
931 750 983 790 ad
1014 749 1164 804 vulgus
1198 749 1337 789 iudicii
1374 763 1420 789 ac

67 814 294 855 secundum
318 814 513 854 iudicium
540 813 730 867 supplicii
754 820 896 853 auctor
920 818 1049 860 esset,
1083 811 1256 852 concilio
1281 811 1422 865 populi

66 877 265 917 advocato
293 876 548 916 ‘duumviros
558 875 582 924 ‚'
612 875 745 927 inquit
777 874 865 926 ‘qui
891 873 1067 914 Horatio
1097 873 1421 927 perduellionem

66 938 245 978 iudicent
271 938 496 978 secundum
520 937 668 991 legem,
694 935 833 976 facio.‘

149 1001 244 1040 Lex
267 999 457 1040 horrendi
482 998 673 1039 carminis
699 1003 802 1038 erat:
842 997 1068 1037 ‘duumviri
1098 996 1420 1050 perduellionem

65 1062 256 1102 iudicent.
307 1061 341 1102 si
366 1076 389 1102 a
413 1060 641 1101 duumviris
667 1059 911 1113 provocarit,
938 1058 1230 1111 provocatione
1256 1064 1421 1098 certato.

65 1123 99 1163 si
123 1123 299 1171 vincent,
326 1129 449 1176 eaput
474 1121 684 1169 obnubito,
711 1120 864 1160 infelici
885 1119 1020 1160 arbori
1039 1126 1146 1159 reste
1168 1119 1421 1172 suspendito,

63 1183 276 1224 verberato
306 1183 372 1224 vel
402 1184 507 1224 intra
536 1183 766 1237 pomerium
791 1181 857 1222 vel
887 1188 1001 1222 extra
1031 1180 1291 1235 pomerium.'
1346 1180 1422 1221 hae

63 1246 153 1300 lege
183 1245 388 1285 duumviri
420 1245 561 1293 creati,
600 1244 672 1297 qui
708 1258 751 1284 se
788 1243 1002 1284 absolvere
1033 1258 1115 1283 non
1151 1242 1346 1283 rebantur
1376 1257 1424 1283 ea

64 1307 153 1362 lege
172 1321 223 1347 ne
242 1307 454 1347 innoxium
475 1302 641 1359 quidem
660 1320 796 1360 posse,
825 1320 918 1346 cum
940 1305 1297 1346 condemnassent.
1336 1313 1423 1344 tum

64 1369 164 1409 alter
188 1383 239 1409 ex
263 1368 327 1410 his
355 1368 496 1409 ‘Publi
521 1368 689 1416 Horati,
722 1367 796 1408 tibi
828 1362 1152 1421 perduellionem
1183 1366 1337 1406 iudico’
1363 1366 1419 1406 in-

65 1431 163 1484 quit.
215 1430 367 1479 ‘lictor,
400 1430 562 1485 conliga
586 1430 759 1470 manus?
807 1435 1037 1470 accesserat
1063 1429 1182 1469 lictor
1211 1427 1423 1468 iniciebat-

63 1507 141 1545 que
165 1491 370 1545 laqueum.
407 1498 495 1532 tum
520 1492 720 1533 Horatius
747 1498 912 1532 auctore
932 1491 1067 1539 Tullo,
1094 1490 1294 1531 clemente
1318 1489 1423 1544 legis

64 1555 292 1608 interprete,
321 1555 532 1608 ‘provoco'
557 1554 701 1607 inquit.
751 1554 807 1595 ita
831 1554 881 1594 de
906 1553 1197 1608 provocatione
1223 1559 1423 1594 certatum

64 1615 115 1656 ad
139 1616 337 1670 populum
363 1624 437 1656 est.

147 1676 256 1718 Moti
268 1677 454 1719 homines
476 1687 568 1719 sunt
588 1679 630 1719 in
650 1693 698 1719 eo
717 1678 869 1719 iudicio
890 1678 1068 1718 maxime
1083 1677 1232 1717 Publio
1247 1676 1422 1717 Horatio

64 1745 177 1792 patre
195 1739 486 1792 proclamante,
509 1755 552 1781 se
570 1741 697 1781 filiam
716 1741 804 1781 iure
824 1755 987 1781 caesam
1006 1739 1205 1787 iudicare3
1226 1739 1267 1778 ni
1286 1739 1342 1778 ita
1362 1753 1425 1778 es-

67 1806 140 1848 set,
161 1800 291 1853 patrio
310 1801 396 1841 iure
409 1801 452 1841 in
465 1802 593 1842 filium
614 1802 996 1842 animadversurum
1010 1801 1153 1842 fuisse.
1192 1799 1336 1840 orabat
1354 1800 1425 1839 de-

67 1861 174 1910 inde,
194 1876 245 1902 ne
260 1876 316 1911 se,
343 1877 464 1915 quem
483 1863 606 1917 paulo
625 1870 718 1904 ante
739 1878 833 1903 cum
853 1863 1020 1918 egregia
1040 1862 1165 1916 stirpe
1185 1862 1424 1915 conspexis-

67 1930 174 1972 sent,
200 1923 344 1964 orbum
358 1924 496 1966 liberis
510 1925 704 1966 facerent.
742 1926 848 1966 inter
864 1925 968 1966 haec
983 1939 1110 1965 senex
1128 1925 1319 1964 iuvenem
1338 1939 1423 1964 am-

65 1985 223 2039 plexus,
240 1985 370 2039 spolia
385 1985 661 2028 Curiatiorum
674 1987 755 2027 fixa
770 2002 818 2027 eo
831 1987 934 2033 loco,
949 1987 1019 2040 qui
1032 2001 1139 2026 nunc
1153 1986 1236 2040 pila
1250 1986 1425 2026 Horatia

66 2046 305 2100 appellatur,
333 2054 554 2097 ostentans,
585 2048 804 2097 ‘huncine‚'
830 2047 965 2089 aiebat
991 2054 1132 2101 ‘quem
1158 2048 1278 2088 modo
1303 2048 1424 2088 deco-

66 2115 198 2149 ratum
224 2116 498 2163 ovantemque
523 2110 694 2151 victoria
724 2110 980 2151 incedentem
1014 2110 1194 2158 vidistis,
1227 2109 1422 2162 Quirites,

67 2185 160 2210 eum
175 2169 250 2211 sub
270 2170 386 2211 furca
400 2171 581 2212 vinetum
600 2172 705 2212 inter
726 2171 897 2213 verbera
916 2178 955 2212 et
975 2171 1179 2212 cruciatus
1199 2171 1338 2211 videre
1351 2186 1424 2225 po-

67 2231 194 2280 testis,
221 2232 332 2284 quod
351 2233 420 2272 vix
433 2232 692 2274 Albanorum
713 2233 821 2274 oculi
840 2241 924 2274 tam
938 2233 1123 2287 deforme
1143 2232 1423 2287 spectaculum

67 2294 173 2334 ferre
191 2295 385 2347 possent?
408 2295 433 2343 i,
453 2295 582 2344 lictor,
604 2296 767 2350 conliga
786 2311 945 2344 manus,
972 2310 1078 2349 quae
1100 2295 1222 2350 paulo
1242 2303 1335 2336 ante
1360 2311 1422 2335 ar·

67 2361 199 2394 matae
212 2355 428 2409 imperium
442 2357 594 2411 populo
603 2357 791 2398 Romano
805 2364 1062 2411 pepererunt,
1083 2358 1108 2406 i,
1125 2365 1245 2412 eaput
1260 2357 1422 2398 obnube

67 2416 293 2457 liberatoris
308 2417 420 2458 iubis
433 2418 567 2467 huius,
595 2419 729 2460 arbori
747 2419 901 2459 infelici
921 2420 1140 2473 suspende,
1166 2419 1339 2460 verbera
1357 2419 1422 2459 vel

65 2479 170 2518 intra
193 2479 433 2532 pomerium,
460 2481 582 2521 modo
608 2481 712 2522 inter
734 2481 804 2521 illa
827 2481 911 2535 pila
930 2488 969 2522 et
989 2481 1119 2535 spolia
1137 2481 1331 2527 hostium,
1357 2481 1423 2521 vel

66 2547 180 2581 extra
210 2541 456 2594 pomerium,
489 2543 611 2583 modo
642 2543 746 2583 inter
777 2543 964 2597 sepulcra
996 2542 1286 2584 Curiatiorum.
1341 2557 1422 2596 quo

66 2603 173 2643 enim
199 2603 347 2643 ducere
378 2603 487 2644 hunc
517 2604 706 2645 iuvenem
737 2605 927 2658 potestis,
966 2605 1036 2646 ubi
1061 2620 1143 2646 non
1175 2620 1250 2646 sua
1274 2605 1422 2645 decora

67 2679 159 2704 eum
186 2680 209 2705 a
234 2671 345 2706 tanta
370 2665 564 2708 foeditate
590 2666 779 2721 supplicii
805 2667 1052 2708 vindicent?

1450 1691 1467 1716 v

1453 1938 1463 1965 l
1472 1938 1491 1963 Ο

1452 2310 1486 2337 11
