1780 3204
416 217 568 253 LIBER
596 218 724 263 V1111,
749 218 804 252 45.
823 218 876 252 46.
905 220 953 261 [a.
969 218 1007 252 C.
1020 218 1097 252 305.
1111 218 1192 262 304]
1393 208 1477 251 493

128 338 175 364 ao
200 323 393 377 deinceps
419 336 513 363 cum
538 322 697 363 levibus
723 322 937 376 praesidiis
962 321 1124 362 urbium
1149 321 1382 363 relictarum
1407 336 1477 363 ex-

128 385 245 426 cidia,
294 385 430 438 itaque
454 391 672 439 postquam
697 385 801 425 inter
823 384 972 425 multas
999 384 1220 425 sententias
1246 399 1346 434 una,
1372 399 1477 438 quae
1506 398 1543 427 12

128 448 281 487 omissa
305 462 402 487 cura
427 447 706 487 communium
731 447 783 487 ad
811 453 1044 500 respectum
1076 461 1242 487 suarum
1273 461 1477 500 quemque

126 524 261 548 rerum
286 508 495 558 vertisset,
527 508 683 557 audita,
714 515 759 548 ut
782 508 914 562 prima
938 508 1078 562 vigilia
1103 508 1254 549 diversi
1285 523 1306 549 e
1332 508 1476 549 castris
1506 521 1544 551 13

127 571 179 611 ad
209 570 461 624 deportanda
491 570 628 611 onmia
659 570 890 623 tuendaque
920 570 1135 611 moenibus
1166 571 1209 610 in
1239 569 1360 611 urbes
1392 570 1478 611 abi-

127 639 232 680 rent,
271 633 405 672 cuncti
442 647 532 672 cam
569 632 813 673 sententiam
854 632 1011 687 ingenti
1053 633 1231 673 adsensu
1269 647 1475 686 accepere.

128 694 273 747 palatis
300 693 486 735 hostibus
512 709 585 748 per
609 709 729 749 agros
755 695 886 749 prima
910 695 1000 735 luce
1025 694 1203 735 Romani
1228 695 1356 750 signis
1381 709 1476 749 pro-
1504 708 1539 736 12

126 756 217 795 latis
250 756 290 795 in
322 757 408 797 acie
441 757 670 797 consistunt
702 763 758 806 et,
791 757 862 797 ubi
892 771 1013 797 nemo
1044 756 1189 797 obvius
1221 757 1323 806 ibat,
1355 757 1476 812 pleno

125 818 257 871 gradu
282 818 334 858 ad
360 824 493 859 castra
524 818 703 859 hostium
734 819 917 859 tendunt.
967 825 1146 859 ceterum
1176 825 1395 872 postquam
1420 818 1476 859 ibi
1506 832 1543 859 15

127 894 257 931 neque
296 880 490 920 stationes
526 895 600 934 pro
636 880 763 934 portis
800 894 875 920 nco
912 895 1160 933 quemquam
1191 881 1234 920 in
1264 880 1370 921 vallo
1401 894 1477 920 nco

126 940 333 981 fremitum
367 948 607 982 consuetum
641 948 865 982 castrorum
897 942 1288 990 animadverterunt‚
1314 941 1477 982 insolito

126 1002 284 1043 silentio
299 1003 397 1043 moti
410 1010 522 1043 metu
536 1004 775 1044 insidiarum
791 1003 1030 1044 subsistunt.
1069 1004 1316 1058 transgressi
1331 1004 1477 1044 deinde
1506 1018 1544 1045 16

126 1065 278 1105 vallum
310 1079 403 1105 cum
435 1066 597 1106 deserta
628 1066 765 1106 onmia
794 1066 1066 1114 invenissent,
1103 1071 1281 1120 pergunt
1317 1065 1477 1106 hostem

125 1127 308 1181 vestigiis
336 1128 463 1180 sequi.
507 1128 580 1167 sed
605 1128 777 1182 vestigia
801 1128 842 1167 in
868 1142 1010 1168 omnes
1036 1141 1166 1180 aeque
1191 1127 1363 1168 ferentia
1386 1141 1478 1181 par-

124 1196 184 1229 tes
210 1196 255 1229 ut
274 1189 316 1229 in
333 1189 502 1243 dilapsis
527 1190 682 1242 passim
702 1189 832 1243 primo
852 1203 1028 1229 errorem
1055 1188 1272 1237 faciebant,
1294 1194 1388 1242 post
1406 1203 1479 1242 per
1507 1203 1544 1231 1:

123 1250 400 1304 exploratores
427 1250 628 1304 conpertis
654 1250 834 1290 hostium
861 1250 1040 1290 consiliis
1067 1250 1118 1290 ad
1145 1250 1328 1305 singulas
1354 1249 1477 1290 urbes

124 1312 448 1352 circumferendo
486 1311 593 1352 bello
630 1327 757 1352 unum
788 1318 827 1352 et
858 1312 1025 1366 triginta
1061 1312 1211 1366 oppida
1247 1312 1353 1353 intra
1389 1312 1476 1352 dics

125 1373 422 1428 quinquaginta
447 1373 583 1413 omnia
609 1373 887 1429 oppugnando
913 1382 1120 1428 ceperunt,
1147 1389 1323 1427 quorum
1346 1374 1479 1428 plera-

121 1449 200 1488 que
226 1435 359 1475 diruta
384 1442 506 1488 atque
532 1435 715 1483 incensa,
748 1450 980 1489 nomenque
1006 1435 1249 1489 Aequorum
1274 1450 1399 1490 prope
1426 1435 1479 1475 ad

121 1497 438 1537 internecionem
459 1496 651 1537 deletum.
690 1497 739 1537 de
755 1496 915 1550 Aequis
937 1498 1250 1552 triumphatum3
1271 1497 1479 1551 exemplo·
1507 1510 1545 1539 15

121 1573 200 1611 que
226 1573 367 1599 eorum
389 1558 525 1599 clades
551 1559 640 1607 fuit,
663 1566 706 1599 ut
719 1559 959 1609 Marrucini,
974 1560 1118 1608 Marsi,
1134 1559 1334 1614 Paeligni,
1350 1559 1478 1600 Fren-

123 1620 206 1660 tani
236 1620 442 1660 mitterent
467 1620 644 1661 Romam
670 1627 850 1661 oratores
881 1622 995 1675 pacis
1026 1621 1226 1675 petendae
1257 1620 1478 1662 amicitiae-

121 1697 212 1735 que.
267 1682 330 1722 his
356 1682 518 1735 populis
544 1682 690 1723 foedus
716 1683 950 1737 petentibus
977 1684 1130 1724 datum.

206 1743 477 1784 XXXXVI.
504 1744 666 1785 Eodem
692 1760 799 1785 anno
815 1744 891 1786 Cn.
908 1745 1078 1786 Flavius
1095 1745 1171 1786 Cn.
1194 1745 1300 1786 filius
1329 1745 1474 1794 scriba,
1505 1760 1519 1788 1

123 1813 235 1860 patre
260 1806 449 1846 libertino
474 1806 618 1846 humili
649 1806 814 1847 fortuna
844 1813 974 1856 ortus,
1008 1814 1188 1848 ceterum
1220 1808 1390 1848 callidus
1416 1808 1478 1848 vir

123 1879 162 1908 et
194 1868 414 1917 facundus,
453 1868 595 1908 aedilis
634 1869 785 1909 curulis
817 1869 907 1910 fuit.
962 1870 1126 1911 invenio
1157 1870 1199 1910 in
1229 1869 1477 1923 quibusdam

123 1929 357 1979 annalibus,
390 1945 484 1970 eum
515 1938 730 1984 appareret
762 1931 963 1973 aedilibus
995 1932 1164 1985 fierique
1191 1947 1233 1973 se
1264 1947 1338 1986 pro
1369 1932 1477 1973 tribu

123 1991 296 2032 aedilem
321 1992 477 2032 videret
501 2007 634 2045 neque
660 1993 789 2047 accipi
819 2008 988 2042 nomen,
1020 1995 1116 2047 quia
1141 1994 1337 2048 scriptum
1368 1994 1478 2035 face-

121 2060 193 2102 ret,
216 2053 396 2094 tabulam
417 2054 605 2108 posuisse
626 2060 665 2095 et
683 2055 853 2104 iurasse,
875 2070 919 2096 se
940 2056 1136 2110 scriptum
1156 2071 1238 2097 non
1257 2056 1475 2097 facturum.

122 2130 243 2168 quem
270 2115 477 2169 aliquanto
503 2122 595 2156 ante
616 2116 773 2157 desisse
800 2117 997 2172 scriptum
1022 2118 1156 2158 facere
1183 2118 1317 2173 arguit
1330 2118 1475 2159 Macer
1501 2132 1519 2161 3

122 2177 310 2218 Licinius
337 2177 545 2218 tribunatu
571 2184 663 2219 ante
688 2185 806 2233 gesto
833 2179 1251 2233 triumviratibusque,
1278 2187 1476 2221 nocturno

122 2239 260 2288 altero,
282 2239 407 2280 altero
433 2239 616 2280 coloniae
642 2240 918 2281 deducendae.
957 2248 1150 2291 ceterum,
1170 2242 1211 2282 id
1231 2243 1342 2295 quod
1366 2242 1477 2283 haud
1501 2255 1521 2284 4

122 2302 343 2356 discrepat,
370 2303 626 2343 contumacia
650 2303 848 2344 adversus
874 2311 1180 2346 contemnentes
1206 2305 1476 2345 humilitatem

123 2379 237 2404 suam
260 2363 418 2404 nobiles
445 2364 625 2413 certavit,
653 2365 770 2406 civile
795 2366 858 2406 ius
883 2367 1106 2420 repositum
1133 2367 1174 2407 in
1198 2367 1474 2421 penetralibus
1502 2380 1521 2409 5

122 2425 359 2479 pontificum
386 2426 594 2481 evulgavit
620 2426 832 2480 fastosque
858 2428 965 2469 circa
989 2428 1123 2469 forum
1148 2429 1190 2469 in
1209 2428 1302 2470 albo
1328 2443 1476 2484 propo-

123 2487 215 2535 suit,
237 2494 279 2527 ut
299 2487 462 2540 quando
482 2488 573 2542 lege
593 2489 660 2543 agi
684 2496 826 2543 posset
845 2490 1015 2530 sciretur
1023 2507 1032 2539 3
1059 2491 1203 2531 aedem
1219 2490 1474 2532 Concordiae
1502 2504 1519 2534 6

121 2549 162 2589 in
182 2563 276 2589 arca
289 2548 465 2589 Vulcani
485 2565 645 2590 summa
664 2551 816 2592 invidia
834 2551 1032 2592 nobilium
1053 2553 1268 2602 dedicavit,
1290 2560 1476 2594 coactus-

121 2625 200 2663 que
221 2625 424 2651 consensu
449 2612 590 2666 populi
606 2612 822 2654 Cornelius
837 2613 1043 2655 Barbatus
1063 2615 1249 2669 pontifex
1270 2615 1473 2656 maximus

123 2671 247 2713 verba
271 2673 441 2727 praeire,
469 2688 562 2714 cum
588 2689 700 2716 more
725 2675 926 2716 maiorum
950 2683 1131 2731 negaret,
1158 2676 1237 2718 nisi
1262 2677 1472 2718 consulem

1503 1883 1522 1912 [Ο
