1780 3204
447 242 602 278 LIBER
625 243 719 287 ΗΠ,
745 244 798 278 23.
819 243 874 278 24.
904 246 951 287 [a.
968 241 1096 276 C.435.
1116 241 1198 286 434]
1417 232 1498 272 215

227 347 406 389 XXHL
466 347 651 388 Eosdem
688 346 877 388 consules
914 345 1146 400 insequenti
1182 360 1288 386 anno
1323 343 1499 385 refectos

144 411 295 452 Iulium
315 410 497 459 tertium,
523 408 768 464 Verginium
786 409 933 450 iterum
953 409 1062 463 apud
1079 407 1270 448 Macrum
1290 407 1501 448 Licinium

143 474 319 514 invenio.
368 472 560 513 Valerius
591 472 741 513 Antias
779 479 819 513 et
850 470 902 524 Ω.
931 471 1096 512 Tubero
1126 470 1187 511 M.
1222 470 1427 511 Manlium
1463 477 1502 510 et

145 535 197 589 Ω.
227 534 458 589 Sulpicium
483 534 671 575 consules
697 534 740 574 in
764 549 859 574 eum
884 548 1035 574 annum
1061 533 1199 573 edunt.
1249 539 1429 573 ceterum
1460 532 1503 572 in

143 605 228 638 tam
253 597 511 651 discrepante
537 596 714 637 editione
734 602 774 637 et
793 595 959 636 Tubero
980 602 1018 635 et
1036 594 1182 635 Macer
1204 594 1330 635 libros
1350 594 1501 635 linteos

144 666 329 700 auctores
366 658 626 713 profitentur:
669 664 829 707 neuter,
873 656 1058 698 tribunos
1095 656 1270 696 militum
1309 671 1357 697 eo
1395 670 1501 696 anno

143 722 286 771 fuisse,
313 721 507 762 traditum
528 737 551 762 a
571 720 837 775 scripton'bus
859 720 1035 773 antiquis
1057 719 1300 760 dissimulat.
1337 719 1501 759 Licinio

143 783 268 825 libros
300 783 400 824 haut
430 783 554 824 dubie
586 783 703 836 sequi
733 783 880 823 linteos
905 782 1041 836 placet
1065 789 1105 823 et
1129 781 1296 822 Tubero
1320 781 1500 822 incertus

144 846 229 887 veri
254 853 327 887 est.
372 846 445 886 sed
468 845 572 886 inter
596 853 730 886 cetera
754 850 956 885 vetustate
981 844 1219 899 inconperta
1243 843 1321 884 hoc
1340 857 1503 897 quoque

143 909 185 948 in
209 908 362 948 incerto
386 907 580 962 positum.

230 969 498 1023 Trepidatum
528 969 571 1009 in
601 968 769 1009 Etruria
805 975 867 1009 est
902 975 997 1022 post
1025 968 1207 1009 Fidenas
1244 973 1385 1022 captas
1421 981 1502 1007 non

146 1031 388 1072 Veientibus
416 1031 549 1072 solum
575 1031 776 1071 exterritis
796 1037 910 1070 metu
929 1030 1072 1070 similis
1095 1029 1261 1078 excidii,
1289 1029 1363 1070 sed
1381 1028 1503 1068 etiam

146 1092 317 1133 Faliscis
343 1093 541 1133 memoria
564 1092 652 1132 initi
676 1092 809 1146 primo
835 1106 927 1132 cum
948 1091 1011 1131 his
1030 1091 1145 1139 belli,
1173 1104 1423 1142 quamquam
1441 1103 1504 1129 re-

144 1153 389 1194 bellantibus
409 1169 491 1194 non
511 1154 738 1194 adfuerant.
770 1153 896 1208 igitur
916 1167 1009 1193 cum
1030 1152 1135 1192 duae
1155 1151 1340 1191 civitates
1354 1150 1501 1205 legatis

143 1216 249 1256 circa
279 1215 496 1256 duodecim
525 1215 699 1269 populos
731 1214 869 1255 missis
900 1214 1206 1267 impetrassent,
1245 1220 1288 1252 ut
1321 1212 1373 1252 ad
1404 1211 1504 1252 Vol-

141 1288 306 1317 tumnae
331 1276 473 1316 fanum
497 1276 744 1316 indiceretur
769 1275 880 1316 omni
903 1274 1096 1316 Etruriae
1123 1274 1359 1323 concilium,
1391 1273 1503 1314 velut

140 1353 290 1393 magno
321 1338 416 1378 inde
447 1338 624 1378 tumultu
654 1338 876 1378 inminente
910 1345 1077 1378 senatus
1109 1336 1241 1377 Mam.
1274 1336 1500 1377 Aemilium

141 1399 380 1440 dictatorem
404 1400 551 1440 iterum
576 1400 658 1440 dici
682 1400 814 1441 iussit.
864 1399 915 1441 ab
942 1414 989 1441 eo
1008 1398 1063 1440 A.
1084 1398 1325 1440 Postumius
1343 1398 1502 1440 Tuber-

142 1471 206 1502 tus
232 1462 429 1517 magister
453 1462 637 1515 equitum
663 1469 725 1503 est
750 1462 902 1512 dictus,
935 1461 1172 1515 bellumque
1202 1468 1316 1502 tanto
1347 1460 1501 1501 maiore

140 1538 263 1577 quam
284 1524 472 1578 proximo
492 1531 642 1565 conatu
667 1532 910 1579 apparatum
935 1530 1014 1573 est,
1041 1530 1194 1577 quanto
1219 1522 1312 1578 plus
1339 1529 1425 1563 erat
1449 1521 1500 1563 ab

142 1586 253 1626 omni
277 1585 445 1626 Etruria
468 1586 638 1640 periculi
664 1601 788 1640 quam
813 1586 864 1627 ab
891 1585 1053 1627 duobus
1078 1585 1243 1641 populis
1270 1585 1414 1626 fuerat.

226 1647 427 1687 XXIIII.
460 1647 526 1688 Ea
544 1662 608 1688 res
629 1648 835 1701 aliquanto
856 1648 1160 1702 exspectatione
1186 1647 1370 1687 omnium
1395 1653 1502 1686 tran-

142 1709 303 1762 quillior
321 1709 410 1749 fuit.
448 1709 586 1762 itaque
607 1725 701 1750 cum
719 1710 996 1751 renuntiatum
1016 1725 1039 1750 a
1058 1709 1352 1750 mercatoribus
1379 1715 1500 1757 esset,

143 1777 292 1825 negata
322 1770 566 1812 Veientibus
598 1772 750 1812 auxilia
779 1772 998 1824 iussosque
1031 1786 1105 1812 suo
1143 1770 1312 1811 consilio
1350 1769 1501 1811 bellum

143 1832 289 1872 initum
309 1832 394 1872 suis
413 1832 568 1874 viribus
589 1834 759 1886 exsequi
777 1848 853 1874 neo
873 1834 1139 1874 adversarum
1157 1847 1293 1873 rerum
1307 1847 1502 1885 quaerere

145 1893 296 1942 socios,
324 1908 418 1934 cum
443 1894 593 1947 quibus
620 1909 736 1948 spem
759 1895 961 1950 integram
987 1894 1277 1935 communicati
1301 1909 1383 1935 non
1408 1894 1500 1943 sint,

144 1961 232 1994 tum
263 1954 447 2004 dictator,
478 1970 529 1996 ne
554 1956 804 2009 nequiquam
830 1963 990 1996 creatus
1017 1962 1144 2005 esset,
1177 1956 1348 1996 materia
1378 1970 1503 2009 quae-

144 2015 294 2056 rendae
314 2015 421 2057 bello
441 2016 594 2071 gloriae
619 2018 811 2072 adempta
836 2017 878 2057 in
902 2032 1003 2072 pace
1029 2017 1183 2070 aliquid
1208 2017 1341 2072 operis
1367 2018 1500 2067 edere,

144 2077 256 2130 quod
292 2086 603 2119 monumentum
639 2087 749 2120 esset
779 2079 1021 2128 dictaturae,
1061 2079 1248 2133 cupiens,
1287 2094 1501 2120 censuram

144 2139 326 2180 minuere
345 2146 480 2194 parat,
507 2155 581 2181 seu
605 2141 774 2181 nimiam
797 2148 1043 2195 potestatem
1068 2149 1199 2190 ratus,
1227 2155 1300 2182 seu
1318 2156 1405 2182 non-
1418 2148 1501 2182 tam

144 2201 427 2256 magnitudine
452 2201 615 2243 honoris
641 2217 764 2256 quam
790 2203 1053 2244 diuturnitate
1078 2203 1275 2244 offensus.
1313 2203 1501 2244 contione

144 2262 281 2316 itaque
312 2263 512 2304 advocata
542 2279 629 2304 rem
661 2264 904 2319 (publicam)
936 2265 1036 2306 foris
1067 2265 1291 2320 gerendam
1316 2265 1371 2306 ait
1396 2273 1502 2307 tuta-

144 2338 224 2377 que
244 2325 380 2366 omnia
392 2327 639 2379 praestanda
658 2327 757 2368 deos
777 2328 1011 2368 inmortales
1031 2327 1282 2381 suscepisse3
1309 2342 1365 2377 se,
1391 2328 1502 2381 quod

144 2386 250 2426 intra
280 2402 420 2428 muros
446 2388 653 2442 agendum
678 2396 804 2439 esset,
836 2389 1014 2431 libertati
1037 2390 1180 2444 populi
1203 2389 1382 2430 Romani
1407 2404 1501 2431 con-

146 2447 362 2489 sulturum.
400 2450 624 2491 maximam
643 2458 781 2492 autem
801 2451 889 2493 eius
910 2452 1139 2492 custodiam
1159 2466 1268 2501 esse,
1297 2452 1331 2492 si
1349 2467 1501 2507 magna

143 2510 314 2565 imperia
339 2511 531 2553 diuturna
554 2527 637 2554 non
662 2520 799 2555 essent
823 2520 863 2554 et
888 2514 1083 2568 temporis
1108 2513 1255 2554 modus
1287 2513 1500 2569 inponere-

143 2578 220 2621 tur,
247 2572 397 2626 quibus
422 2574 522 2615 iuris
546 2575 687 2630 inponi
711 2591 793 2617 non
816 2582 969 2630 posset.
1013 2576 1114 2617 alios
1139 2576 1404 2631 magistratus
1429 2591 1500 2617 an-

143 2648 247 2675 nuos
280 2649 390 2685 esse,
428 2637 773 2691 quinquennalem
806 2653 1033 2680 censuram.
1083 2653 1208 2694 grave
1240 2653 1331 2680 esse
1367 2638 1498 2680 isdem

141 2710 215 2751 per
239 2703 296 2738 tot
317 2713 446 2740 annos
467 2715 618 2755 magna
634 2709 749 2755 parte
768 2701 875 2742 vitae
894 2700 1094 2742 obnoxios
1115 2701 1263 2743 rivere.
1303 2715 1346 2742 se
1365 2701 1498 2758 legem

1528 483 1545 511 10

1529 1163 1547 1191 ὁ

1529 1721 1546 1749 {Q

1528 1970 1546 1999 3

1526 2217 1546 2246 4

1526 2591 1544 2618 ὃ
