1835 3226
284 515 299 539 4

282 1318 299 1346 Nu

337 267 412 305 1ὅο
667 269 820 303 LIBER
845 269 919 311 llI,
946 270 999 302 ὑί).
1020 269 1072 302 60.
1101 271 1149 312 [a.
1166 281 1199 304 u.
1220 281 1248 305 c.
1263 271 1345 314 305]

327 377 437 430 piata
463 375 541 413 sint
568 371 897 413 decemvirorum
924 371 1155 426 suppliciis,
1182 379 1222 413 et
1246 372 1345 412 nihil
1372 374 1598 415 admissum
1623 376 1685 425 iri,

327 437 437 489 quod
462 436 543 475 vini
571 434 828 474 tribuniciam
854 433 1076 483 desideret,
1115 434 1289 489 spondet
1318 441 1516 489 perpetua
1541 450 1687 477 consu-

327 499 410 537 lum
435 496 650 538 amborum
677 496 719 536 in
742 495 929 536 libertate
954 502 1092 536 vestra
1112 497 1264 537 tuenda
1283 496 1406 537 cura.'
1443 511 1492 538 ea
1509 497 1686 551 primum

327 559 550 599 moderatio
576 557 726 598 tribuni
752 564 907 598 metum
925 557 1111 612 patribus
1132 558 1309 613 dempsit
1329 559 1556 612 eademque
1575 559 1688 599 auxit

326 620 541 662 consulum
565 620 777 669 invidiam,
804 620 916 673 quod
941 620 1044 661 adeo
1070 620 1144 660 toti
1168 620 1300 675 plebis
1327 620 1520 670 fuissent,
1547 627 1592 661 ut
1616 635 1687 675 pa-

327 692 432 724 trum
460 682 602 723 salutis
628 681 911 735 libertatisque
944 682 1055 736 prior
1084 682 1247 736 plebeio
1279 683 1538 738 magistratui
1563 697 1686 736 quam

325 745 495 800 patricio
527 758 624 785 eura
654 743 819 793 fuisset,
859 750 898 784 et
924 751 1017 784 ante
1043 744 1230 786 inimicos
1263 745 1430 785 satietas
1461 759 1687 799 poenarum

327 822 493 847 suarum
518 806 696 861 cepisset
720 820 845 858 quam
871 805 1036 846 obviam
1061 806 1189 847 ituros
1215 806 1404 847 licentiae
1432 821 1573 847 eorum
1592 821 1688 847 con-

327 869 435 910 sules
468 874 694 923 appareret.
750 867 949 921 multique
981 874 1113 917 erant,
1151 868 1222 922 qui
1252 868 1417 909 mollius
1455 868 1687 909 consultum

326 932 525 981 dicerent,
558 931 670 984 quod
694 930 833 985 legum
859 930 910 971 ab
936 930 985 971 iis
1010 930 1187 971 latarum
1211 937 1348 985 patres
1375 937 1562 971 auctores
1587 930 1688 971 fuis-

326 1000 434 1043 sent,
467 1007 600 1046 neque
626 998 712 1033 erat
737 992 928 1041 dubium,
961 992 1060 1045 quin
1085 992 1247 1034 turbato
1277 993 1335 1033 rei
1365 992 1553 1047 publicae
1580 998 1687 1033 statu

327 1056 501 1110 tempori
524 1055 856 1096 succubuissent.

411 1117 513 1158 LX.
565 1117 770 1158 Consules
822 1116 945 1158 rebus
972 1116 1138 1158 urbanis
1179 1117 1404 1171 conpositis
1435 1116 1688 1169 fundatoque

324 1179 456 1234 plebis
483 1185 591 1220 statu
641 1178 683 1218 in
708 1178 939 1232 provincias
966 1179 1117 1219 diversi
1143 1179 1268 1220 abire.
1324 1178 1515 1220 Valerius
1542 1179 1687 1219 adver-

327 1256 397 1283 sus
423 1241 662 1282 coniunctos
689 1241 769 1281 iam
789 1240 831 1280 in
850 1240 1006 1295 Algido
1026 1241 1230 1281 exercitus
1251 1240 1494 1294 Aequorum
1513 1240 1688 1281 Volsco-

327 1318 498 1356 rumque
531 1302 722 1343 sustinuit
756 1302 925 1343 consilio
957 1301 1130 1351 bellum3
1167 1302 1277 1355 quod
1303 1302 1338 1342 si
1369 1302 1574 1356 extemplo
1599 1315 1686 1341 rem

325 1366 513 1406 fortunae
539 1364 826 1412 commisisset,
854 1363 964 1404 haud
990 1364 1074 1404 scio
1100 1379 1164 1412 an,
1191 1364 1262 1416 qui
1287 1370 1374 1404 tum
1399 1364 1524 1404 animi
1544 1362 1595 1404 ab
1615 1363 1686 1403 de-

325 1427 596 1468 ccxnvirtmun
647 1425 881 1466 infelicibus
930 1426 1124 1480 auspiciis
1166 1425 1366 1467 Romanis
1414 1425 1685 1478 hostibusque

327 1495 452 1537 erant,
480 1504 630 1543 magno
656 1488 899 1528 detrimento
926 1494 1133 1528 certamen
1153 1494 1353 1528 staturum
1374 1487 1508 1528 fucrit.
1542 1487 1686 1528 eastris

325 1551 434 1591 mille
460 1565 659 1604 passuum
686 1549 737 1590 ab
763 1549 881 1590 hoste
905 1549 1051 1604 positis
1078 1549 1217 1603 copias
1249 1549 1496 1591 continebat.
1546 1549 1685 1591 hostes

325 1613 507 1653 medium
537 1612 642 1652 inter
674 1611 769 1652 bina
799 1618 934 1651 castra
965 1611 1142 1665 spatium
1178 1611 1264 1652 acie
1294 1612 1493 1653 instructa
1523 1611 1686 1665 conple-

324 1675 422 1716 bant
454 1673 855 1728 provocantibusque
887 1673 940 1713 ad
969 1673 1171 1727 proelium
1203 1687 1448 1727 responsum
1472 1673 1686 1714 Romanus

324 1750 445 1777 nemo
470 1735 679 1776 reddebat.
717 1735 882 1775 tandein
908 1734 1070 1789 fatigati
1096 1735 1243 1775 stando
1269 1749 1316 1775 ac
1342 1735 1593 1788 nequiquam
1618 1750 1688 1776 ex-

325 1798 550 1853 spectando
582 1804 789 1838 certamen
815 1796 954 1850 Aequi
985 1796 1229 1850 Volscique,
1266 1803 1486 1852 postquam
1521 1811 1688 1838 conces-

326 1876 416 1902 sum
442 1860 741 1915 propemodum
767 1859 817 1900 de
843 1859 1014 1900 victoria
1033 1859 1266 1908 credebant,
1292 1874 1387 1914 pars
1408 1859 1449 1899 in
1468 1858 1687 1909 Hernicos,

324 1939 420 1978 pars
445 1924 488 1964 in
512 1923 689 1964 Latinos
716 1922 958 1976 praedatum
984 1921 1148 1963 abeunt.
1198 1921 1440 1975 relinquitur
1464 1921 1598 1976 magiS
1623 1935 1690 1962 ca-

325 1985 418 2027 stris
450 1985 702 2040 praesidium
738 1999 862 2038 quam
894 1984 993 2025 satis
1024 1984 1173 2024 virium
1210 1984 1263 2025 ad
1300 1990 1519 2024 certamen.
1574 1983 1686 2036 quod

324 2047 393 2089 ubi
419 2047 563 2088 consul
589 2047 729 2096 sensit,
755 2046 890 2087 reddit
914 2046 1086 2087 inlatum
1112 2052 1232 2087 antea
1257 2052 1450 2087 terrorem
1470 2045 1688 2086 instructa-

291 2127 296 2151 ;
323 2125 402 2163 que
429 2110 515 2151 acie
542 2109 646 2150 ultro
671 2110 834 2150 hostem
865 2109 1041 2150 lacessit.
1090 2107 1162 2149 ubi
1193 2108 1251 2148 illi
1282 2108 1550 2157 conscientia,
1588 2107 1687 2160 quid

323 2172 488 2214 abesset
513 2172 674 2220 virium,
701 2172 979 2212 detractavere
1004 2185 1200 2226 pugnam,
1228 2171 1355 2211 erevit
1380 2170 1585 2225 extemplo
1604 2169 1687 2210 Ro-

325 2235 456 2275 manis
484 2234 645 2275 animus
678 2240 718 2274 et
748 2249 822 2288 pro
855 2233 973 2274 victis
1004 2232 1214 2274 habebant
1243 2238 1441 2287 paventes
1472 2232 1578 2272 intra
1602 2231 1688 2272 val-

283 2312 295 2338 ῑ
325 2297 422 2337 lum.
472 2311 567 2337 cum
593 2311 666 2351 per
691 2303 821 2337 totum
847 2296 955 2336 diem
982 2295 1193 2336 stetissent
1222 2295 1366 2335 intenti
1392 2295 1443 2335 ad
1469 2301 1686 2342 certamen,

324 2359 434 2400 nocti
458 2373 633 2400 cessere.
668 2364 708 2399 et
731 2358 910 2399 Romani
936 2357 1102 2411 quidem
1127 2358 1238 2412 pleni
1265 2357 1353 2412 spei
1378 2371 1548 2411 corpora
1573 2371 1687 2397 eura-

324 2420 440 2470 bant;
464 2419 788 2474 haudquaquam
814 2419 899 2474 pari
926 2419 1065 2460 hostes
1092 2419 1229 2460 animo
1248 2419 1414 2460 nuntios
1434 2418 1590 2474 passim
1610 2424 1688 2458 tre-

324 2483 409 2538 pidi
445 2483 497 2524 ad
526 2483 781 2524 revocandos
813 2482 1076 2536 praedatores
1114 2482 1341 2522 dimittunt:
1378 2481 1602 2522 recurritur
1637 2495 1686 2521 ex

326 2544 522 2598 proximis
547 2544 661 2593 locis,
688 2544 901 2585 ulteriores
926 2559 1009 2584 non
1034 2543 1201 2584 inventi.
1246 2543 1316 2584 ubi
1342 2542 1501 2590 inluxit,
1529 2541 1687 2597 egredi-

326 2617 391 2646 tur
421 2607 565 2647 castris
591 2606 805 2647 Romanus
837 2605 990 2646 vallum
1022 2605 1261 2654 invasurus,
1300 2605 1342 2645 ni
1373 2604 1491 2658 copia
1522 2616 1685 2658 pugnae

326 2667 450 2708 ficret.
500 2677 538 2708 et
563 2674 782 2722 postquam
809 2668 938 2709 multa
962 2667 1044 2708 iam
1069 2667 1157 2708 dies
1183 2673 1268 2708 crat
1293 2681 1427 2719 neque
1446 2663 1685 2713 moxgebatur

327 2729 544 2783 quicquam
577 2731 628 2772 ab
654 2731 790 2780 hoste,
823 2731 937 2772 iubet
969 2731 1087 2785 signa
1118 2730 1257 2771 inferri
1289 2728 1444 2770 consul.
1494 2733 1684 2780 motaque
