1835 3226
352 228 436 270 460
668 235 822 269 LIBER
846 234 978 278 vnn,
1005 234 1130 268 1218.
1159 236 1206 277 [a.
1221 245 1256 268 u.
1271 245 1303 269 c.
1318 235 1400 278 435]

353 353 458 393 quae
488 339 530 379 in
559 337 798 378 Alexandro
830 343 916 377 erat
951 337 1076 377 animi
1112 337 1338 392 igeniique,
1375 343 1462 378 tum
1492 337 1708 393 disciplina

352 400 537 440 militaris
573 399 655 439 iam
691 399 785 439 inde
815 398 867 439 ab
898 398 1022 440 initiis
1059 398 1172 440 urbis
1210 399 1357 440 tradita
1386 414 1460 454 per
1489 415 1635 442 manus
1666 402 1707 442 in

287 477 324 506 11
354 462 450 502 artis
482 460 689 515 perpetuis
720 460 948 515 praeceptis
981 461 1193 502 ordinatae
1224 461 1393 502 modum
1425 468 1603 502 venerat.
1651 463 1709 503 ita

351 537 471 577 reges
503 529 717 577 gesserant
747 521 874 571 bella,
906 523 963 562 ita
998 522 1146 563 deinde
1178 529 1388 564 exactores
1424 538 1569 578 regum
1600 523 1708 564 Iunii

352 584 601 637 Valeriique,
622 584 679 624 ita
698 584 890 638 deinceps
905 584 1037 634 Fabii,
1060 584 1256 637 Quinctii,
1273 584 1467 635 Cornelii,
1488 585 1545 626 ita
1557 585 1707 627 Furius

354 646 575 696 Camillus,
602 660 725 699 quem
750 646 920 688 iuvenes
946 647 992 696 ii,
1025 646 1175 700 quibus
1208 662 1301 688 cum
1325 646 1565 688 Alexandro
1591 647 1709 688 dimi-

287 724 326 754 12
353 708 529 749 candum
561 715 664 757 erat,
699 723 837 748 senem
863 708 1062 750 viderant.
1111 709 1301 750 militaria
1331 725 1455 764 opera
1484 710 1708 765 pugnando

352 770 519 811 obeunti
543 770 784 812 Alexandro
804 796 857 800 ——
876 786 971 811 nam
998 785 1046 811 ea
1070 786 1232 825 quoque
1257 771 1368 812 haud
1393 772 1528 813 minus
1555 771 1709 812 elarum

352 848 446 873 eum
472 833 627 874 faciunt
641 858 694 862 —-
709 834 903 874 cessisset
926 833 1117 874 videlieet
1141 834 1183 874 in
1208 834 1294 875 acie
1320 833 1480 875 oblatus
1500 849 1575 889 par
1587 833 1710 875 Man-

352 895 431 936 lius
457 895 695 950 Torquatus
722 903 792 937 aut
811 896 1002 937 Valerius
1031 896 1205 946 Corvus,
1232 897 1416 952 insignes
1442 906 1535 938 ante
1560 897 1707 938 milites

288 973 326 1002 13
352 972 477 1011 quam
502 958 642 1008 duces,
670 959 893 999 cessissent
906 958 1029 999 Decii
1048 959 1206 1000 devotis
1227 959 1466 1014 corporibus
1487 960 1528 999 in
1547 959 1708 1000 hostem

350 1026 528 1070 ruentes,
556 1020 750 1062 cessisset
763 1020 955 1075 Papirius
973 1020 1129 1062 Cursor
1152 1021 1221 1062 illo
1247 1022 1428 1076 eorporis
1453 1021 1612 1070 robore,
1638 1021 1707 1062 illo

286 1097 327 1126 14
353 1081 501 1122 animi!
551 1082 684 1123 victus
716 1089 826 1123 esset
857 1082 1038 1123 consiliis
1074 1083 1234 1124 iuvenis
1266 1083 1408 1133 unius,
1440 1098 1491 1124 ne
1523 1083 1708 1138 singulos

351 1144 572 1193 nominem,
601 1151 767 1185 senatus
793 1145 872 1194 illc,
894 1159 1017 1198 quem
1036 1145 1106 1198 qui
1131 1160 1182 1186 ex
1201 1145 1368 1200 regibus
1396 1152 1582 1187 constare
1608 1145 1709 1186 dixit

284 1217 323 1246 15
352 1220 459 1246 unus
486 1220 625 1246 veram
652 1207 832 1260 speciem
857 1206 1036 1247 Romani
1063 1214 1229 1248 senatus
1256 1207 1386 1262 cepit!
1435 1208 1477 1249 id
1502 1222 1598 1248 vero
1624 1214 1710 1248 erat

352 1267 598 1322 periculum,
632 1283 683 1308 ne
710 1268 913 1309 sollertius
940 1283 1063 1321 quam
1089 1269 1261 1322 quilibet
1286 1284 1392 1309 unus
1419 1285 1469 1310 ex
1494 1269 1577 1318 his,
1604 1284 1707 1323 quos

352 1331 572 1381 nominavi,
600 1331 743 1372 castris
768 1330 904 1372 locum
930 1338 1105 1385 caperet,
1133 1339 1385 1373 commeatus
1412 1333 1633 1386 expediret,
1657 1332 1707 1371 ab

352 1393 511 1434 insidiis
538 1399 819 1447 praecaveret,
852 1399 1014 1447 tempus
1045 1407 1209 1448 pugnae
1241 1393 1456 1447 deligeret,
1488 1393 1616 1434 aciem
1648 1393 1709 1432 in-

288 1468 327 1498 16
353 1460 542 1504 strueret,
555 1454 749 1496 subsidiis
767 1455 959 1495 firmaret.
996 1470 1078 1495 non
1099 1470 1191 1495 cum
1206 1454 1345 1495 Dareo
1364 1470 1450 1495 rem
1470 1469 1561 1495 esse
1581 1454 1709 1494 dixis-

353 1523 426 1564 set,
454 1530 576 1569 quem
604 1516 819 1556 mulierum
839 1531 887 1557 ac
913 1516 1142 1570 spadonum
1168 1531 1318 1571 agmen
1343 1516 1583 1565 trahentem,
1604 1516 1709 1555 inter

351 1593 576 1632 purpuram
614 1584 735 1631 atque
767 1593 930 1627 aurum,
969 1584 1181 1618 oneratum
1218 1578 1405 1619 fortunae
1442 1577 1707 1632 apparatibus

353 1654 464 1688 suae,
484 1639 680 1694 praedam
700 1640 835 1680 verius
856 1654 980 1692 quam
998 1639 1173 1689 hostem,
1199 1640 1298 1680 nihil
1325 1640 1435 1680 aliud
1460 1654 1584 1693 quam
1603 1639 1707 1680 bene

287 1718 325 1746 17
352 1717 478 1743 ausus
509 1717 616 1742 vana
647 1707 925 1750 contemnere,
964 1701 1201 1742 incruentus
1233 1701 1395 1742 devicit.
1443 1701 1566 1756 longe
1601 1702 1706 1742 alius

351 1764 496 1805 Italiae
522 1778 646 1817 quam
667 1763 823 1812 Indiae,
850 1778 923 1818 per
947 1777 1071 1816 quam
1097 1763 1321 1803 temulento
1347 1763 1509 1817 agmine
1535 1764 1709 1804 comisa—

352 1821 517 1867 bundus
544 1826 725 1875 incessit,
752 1826 867 1866 visus
893 1825 951 1865 illi
975 1825 1140 1866 habitus
1167 1832 1289 1874 esset,
1317 1825 1443 1866 saltus
1458 1825 1636 1879 Apuliae
1662 1840 1710 1866 ae

351 1896 512 1930 montes
538 1889 736 1930 Lucanos
763 1888 945 1929 cernenti
975 1894 1015 1928 et
1045 1888 1222 1942 vestigia
1251 1887 1432 1928 recentia
1461 1887 1710 1928 domesticae

353 1952 494 2001 cladis,
521 1951 592 1992 ubi
618 1950 847 1992 amneulus
873 1950 960 1992 eius
986 1965 1116 2006 nuper
1139 1950 1259 2005 Epiri
1283 1965 1355 1991 rex
1374 1948 1614 1990 Alexander
1639 1949 1710 1991 ab·

353 2020 542 2068 sumptus
570 2020 667 2054 erat.

309 2090 324 2118 1
436 2075 610 2116 XVIII.
642 2075 700 2116 Et
723 2075 932 2129 loquimur
951 2075 1000 2116 de
1015 2074 1256 2116 Alexandro
1276 2074 1460 2115 nondum
1485 2088 1620 2114 merso
1647 2088 1710 2115 se-

308 2152 326 2180 2
352 2138 498 2179 cundis
523 2137 667 2187 rebus,
700 2152 873 2191 quarum
904 2152 1025 2178 nemo
1056 2137 1335 2178 intolerantior
1359 2135 1448 2176 fuit.
1498 2135 1568 2189 qui
1600 2135 1634 2176 si
1659 2150 1710 2176 ex

351 2200 493 2241 habitu
519 2214 651 2240 novae
677 2199 864 2240 fortunae
889 2199 1080 2252 novique,
1099 2206 1145 2239 ut
1169 2199 1225 2239 ita
1245 2198 1391 2247 dicam,
1412 2197 1578 2252 ingenii,
1599 2197 1711 2250 quod

308 2272 325 2301 3
353 2262 431 2303 sibi
455 2262 587 2302 victor
610 2261 816 2310 induerat,
845 2267 1063 2315 spectetur,
1089 2260 1230 2301 Dareo
1256 2260 1388 2315 magis
1417 2259 1559 2300 similis
1586 2273 1710 2312 quam

350 2323 591 2365 Alexandro
621 2323 664 2364 in
694 2323 858 2363 Italiam
896 2322 1077 2363 venisset
1108 2329 1147 2363 et
1184 2322 1407 2363 exercitum
1438 2320 1710 2362 Macedoniae

353 2386 525 2427 oblitum
550 2386 951 2440 degenerantemque
982 2385 1064 2425 iam
1095 2385 1138 2425 in
1168 2384 1391 2425 Persarum
1416 2397 1550 2424 mores
1582 2383 1711 2423 addu-

307 2454 327 2483 4
351 2449 493 2490 xisset.
542 2448 695 2490 referre
725 2447 767 2488 in
799 2453 911 2487 tanto
936 2461 1033 2501 rege
1058 2447 1171 2501 piget
1198 2445 1416 2501 superbam
1442 2445 1710 2485 mutationem

352 2511 496 2560 vestis,
530 2517 569 2551 et
600 2510 852 2551 desideratas
883 2509 999 2549 humi
1030 2509 1250 2550 iacentium
1281 2508 1555 2556 adulationes,
1587 2507 1709 2547 etiam

351 2572 470 2613 victis
502 2571 806 2614 Macedonibus
837 2586 1005 2626 graves,
1043 2571 1195 2612 nedum
1233 2570 1475 2617 victoribus,
1513 2575 1553 2610 et
1588 2567 1709 2609 foeda

353 2634 555 2688 supplicia
586 2641 624 2675 et
654 2634 761 2674 inter
796 2634 939 2674 vinum
976 2640 1016 2674 et
1047 2633 1190 2687 epulas
1228 2632 1374 2673 caedes
1413 2631 1636 2672 amicorum
1668 2635 1707 2668 et

308 2706 327 2736 5
355 2696 577 2736 vanitatem
603 2695 884 2737 ementiendae
912 2695 1061 2750 stirpis.
1111 2695 1210 2749 quid
1236 2694 1270 2736 si
1295 2694 1379 2735 vini
1410 2707 1524 2735 amor
1553 2691 1595 2732 in
1619 2690 1706 2731 dies
