1835 3226
257 322 294 351 10

255 385 288 412 ll

254 754 292 783 13

257 1002 294 1030 14

259 1250 297 1278 15

260 1373 297 1401 16

263 1805 300 1834 18

265 2056 302 2083 1¹.)

263 2242 280 2270 *2
285 2241 304 2266 s»

266 2549 306 2578 ·2·2

318 197 402 238 514
709 200 859 235 LIBER
886 200 939 244 x,
967 201 1019 234 19.
1047 203 1144 243 [a.u.
1161 200 1286 244 0458]

319 314 544 363 gesturum.
589 311 674 344 tum
701 303 875 344 militum
901 303 1055 344 clamor
1078 309 1204 352 ortus,
1225 309 1271 343 ut
1295 303 1417 344 simul
1442 303 1563 345 ambo
1587 304 1673 345 bel-

320 370 403 409 lum
435 367 661 408 Etruscum
701 365 968 420 susciperent,
1028 379 1110 418 quo
1146 365 1432 407 animadverso
1469 380 1673 407 consensu

318 428 584 471 Volumnius:
613 427 825 481 ‘quoniam
851 427 894 467 in
919 426 1101 481 collegae
1121 425 1329 467 voluntate
1355 427 1673 482 interpretanda’

318 491 449 544 inquit
476 491 637 539 ‘erravi,
664 504 747 530 non
772 489 1037 538 committam,
1065 495 1120 538 ut,
1141 489 1240 542 quid
1260 504 1332 530 vos
1354 489 1500 539 velitis,
1527 489 1675 531 obscu-

318 567 409 594 rum
435 552 503 592 sit:
536 566 700 592 manere
726 567 776 592 an
803 551 914 592 abire
940 565 1004 591 me
1030 550 1182 600 velitis,
1215 550 1390 592 elamore
1418 551 1672 606 significate.'

319 622 405 655 tum
435 628 533 654 vero
564 620 701 654 tantus
734 620 795 654 est
828 613 982 654 clamor
1011 619 1198 662 exortus,
1231 619 1275 653 ut
1305 612 1446 654 hostes
1478 628 1499 654 e
1530 613 1674 654 castris

318 676 482 717 exciret.
532 676 656 716 armis
688 675 859 730 arreptis
890 675 931 715 in
962 675 1092 716 aciem
1124 675 1389 716 descendunt.
1439 682 1478 716 et
1503 674 1675 716 Volum-

318 738 409 778 nius
437 738 555 792 signa
581 752 725 778 canere
745 752 792 778 ac
811 737 961 778 vexilla
985 737 1120 777 efferri
1146 737 1289 778 eastris
1315 737 1446 778 iussit.
1489 736 1675 791 Appium

319 799 585 841 addubitasse
610 799 747 840 ferunt
773 806 1019 848 cernentem,
1047 813 1120 839 seu
1145 806 1355 854 pugnante
1382 814 1454 840 scu
1474 800 1611 853 quieto
1632 813 1676 839 50

318 863 406 902 fore
432 862 613 917 collegae
639 861 870 911 victoriam3
907 861 1055 902 deinde
1080 861 1273 910 veritum,
1305 876 1356 902 ne
1383 877 1481 902 suae
1512 875 1676 915 quoque

318 924 501 979 legiones
532 922 802 965 Volumnium
835 932 1118 977 sequerentur,
1156 934 1195 964 et
1224 924 1361 978 ipsum
1396 922 1676 978 flagitantibus

322 987 405 1029 suis
433 987 596 1042 signum
623 986 799 1027 dedisse.
849 985 900 1026 ab
925 992 1070 1026 neutra
1099 991 1213 1040 parte
1246 985 1344 1026 satis
1377 985 1591 1026 commode
1616 984 1676 1024 in-

321 1050 463 1091 structi
487 1049 665 1090 fuerunt.
714 1063 809 1088 nam
835 1054 875 1088 et
902 1046 1150 1089 Samnitium
1176 1047 1260 1088 dux
1286 1045 1445 1089 Gellius
1471 1047 1676 1102 Egnatius

320 1111 560 1166 pabulatum
596 1126 691 1152 011111
727 1109 964 1151 cohortibus
1007 1110 1150 1164 paucis
1186 1109 1288 1150 ierat
1324 1124 1480 1163 suoque
1521 1109 1677 1163 impetu

321 1173 453 1228 inagis
479 1173 627 1213 milites
647 1186 771 1226 quam
797 1172 1039 1225 cuiusquam
1060 1172 1186 1212 ductu
1211 1178 1281 1212 aut
1304 1172 1475 1226 imperio
1495 1185 1678 1226 pugnam

324 1234 613 1290 capessebant,
646 1241 685 1274 et
709 1233 886 1274 Romani
918 1234 1120 1274 exercitus
1146 1248 1221 1274 nec
1246 1234 1397 1288 pariter
1421 1233 1542 1274 arnbo
1567 1232 1678 1273 ducti

322 1311 398 1337 nee
430 1296 529 1337 satis
560 1296 755 1350 temporis
787 1296 839 1336 ad
870 1296 1156 1336 instruendum
1188 1295 1276 1335 suit.
1330 1295 1443 1349 prius
1476 1294 1679 1336 concurrit

325 1358 572 1399 Volumnius
603 1372 726 1411 quam
758 1356 922 1412 Appius
954 1357 1006 1397 ad
1042 1356 1202 1397 hostem
1239 1356 1480 1410 perveniret.
1540 1357 1677 1409 itaque

324 1422 457 1461 fronte
493 1419 698 1473 inaequali
735 1433 981 1460 concursum
1007 1426 1092 1468 est3
1137 1426 1175 1459 et
1211 1418 1323 1458 velut
1359 1418 1462 1458 forte
1499 1418 1677 1471 quadam

324 1488 508 1522 mutante
534 1481 728 1522 adsuetos
754 1481 860 1521 inter
885 1495 928 1521 se
953 1480 1093 1521 hostes
1113 1480 1281 1522 Etrusci
1300 1480 1535 1529 Volumnio,
1558 1478 1679 1521 Sam-

323 1544 447 1593 nites,
479 1557 700 1598 parumper
730 1543 908 1582 cunetati
939 1543 1034 1595 quia
1064 1543 1149 1583 dux
1179 1542 1335 1591 aberat,
1368 1542 1508 1597 Appio
1539 1556 1679 1582 oecur-

284 1621 298 1648 ῖ
326 1621 426 1646 rere.
476 1605 623 1646 dicitur
647 1604 812 1659 Appius
844 1605 885 1644 in
916 1605 1052 1645 medio
1083 1619 1246 1659 pugnae
1272 1605 1522 1653 discrimine,
1555 1605 1611 1645 ita
1634 1611 1680 1643 ut

325 1668 429 1709 inter
453 1668 586 1722 prima
611 1667 731 1722 signa
755 1666 945 1707 manibus
966 1667 1017 1707 ad
1044 1667 1202 1707 eaelum
1229 1666 1399 1707 sublatis
1426 1667 1681 1720 conspicere-

326 1737 403 1778 tur,
429 1730 485 1770 ita
509 1736 700 1785 precatus
727 1743 836 1770 esse:
873 1729 1082 1778 ‘Bellona,
1116 1729 1148 1769 si
1180 1729 1301 1770 hodie
1326 1728 1444 1769 nobis
1470 1728 1682 1769 victoriam

327 1793 438 1841 duis,
471 1799 534 1833 ast
565 1807 642 1848 ego
673 1791 747 1832 tibi
783 1791 982 1846 templum
1013 1791 1170 1832 voveo?
1218 1791 1319 1832 haec
1350 1797 1540 1845 precatus
1571 1790 1683 1831 velut

327 1855 549 1909 instigante
575 1855 652 1895 dea
678 1860 716 1895 et
741 1854 829 1909 ipse
856 1854 1039 1909 collegae
1065 1860 1103 1895 et
1130 1853 1331 1894 exercitus
1360 1851 1543 1908 [alterius
1569 1867 1684 1893 exer-

327 1916 451 1972 citus]
490 1917 681 1958 virtutem
713 1916 915 1970 aequavit.
965 1917 1091 1957 duces
1123 1916 1383 1971 imperatoria.
1413 1930 1537 1970 opera
1567 1929 1686 1956 exse-

329 1987 476 2020 cuntur
501 1986 540 2020 et
565 1979 728 2028 milites,
749 1994 799 2019 ne
820 1978 870 2019 ab
890 1978 1016 2019 altera
1040 1987 1155 2034 parte
1174 1978 1286 2033 prius
1309 1977 1478 2018 victoria
1502 1977 1682 2032 incipiat,

329 2042 578 2082 adnituntur.
629 2056 727 2097 ergo
752 2041 931 2082 fundunt
954 2041 1183 2096 fugantque
1208 2040 1346 2082 hostes
1378 2040 1574 2081 maiorem
1598 2054 1686 2080 mo-

328 2104 409 2144 lem
434 2104 534 2145 haut
558 2103 678 2144 facile
705 2104 952 2144 sustinentes
979 2118 1101 2157 quam
1134 2118 1228 2144 eum
1253 2117 1334 2156 qua
1363 2117 1509 2143 manus
1541 2116 1686 2142 conse-

328 2180 416 2206 rere
453 2165 614 2206 adsueti
650 2165 824 2206 fuerant.
893 2165 1076 2221 urgendo
1115 2165 1307 2206 cedentes
1348 2164 1684 2217 insequendoque

330 2229 484 2269 effusos
516 2228 735 2282 conpulere
767 2228 820 2268 ad
849 2234 994 2269 castra.
1042 2227 1100 2268 ibi
1130 2227 1361 2268 interventu
1388 2225 1512 2267 Gellii
1543 2226 1686 2267 eohor-

331 2291 515 2344 tiumque
543 2289 801 2331 Sabellarum
831 2290 1041 2344 paulisper
1064 2289 1272 2330 recruduit
1296 2303 1446 2344 pugna.
1496 2287 1560 2328 his
1585 2301 1687 2341 quo-

331 2367 409 2406 que
436 2368 532 2394 mox
557 2353 661 2394 fusis
687 2353 768 2393 iam
795 2368 818 2393 a
843 2351 1066 2393 victoribus
1092 2358 1226 2392 castra
1250 2350 1614 2406 oppugnabantur,
1646 2356 1686 2390 et

332 2429 425 2455 eum
439 2415 686 2456 Volumnius
706 2415 795 2469 ipse
808 2422 948 2469 portae
963 2414 1080 2469 signa
1094 2413 1274 2462 inferret,
1290 2413 1455 2468 Appius
1470 2411 1685 2452 Bellonam

333 2477 540 2518 victricem
565 2477 787 2518 identidem
813 2476 1023 2517 celebrans
1049 2476 1288 2517 accenderet
1314 2475 1486 2515 militum
1513 2474 1684 2521 animos,

332 2553 403 2592 per
421 2540 586 2588 vallum,
606 2554 680 2594 per
697 2539 833 2580 fossas
853 2538 1104 2593 inruperunt.
1143 2544 1276 2579 castra
1296 2544 1413 2592 capta
1433 2536 1685 2590 direptaque,

332 2601 483 2653 praeda
503 2601 648 2656 ingens
669 2608 786 2655 parta
805 2607 843 2641 et
862 2600 980 2641 militi
999 2614 1196 2641 concessa
1215 2606 1289 2640 est.
1328 2605 1483 2653 septem
1509 2597 1619 2637 milia
1639 2611 1686 2637 ae

335 2663 501 2702 trecenti
527 2663 707 2704 hostium
732 2662 869 2712 occisi,
897 2662 977 2703 duo
1003 2661 1115 2702 milia
1140 2669 1177 2702 et
1205 2667 1368 2702 centum
1394 2659 1539 2714 viginti
1564 2658 1684 2713 capti.
