1780 3204
510 211 662 246 LIBER
687 212 742 257 x,
766 212 893 246 2:126.
922 214 969 256 [a.
985 212 1119 256 μηροῦ]
1417 204 1496 246 521

152 314 298 364 dicere,
325 314 502 356 consulis
529 329 572 356 se
593 314 644 367 Q
658 314 778 356 Fabii
803 315 937 360 faeere
961 315 1088 357 iussu.
1126 323 1290 370 postera
1310 316 1407 357 inde
1432 317 1498 357 die

152 382 286 417 castra
320 384 430 417 mota
466 384 505 417 et
535 376 698 431 Appius
734 384 897 431 praetor
926 377 1101 418 Romam
1137 378 1343 419 dimissus
1402 379 1496 419 inde

151 453 354 492 nusquam
381 439 527 479 stativa
551 439 750 479 Romanis
775 439 901 480 suere.
949 440 1145 495 negabat,
1176 440 1274 481 utile
1300 455 1390 481 esse
1415 455 1496 481 uno

150 499 240 540 loco
272 501 413 541 sedere
451 501 691 550 exercitum3
728 500 939 542 itineribus
977 516 1024 542 ae
1054 501 1279 542 mutatione
1313 501 1495 543 locorum

150 562 406 603 mobiliorem
436 577 483 603 ae
515 562 780 604 salubriorem
817 578 920 604 esse.
978 563 1131 604 fiebant
1166 570 1303 604 autem
1339 564 1495 612 itinera,

150 631 302 677 quanta
332 624 419 665 fieri
450 623 608 665 sinebat
637 625 796 679 hiemps
827 625 1038 666 hauddum
1069 632 1223 666 exacta.
1277 640 1372 666 vere
1401 626 1496 666 inde

148 686 280 740 primo
304 686 444 727 relicta
476 687 655 727 secunda
684 687 844 742 legIone
869 687 922 727 ad
948 686 1154 736 Clusium,
1187 688 1296 740 quod
1323 687 1495 728 Camars

150 748 246 788 olim
277 748 555 803 appellabant,
593 749 907 803 praepositoque
943 749 1085 789 castris
1116 750 1169 790 L.
1199 748 1391 803 Scipione
1421 764 1495 804 pro

147 817 353 863 praetore,
385 810 561 851 Romam
591 811 678 865 ipse
710 811 762 851 ad
798 810 1110 851 consultandum
1141 811 1191 852 de
1221 810 1329 852 bello
1365 812 1493 860 rediit,

151 872 236 912 sive
269 873 357 926 ipse
390 879 534 926 sponte
567 888 658 921 sua,
691 873 787 925 quia.
811 872 963 913 bcllum
989 873 1025 913 ei
1050 873 1181 914 maius
1207 873 1247 913 in
1273 880 1495 928 conspeetu
1545 891 1550 896 ·

148 942 233 974 crat
265 949 388 987 quam
418 943 614 987 quantum
646 949 736 975 esse
766 934 901 975 famae
932 935 1174 983 crediderat,
1213 935 1298 975 sive
1330 942 1495 976 senatus

147 995 332 1036 consulto
358 996 532 1037 accitus:
558 1011 653 1036 nam
678 996 721 1036 in
746 1003 962 1049 utrumque
988 1003 1174 1036 auctores
1202 1003 1307 1036 sunt.
1346 996 1397 1037 ab
1410 996 1492 1050 Ap.

148 1056 324 1097 Claudio
349 1063 534 1111 praetore
559 1064 779 1098 retractum
805 1057 971 1110 quidam
996 1057 1125 1097 videri
1149 1057 1309 1106 volunt,
1336 1071 1429 1097 cum
1454 1058 1496 1097 in

146 1125 291 1158 senatu
310 1125 349 1159 et
369 1119 479 1172 apud
502 1118 712 1172 populum,
733 1119 774 1158 id
795 1119 904 1171 quod
928 1133 1001 1172 per
1025 1118 1178 1159 litteras
1199 1118 1368 1159 adsidue
1388 1118 1497 1159 fece-

144 1186 218 1228 rat,
240 1186 431 1220 terrorem
452 1179 546 1220 belli
559 1179 726 1220 Etrusci
745 1186 930 1234 augeret:
957 1194 1038 1220 non
1060 1179 1328 1220 suffecturum
1348 1180 1495 1220 ducem

143 1257 271 1282 unum
306 1255 382 1282 nee
418 1241 640 1281 exercitum
677 1256 805 1281 unum
841 1241 1039 1281 adversus
1077 1247 1270 1294 quattuor
1299 1241 1494 1295 populos;

142 1302 368 1357 periculum
405 1317 513 1351 esse,
552 1302 638 1343 sive
674 1303 801 1343 iuncti
837 1317 965 1342 unum
1000 1309 1189 1356 premant
1226 1303 1312 1344 sive
1343 1304 1494 1343 diversi

141 1370 286 1418 gerant
310 1363 481 1412 bellum,
514 1377 564 1404 ne
590 1363 641 1404 ad
667 1364 803 1404 onmia
829 1363 950 1404 simul
975 1363 1086 1405 obire
1113 1379 1218 1405 unus
1244 1380 1326 1405 non
1351 1365 1493 1419 possit.

142 1426 244 1465 duas
272 1439 315 1466 se
340 1424 398 1466 ibi
421 1424 605 1480 legiones
620 1425 829 1466 Romanas
855 1425 1070 1478 reliquisse
1096 1433 1135 1466 et
1159 1426 1294 1467 minus
1314 1426 1493 1479 quinque

141 1486 253 1527 milia
283 1487 467 1541 peditum
498 1487 763 1540 equitumque
795 1502 889 1528 eum
912 1487 1044 1528 Fabio
1079 1488 1250 1529 venisse.
1301 1488 1378 1528 sibi
1408 1488 1495 1542 pla-

141 1563 244 1597 cere,
265 1548 313 1588 P.
328 1547 507 1589 Decium
534 1548 744 1589 consulem
767 1549 901 1602 primo
921 1563 1082 1602 quoque
1108 1556 1289 1603 tempore
1310 1549 1351 1589 in
1370 1549 1495 1589 Etru-

140 1610 242 1649 riam
268 1610 320 1650 ad
345 1610 546 1664 collegam
575 1610 797 1664 proficisci,
824 1610 876 1650 L.
904 1609 1127 1651 Volumnio
1155 1609 1369 1651 Samnium
1402 1625 1495 1664 pro-

140 1672 317 1712 vinciam
355 1671 465 1720 dari3
504 1672 538 1712 si
574 1671 717 1712 consul
752 1671 866 1711 malit
902 1672 944 1711 in
981 1686 1097 1712 suam
1134 1673 1386 1726 provinciam
1421 1673 1491 1721 irc,

141 1733 410 1774 Volumnium
435 1733 478 1772 in
500 1733 712 1773 Etruriam
738 1733 790 1773 ad
821 1732 1031 1773 consulem
1063 1747 1155 1773 cum
1181 1734 1362 1774 exercitu
1385 1734 1493 1774 iusto

142 1794 345 1836 consulari
368 1794 585 1849 proficisci.
635 1809 727 1835 cum
753 1809 945 1848 magnam
975 1802 1131 1848 partem
1158 1802 1340 1836 moveret
1366 1796 1493 1836 oratio

140 1856 356 1911 praetoris,
383 1856 431 1896 P.
457 1856 636 1896 Decium
667 1855 876 1896 censuisse
908 1856 1061 1905 serunt,
1097 1863 1138 1896 ut
1168 1857 1304 1898 onmia
1334 1858 1493 1912 integra

143 1933 191 1959 ae
221 1918 349 1959 libera
380 1917 432 1970 Q.
458 1917 589 1958 Fabio
627 1924 903 1966 servarentur,
943 1918 1071 1958 donce
1106 1918 1172 1958 vol
1207 1919 1313 1973 ipse,
1353 1919 1387 1959 si
1421 1934 1494 1974 per

142 1980 404 2022 commodum
428 1980 487 2020 rei
510 1979 700 2034 publicae
726 1986 884 2034 posset,
910 1979 1088 2021 Romam
1113 1981 1294 2021 venisset
1325 1981 1390 2021 vel
1421 1981 1493 2022 ali-

141 2057 263 2096 quem
289 2057 340 2082 ex
364 2042 510 2096 legatis
537 2041 729 2091 misisset,
751 2057 774 2082 a
793 2056 874 2095 quo
895 2041 1069 2082 disceret
1095 2049 1273 2092 senatus,
1294 2049 1491 2096 quantum

140 2105 183 2145 in
196 2104 362 2145 Etruria
386 2103 482 2144 belli
508 2110 617 2144 esset
642 2103 886 2157 quantisque
911 2104 1279 2145 administrandum
1305 2105 1432 2159 copiis
1453 2111 1492 2145 et

140 2173 239 2219 quot
264 2181 337 2220 per
361 2166 487 2206 duces
513 2172 634 2206 esset.

222 2226 396 2268 XXVI.
432 2227 588 2268 Fabius
614 2236 659 2267 ut
682 2227 858 2268 Romam
881 2227 1012 2276 rediit,
1040 2234 1078 2268 et
1102 2228 1144 2268 in
1170 2235 1313 2268 senatu
1338 2235 1377 2269 ct
1400 2243 1493 2283 pro-

139 2289 286 2329 ductus
312 2289 363 2329 ad
388 2288 585 2343 populum
610 2288 788 2329 mediam
813 2289 1036 2329 orationem
1061 2288 1221 2338 habuit,
1254 2295 1298 2329 ut
1322 2304 1396 2330 nec
1422 2305 1493 2330 au-

138 2365 236 2406 gere
259 2365 335 2391 nce
360 2351 541 2391 minuere
562 2350 766 2391 videretur
784 2350 880 2391 belli
898 2350 1052 2391 famam
1072 2351 1286 2406 magisque
1305 2351 1346 2391 in
1366 2351 1492 2392 altero

139 2412 394 2453 adsumendo
425 2412 528 2453 duee
559 2412 729 2453 aliorum
759 2412 972 2467 indulgere
1004 2413 1137 2454 timori
1168 2427 1291 2466 quam
1323 2428 1396 2454 suo
1422 2420 1491 2453 aut

139 2474 386 2528 reipublicae
412 2474 592 2528 periculo
617 2474 842 2515 consulere.
897 2480 1077 2515 ceterum
1103 2475 1137 2516 si
1163 2474 1241 2516 sibi
1266 2475 1490 2516 adiutorem

140 2536 236 2577 belli
261 2536 499 2589 sociumque
524 2537 684 2591 imperii
709 2537 863 2586 darent,
884 2551 1061 2589 quonam
1087 2537 1210 2578 modo
1236 2552 1279 2578 se
1305 2537 1490 2578 oblivisci

1526 392 1565 421 10

1525 639 1559 667 11

1523 1009 1562 1037 13

1523 1316 1561 1345 14

1522 1440 1561 1468 15

1521 1686 1560 1716 16

1522 1811 1559 1839 17

1522 2058 1559 2087 18

1521 2244 1533 2272 1

1516 2490 1534 2519 2

138 2598 186 2639 P.
202 2598 323 2639 Decii
349 2598 527 2639 consulis
552 2613 626 2653 per
651 2604 710 2639 tot
735 2598 908 2653 collegia
933 2599 1088 2653 experti
1112 2599 1259 2653 posse?
1283 2599 1486 2639 neminem
1514 2615 1532 2644 3

138 2660 320 2701 omnium
357 2675 497 2702 secum
534 2661 727 2714 coniungi
766 2661 910 2710 malle3
953 2668 991 2702 ct
1028 2661 1237 2716 copiarum
1274 2661 1373 2702 satis
1411 2661 1488 2702 sibi
