1780 3204
515 213 670 247 LIBER
695 212 749 257 x,
775 212 806 246 2.
825 212 855 245 3
884 214 932 255 [a.
947 209 985 245 c..
998 210 1116 255 302s1]
1409 199 1491 240 497

136 333 357 375 regemque
391 319 666 372 Cleonymum
703 316 780 357 tria
816 315 927 356 milia
964 314 1122 356 abesse.
1187 312 1282 354 inde
1319 312 1492 367 captivis

136 381 325 436 proximo
349 380 440 421 vico
470 380 514 420 in
538 379 767 420 custodiam
793 377 898 418 datis
923 392 1017 431 pars
1042 375 1260 416 fluviatiles
1285 388 1412 415 naves
1439 374 1491 415 ad

139 442 371 497 superanda
400 441 507 482 vada
537 447 778 495 stagnorum
808 446 902 493 apte
932 438 1065 493 planis
1097 437 1224 478 alveis
1254 436 1489 485 fabricatas,

137 519 233 559 pars
277 504 439 558 captiva
479 503 643 557 navigia
687 501 853 543 armatis
896 500 1106 555 conplent,
1148 498 1403 554 profectique
1439 499 1493 539 ad

139 566 314 606 classem
338 564 554 606 inmobiles
580 578 706 605 naves
728 570 767 604 et
790 563 881 604 loca
904 563 1047 618 ignota
1070 562 1162 616 plus
1182 575 1307 615 quam
1332 560 1493 601 hostem

139 629 328 669 timentes
355 626 677 675 circumvadunt,
699 625 986 680 fugientesque
1006 624 1048 664 in
1067 624 1195 665 altum
1215 623 1348 664 acrius
1369 636 1493 676 quam

139 696 416 746 repugnantes
441 704 572 742 usque
597 689 650 730 ad
675 689 826 730 ostium
850 687 981 728 amnis
1012 686 1219 742 persecuti
1250 685 1379 740 captis
1405 685 1496 738 qui-

142 752 316 793 busdam
346 751 606 804 incensisque
637 750 811 791 navibus
842 749 1040 798 hostium,
1073 764 1175 803 quas
1207 747 1423 802 trepidatio
1453 747 1494 787 in

140 815 247 855 vada
264 813 467 862 intulerat,
489 813 663 853 victores
683 819 953 853 revertuntur.
994 810 1246 866 Cleonymus
1266 811 1336 851 vix
1354 809 1497 862 quinta

140 883 254 931 parte
279 876 446 916 navium
470 875 664 916 incolumi
689 874 800 915 nulla
823 875 990 929 regione
1016 873 1139 914 maris
1154 872 1385 914 Hadriatici
1402 885 1497 926 pro-

141 954 259 993 spere
290 938 399 979 adita
431 937 632 978 discessit.
680 944 812 978 rostra
842 937 1009 977 navium
1040 936 1254 991 spoliaque
1278 936 1497 976 Laconum

140 1001 182 1040 in
208 1000 308 1041 aede
333 1000 504 1040 Iunonis
536 999 664 1040 veteri
694 999 776 1039 fixa
807 998 924 1048 multi
955 1005 1176 1052 supersunt
1207 997 1277 1050 qui
1307 996 1498 1037 viderunt

140 1062 300 1103 Patavi.
349 1068 661 1102 monumentum
685 1060 842 1101 navalis
867 1074 1032 1114 pugnae
1057 1074 1105 1100 eo
1131 1059 1209 1108 die,
1231 1073 1313 1111 quo
1338 1072 1498 1112 pugna-

140 1136 228 1164 tum
253 1131 332 1173 est,
365 1123 581 1177 quotannis
609 1123 796 1164 sollemni
827 1122 1047 1163 certamine
1071 1121 1241 1162 navium
1264 1121 1305 1160 in
1330 1119 1499 1160 flumine

140 1186 281 1240 oppidi
304 1186 440 1226 medio
466 1191 688 1225 exercetur.

223 1248 304 1288 ΠΙ.
340 1247 504 1288 Eodem
525 1261 632 1287 anno
646 1246 804 1287 Romae
826 1260 920 1286 cum
934 1244 1118 1286 Vestinis
1144 1243 1378 1299 petentibus
1399 1242 1500 1284 ami-

140 1310 277 1350 citiam
302 1309 428 1349 ictum
453 1314 515 1348 est
538 1307 698 1348 foedus.
747 1306 964 1361 multiplex
989 1307 1136 1347 deinde
1163 1312 1328 1348 exortus
1356 1312 1497 1346 terror.

138 1371 349 1412 Etruriam
372 1369 570 1411 rebellare
595 1369 646 1410 ab
661 1369 950 1410 Arretinorum
976 1368 1245 1410 seditionibus
1271 1375 1386 1409 motu
1411 1374 1500 1408 orto

139 1432 415 1481 nuntiabatur,
444 1431 514 1473 ubi
542 1431 724 1473 Cilnium
749 1446 882 1486 genus
906 1438 1153 1486 praepotens
1180 1431 1414 1471 divitiarum
1440 1429 1501 1469 in-

139 1495 251 1535 vidia-
280 1494 377 1549 pelli
408 1494 532 1535 armis
560 1502 770 1548 coeptum,
805 1493 928 1534 simul
952 1493 1118 1534 Marsos
1145 1507 1291 1547 agrum
1315 1491 1357 1531 vi
1382 1490 1498 1538 tueri,

139 1557 181 1597 in
211 1571 334 1610 quem
364 1556 524 1597 colonia
556 1555 743 1597 Carseoli
773 1555 948 1596 deducta
985 1561 1070 1595 erat
1107 1561 1300 1607 quattuor
1335 1552 1500 1593 milibus

1523 635 1561 663 123

1525 821 1563 849 14

1526 1069 1565 1097 15)

1527 1316 1544 1344 10

140 1619 352 1661 hominum
379 1619 552 1673 scriptis.
602 1618 740 1671 itaque
765 1625 931 1672 propter
956 1632 1026 1658 eos
1053 1616 1252 1657 tumultus
1279 1615 1412 1655 dictus
1437 1614 1499 1654 M.
1528 1627 1545 1653 2:

140 1681 332 1722 Valerius
358 1679 571 1721 Maximus
598 1680 772 1720 dictator
801 1679 1045 1734 magistrum
1078 1678 1262 1731 equitum
1294 1676 1372 1717 sibi
1401 1676 1501 1731 legit

140 1742 202 1783 M.
229 1742 456 1782 Aemilium
480 1741 671 1783 Paulum.
720 1741 762 1781 id
787 1741 920 1795 magis
947 1741 1068 1781 credo
1094 1754 1218 1793 quam
1245 1738 1297 1791 Q.
1323 1737 1501 1779 Fabium
1527 1767 1535 1771 >

143 1821 190 1846 ca
221 1811 353 1845 aetate
389 1811 511 1857 atque
548 1805 606 1846 eis
636 1803 860 1844 honoribus
892 1802 1058 1843 Valerio
1096 1801 1339 1843 subiectum.
1396 1807 1504 1841 cete-

142 1882 234 1908 rum
254 1881 305 1907 ex
322 1865 500 1906 Maximi
525 1865 769 1920 cognomine
789 1872 923 1906 ortum
943 1879 1121 1905 errorem
1145 1864 1257 1905 haud
1276 1862 1501 1904 abnuerim.

142 1927 351 1983 profectus
378 1928 551 1968 dictator
571 1942 664 1968 cum
684 1927 866 1968 exercitu
889 1926 1044 1981 proelio
1072 1941 1151 1967 uno
1169 1925 1335 1966 Marsos
1355 1924 1502 1964 fundit.

143 1990 352 2044 conpulsis
379 1989 526 2030 deinde
550 1990 592 2029 in
622 1989 745 2030 urbes
776 1989 956 2030 munitas
981 1987 1233 2037 Milioniam,
1259 1987 1500 2035 Plestinam,

142 2051 361 2093 Fresiliam
396 2051 503 2092 intra
534 2051 621 2092 dies
653 2065 806 2105 paucos
839 2051 946 2105 cepit
977 2056 1017 2091 et
1052 2057 1167 2104 parte
1197 2049 1286 2104 agri
1322 2048 1503 2089 multatis

146 2113 303 2155 Marsis
329 2113 476 2154 foedus
502 2113 691 2154 restituit.
741 2119 828 2153 tum
852 2113 895 2153 in
917 2112 1120 2153 Etruscos
1145 2108 1311 2153 versum
1336 2110 1503 2152 bellum.

145 2184 185 2217 et
210 2191 305 2217 cum
331 2176 506 2217 dictator
536 2175 814 2230 auspiciorum
843 2175 1158 2230 repetendorum
1190 2188 1315 2215 causa
1344 2172 1505 2228 profec-

145 2246 211 2280 tus
236 2239 415 2279 Romam
445 2245 572 2288 esset,
605 2238 801 2293 magister
826 2239 1011 2291 equitum
1040 2236 1280 2292 pabulatum
1313 2249 1505 2290 egressus

147 2316 199 2342 ex
223 2301 383 2342 insidiis
410 2301 744 2349 circumvenitur,
779 2300 990 2355 signisque
1016 2300 1170 2352 aliquot
1195 2298 1358 2339 amissis
1384 2296 1507 2338 foeda

146 2363 323 2403 militum
348 2363 473 2403 caede
498 2377 547 2403 ac
571 2362 672 2418 suga
696 2362 739 2402 in
757 2370 891 2403 castra
916 2369 978 2403 est
1003 2361 1241 2416 conpulsus.
1285 2359 1355 2413 qui
1379 2366 1507 2399 terror

146 2439 230 2465 non
260 2439 308 2465 eo
339 2430 499 2465 tantum
529 2440 554 2466 a
583 2424 715 2466 Fabio
747 2423 958 2473 abhorret,
991 2424 1102 2477 quod
1134 2423 1169 2464 si
1199 2437 1281 2475 qua
1311 2421 1390 2462 alia
1421 2427 1506 2460 arte

148 2501 378 2541 cognomen
409 2501 531 2528 suum
561 2487 752 2540 aequavit
777 2493 865 2527 tum
889 2500 1084 2527 maxume
1111 2484 1268 2526 bellicis
1298 2481 1504 2530 laudibus,

149 2549 223 2589 sed
248 2549 373 2589 etiam
397 2549 508 2602 quod
532 2563 690 2590 memor
708 2548 952 2603 Papirianae
979 2547 1172 2589 saevitiae
1198 2560 1436 2599 numquam,
1462 2551 1504 2584 ut

148 2611 356 2652 dictatoris
382 2611 543 2653 iniussu
567 2611 791 2661 dimicaret,
819 2610 968 2651 adduci
993 2610 1206 2665 potuisset.

219 2695 284 2722 Livi
304 2694 358 2722 vol.
374 2693 396 2721 1.
1238 2682 1282 2716 3⁶2.

1534 2372 1548 2400 7

1531 2556 1550 2585 8
