1780 3204
384 250 538 286 LIBER
561 250 653 295 Vn,
679 250 735 284 26.
755 250 809 284 27.
838 252 886 293 [a.
903 247 1152 293 (3.349-346]
1366 240 1447 281 377

98 356 298 412 magistro
330 355 513 408 equitum
540 353 593 395 A.
621 353 814 395 Cornelio
841 353 974 395 Cosso
1005 353 1132 403 dicto,
1165 352 1329 394 comitia
1353 367 1450 394 eon-

99 419 250 460 sularia
279 417 423 458 habuit
453 416 740 470 aemulumque
767 417 925 457 decoris
952 416 1016 457 sui
1040 415 1252 457 absentem
1277 415 1338 457 M.
1365 415 1451 457 Va·-

97 480 242 521 lerium
269 479 453 521 Corvum
477 505 530 508 —
554 479 598 519 id
622 480 730 519 enim
755 479 812 519 illi
837 479 984 519 deinde
1010 479 1266 533 cognominis
1292 478 1370 519 fuit
1395 504 1449 509 --

99 558 260 584 summo
290 542 431 583 favore
462 542 621 597 populi,
662 548 743 582 tres
775 548 814 582 et
838 542 983 597 viginti
1008 549 1148 581 natum
1175 556 1322 591 annos,
1355 557 1451 583 con-

99 605 230 646 sulem
261 604 520 645 renuntiavit.
576 603 734 658 collega
766 603 903 645 Corvo
935 604 986 644 de
1017 603 1136 658 plebe
1166 602 1227 644 M.
1259 603 1447 659 Popilius
1499 621 1515 649 :3

98 667 284 715 Laenas,
311 673 502 720 quartum
527 665 670 706 consul
694 666 876 715 futurus,
903 666 1022 706 datus
1049 672 1122 707 est.
1161 681 1254 706 cum
1276 665 1449 709 Graecis

99 744 124 770 a
151 728 327 770 Camillo
352 728 464 768 nulla
488 727 763 768 memorabilis
789 735 909 783 gesta
933 743 1016 770 res:
1050 742 1125 768 nec
1149 728 1207 768 illi
1238 735 1345 770 terra
1374 745 1450 771 nec

98 790 311 831 Romanus
343 790 445 830 mari
471 789 641 831 bellator
666 796 762 830 erat.
822 798 1030 844 postremo
1056 805 1150 830 eum
1174 790 1360 832 litoribus
1387 807 1451 832 ar-

99 860 303 901 cerentur,
335 867 441 905 aqua
472 853 595 892 etiam
625 858 786 906 praeter
816 860 949 892 cetera
975 852 1208 892 necessaria
1234 853 1326 893 usui
1352 854 1452 894 defi-

98 915 228 954 ciente
258 914 419 954 Italiam
450 914 662 966 reliquere.
723 914 839 954 cuius
870 914 1012 968 populi
1043 929 1089 954 ea
1127 914 1261 966 (euius
1294 915 1448 970 gentis)

98 976 242 1017 classis
268 976 408 1024 fuerit,
440 976 540 1016 nihil
572 976 670 1016 certi
701 982 774 1016 est.
835 976 1013 1016 maxime
1042 974 1207 1017 Siciliae
1232 977 1362 1017 fuisse
1388 984 1451 1031 ty-

96 1053 246 1079 rannos
283 1037 543 1086 crediderim,
581 1053 674 1077 nam
712 1037 879 1078 ulterior
911 1036 1087 1078 Graecia
1122 1052 1170 1078 ea
1207 1044 1450 1092 tempestate

96 1099 287 1140 intestino
313 1100 425 1140 fessa
450 1099 557 1139 bello
582 1099 661 1139 iam
688 1099 968 1139 Macedonum
995 1114 1093 1153 opes
1119 1099 1322 1140 horrebat.

179 1160 376 1202 XXVII.
425 1160 689 1201 Exercitibus
727 1161 908 1201 dimissis
946 1175 1041 1200 cum
1077 1167 1117 1200 et
1152 1160 1252 1201 foris
1288 1176 1372 1215 pax
1408 1168 1447 1201 et

97 1223 208 1263 domi
234 1222 452 1263 eoncordia
478 1223 666 1262 ordinum
692 1222 820 1262 otium
846 1228 973 1271 esset,
1004 1237 1055 1262 ne
1081 1222 1203 1262 nimis
1229 1222 1359 1263 laetae
1385 1237 1450 1264 res

96 1290 252 1332 essent,
283 1283 517 1337 pestilentia
543 1284 748 1324 civitatem
774 1284 917 1324 adorta
942 1284 1076 1339 coegit
1103 1291 1291 1325 senatum
1321 1285 1451 1340 impe-

94 1359 183 1385 rare
209 1345 470 1393 decemviris,
504 1352 548 1385 ut
572 1345 697 1386 libros
728 1344 953 1400 Sibyllinos
985 1346 1251 1400 inspicerent:
1290 1362 1451 1388 eorum-

94 1422 172 1460 que
198 1407 355 1447 monitu
380 1407 674 1448 lectisternium
705 1407 793 1448 fuit.
855 1408 1001 1449 eodem
1031 1424 1138 1449 anno
1166 1408 1374 1450 Satricum
1399 1409 1450 1450 ab

93 1469 333 1510 Antiatibus
360 1469 518 1510 colonia
538 1470 715 1511 deducta
733 1470 1000 1524 restitutaque
1021 1471 1138 1521 urbs,
1165 1486 1289 1525 quam
1308 1472 1451 1512 Latini

94 1532 313 1572 diruerant.
357 1539 396 1572 et
415 1548 508 1572 cum
525 1532 938 1588 Carthaginiensibus
958 1533 1105 1588 legatis
1125 1534 1284 1575 Romae
1303 1534 1450 1575 foedus

94 1596 239 1645 ictum,
267 1611 361 1636 eum
387 1596 607 1636 amicitiam
633 1611 680 1636 ae
707 1596 943 1637 societatem
969 1604 1155 1650 petentes
1181 1598 1403 1638 venissent.

177 1658 297 1698 Idem
322 1657 450 1698 otium
475 1657 587 1698 domi
605 1658 787 1710 forisque
808 1659 957 1699 mansit
979 1657 1028 1699 T.
1044 1658 1204 1699 Manlio
1224 1658 1448 1712 Torquato,

96 1718 145 1761 C.
171 1719 336 1760 Plautio
363 1720 615 1760 consulibus,
666 1721 982 1761 semunciarium
1009 1728 1167 1761 tantum
1193 1736 1244 1761 ex
1269 1721 1451 1761 unciario

95 1782 240 1822 faenus
260 1781 415 1822 factum
435 1789 475 1821 et
493 1782 535 1821 in
554 1782 771 1835 pensiones
793 1797 945 1835 aequas
965 1782 1144 1832 triennii,
1170 1782 1226 1823 ita
1244 1790 1288 1823 ut
1307 1789 1452 1836 quarta

95 1858 291 1898 praesens
318 1850 445 1892 esset,
479 1843 626 1883 solutio
653 1844 757 1884 aeris
784 1844 906 1884 alieni
931 1844 1168 1897 dispensata
1193 1851 1266 1885 est.
1321 1851 1361 1885 et
1391 1844 1450 1885 sic

96 1919 260 1958 quoque
285 1912 398 1959 parte
423 1904 556 1958 plebis
582 1905 762 1954 adfecta,
793 1905 896 1946 fides
923 1912 1060 1946 tamen
1084 1905 1250 1960 publiea
1279 1905 1449 1961 privatis

96 1965 408 2007 difficultatibus
422 1966 555 2020 potior
575 1966 627 2006 ad
647 1981 786 2007 euram
806 1967 965 2008 senatui
978 1968 1068 2008 fuit.
1095 1967 1253 2009 levatae
1272 1968 1451 2009 maxime

95 2042 180 2078 1'CS,
207 2028 303 2081 quia
328 2027 479 2069 tributo
504 2043 551 2068 ac
577 2029 728 2069 dilectu
754 2044 1053 2083 super-sessum.

183 2089 322 2131 Tertio
360 2106 467 2131 anno
503 2097 596 2144 post
629 2089 834 2131 Satricum
869 2092 1102 2132 restitutum
1139 2108 1163 2133 a
1192 2092 1358 2134 Volscis
1387 2092 1449 2133 Μ.

97 2151 289 2193 Valerius
322 2151 484 2193 Corvus
520 2152 668 2193 iterum
705 2153 848 2194 consul
879 2169 972 2194 cum
1006 2153 1054 2195 C.
1086 2154 1271 2196 Poetelio
1301 2148 1448 2204 factus,

99 2228 192 2253 eum
217 2228 268 2254 ex
285 2214 410 2254 Latio
435 2214 666 2255 nuntiatum
692 2223 818 2265 esset,
844 2216 1002 2271 legatos
1023 2216 1074 2257 ab
1089 2216 1217 2258 Antio
1237 2218 1450 2258 circumire

97 2275 272 2328 populos
304 2276 550 2316 Latinorum
586 2277 638 2317 ad
675 2278 963 2318 concitandum
999 2278 1172 2326 bellum,
1211 2279 1449 2334 priusquam

97 2336 191 2390 plus
216 2336 397 2377 hostium
422 2337 553 2387 fieret,
580 2337 744 2380 Volscis
771 2355 885 2380 arma
908 2339 1058 2380 inferre
1083 2340 1221 2381 iussus
1247 2341 1300 2382 ad
1321 2340 1450 2383 Satri-

98 2412 192 2438 cum
230 2399 410 2439 exereitu
446 2399 597 2441 infesto
633 2401 777 2456 pergit.
838 2416 920 2455 quo
951 2416 1044 2442 cum
1074 2401 1266 2444 Antiates
1300 2403 1448 2457 aliique

100 2459 243 2500 Volsci
267 2461 519 2515 praeparatis
545 2462 627 2502 iam
653 2470 763 2512 ante,
791 2463 825 2504 si
850 2464 948 2517 quid
973 2463 1024 2504 ab
1044 2464 1178 2505 Roma
1203 2473 1446 2515 moveretur,

98 2522 226 2575 copiis
253 2523 545 2573 occurrissent,
570 2524 682 2565 nulla
700 2540 815 2566 mora
832 2525 937 2566 inter
961 2525 1145 2566 infensos
1172 2527 1328 2568 diutino
1354 2527 1447 2569 odio

98 2584 320 2625 dimicandi
339 2584 448 2626 faeta
467 2592 541 2626 est.
578 2585 734 2636 Volsci,
760 2587 935 2628 ferocior
954 2588 1006 2628 ad
1023 2587 1303 2630 rebellandum
1324 2605 1446 2643 quam

98 2645 150 2686 ad
186 2645 421 2687 bellandum
457 2662 578 2703 gens,
618 2649 838 2690 certamine
874 2650 972 2690 vieti
1002 2649 1103 2705 fuga
1134 2652 1267 2693 effusa
1299 2650 1448 2694 Satrici

97 2708 259 2750 moenia
288 2715 442 2763 petunt.
474 2717 544 2776 ¹et:
572 2725 623 2752 ne
654 2711 696 2752 in
726 2712 853 2753 muris
886 2712 1051 2766 quidem
1086 2714 1184 2756 satis
1220 2714 1338 2756 firma
1374 2729 1447 2770 spe

1477 802 1517 830 14

1478 927 1517 955 15

1477 1420 1494 1448 ‘2

1476 1669 1494 1699 3

1475 1855 1496 1884 4

1476 2293 1494 2322 6

1475 2605 1490 2633 λἸ
