<?xml version="1.0" encoding="UTF-8"?>
<!DOCTYPE html PUBLIC "-//W3C//DTD XHTML 1.0 Transitional//EN"
    "http://www.w3.org/TR/xhtml1/DTD/xhtml1-transitional.dtd">
<html xmlns="http://www.w3.org/1999/xhtml" xml:lang="en" lang="en">
 <head>
  <title>
</title>
<meta http-equiv="Content-Type" content="text/html;charset=utf-8" />
  <meta name='ocr-system' content='tesseract 3.04.00' />
  <meta name='ocr-capabilities' content='ocr_page ocr_carea ocr_par ocr_line ocrx_word'/>
</head>
<body>
  <div class='ocr_page' id='page_1' title='image "./aburbeconditalib01livyuoft_0317.png"; bbox 0 0 1780 3204; ppageno 0'>
   <div class='ocr_carea' id='block_1_1' title="bbox 438 222 1426 276">
    <p class='ocr_par' dir='ltr' id='par_1_1' title="bbox 438 222 1426 276">
     <span class='ocr_line' id='line_1_1' title="bbox 438 222 1426 276; baseline -0.003 -11"><span class='ocrx_word' id='word_1_1' title='bbox 438 231 592 265; x_wconf 69' lang='lat' dir='ltr'><strong>LIBER</strong></span> <span class='ocrx_word' id='word_1_2' title='bbox 610 232 684 276; x_wconf 85' lang='lat'>111,</span> <span class='ocrx_word' id='word_1_3' title='bbox 709 231 762 266; x_wconf 76' lang='lat'>48.</span> <span class='ocrx_word' id='word_1_4' title='bbox 783 231 837 266; x_wconf 84' lang='lat'>49.</span> <span class='ocrx_word' id='word_1_5' title='bbox 865 234 912 275; x_wconf 77' lang='lat' dir='ltr'>[a.</span> <span class='ocrx_word' id='word_1_6' title='bbox 929 230 1063 275; x_wconf 76' lang='lat' dir='ltr'>C.449]</span> <span class='ocrx_word' id='word_1_7' title='bbox 1345 222 1426 263; x_wconf 82' lang='grc'>169</span> 
     </span>
    </p>
   </div>
   <div class='ocr_carea' id='block_1_2' title="bbox 76 334 1480 2734">
    <p class='ocr_par' dir='ltr' id='par_1_2' title="bbox 76 334 1479 1376">
     <span class='ocr_line' id='line_1_2' title="bbox 77 334 1430 392; baseline -0.002 -14"><span class='ocrx_word' id='word_1_8' title='bbox 77 351 168 379; x_wconf 89' lang='lat' dir='ltr'>cem</span> <span class='ocrx_word' id='word_1_9' title='bbox 192 350 319 392; x_wconf 83' lang='lat' dir='ltr'>prope</span> <span class='ocrx_word' id='word_1_10' title='bbox 346 334 567 377; x_wconf 76' lang='lat' dir='ltr'>Cloacinae</span> <span class='ocrx_word' id='word_1_11' title='bbox 598 336 651 376; x_wconf 90' lang='lat' dir='ltr'>ad</span> <span class='ocrx_word' id='word_1_12' title='bbox 675 335 878 384; x_wconf 79' lang='lat' dir='ltr'>tabernas,</span> <span class='ocrx_word' id='word_1_13' title='bbox 905 334 1054 388; x_wconf 88' lang='lat' dir='ltr'>quibus</span> <span class='ocrx_word' id='word_1_14' title='bbox 1085 349 1196 376; x_wconf 88' lang='lat' dir='ltr'>nune</span> <span class='ocrx_word' id='word_1_15' title='bbox 1225 334 1343 376; x_wconf 81' lang='lat' dir='ltr'>novis</span> <span class='ocrx_word' id='word_1_16' title='bbox 1369 341 1430 375; x_wconf 88' lang='lat' dir='ltr'>est</span> 
     </span>
     <span class='ocr_line' id='line_1_3' title="bbox 76 397 1430 451; baseline -0.002 -11"><span class='ocrx_word' id='word_1_17' title='bbox 76 413 239 448; x_wconf 90' lang='lat' dir='ltr'>nomen,</span> <span class='ocrx_word' id='word_1_18' title='bbox 267 405 388 451; x_wconf 85' lang='lat' dir='ltr'>atque</span> <span class='ocrx_word' id='word_1_19' title='bbox 412 397 470 438; x_wconf 92' lang='lat' dir='ltr'>ibi</span> <span class='ocrx_word' id='word_1_20' title='bbox 495 397 546 438; x_wconf 89' lang='lat' dir='ltr'>ab</span> <span class='ocrx_word' id='word_1_21' title='bbox 570 397 679 438; x_wconf 89' lang='lat' dir='ltr'>lanio</span> <span class='ocrx_word' id='word_1_22' title='bbox 705 397 833 438; x_wconf 88' lang='lat' dir='ltr'>cultro</span> <span class='ocrx_word' id='word_1_23' title='bbox 859 403 1018 451; x_wconf 91' lang='lat' dir='ltr'>arrepto</span> <span class='ocrx_word' id='word_1_24' title='bbox 1044 397 1139 438; x_wconf 83' lang='lat' dir='ltr'>‘hoc</span> <span class='ocrx_word' id='word_1_25' title='bbox 1165 404 1204 438; x_wconf 91' lang='lat' dir='ltr'>te</span> <span class='ocrx_word' id='word_1_26' title='bbox 1228 411 1323 447; x_wconf 91' lang='lat' dir='ltr'>uno,</span> <span class='ocrx_word' id='word_1_27' title='bbox 1349 411 1430 450; x_wconf 90' lang='lat' dir='ltr'>quo</span> 
     </span>
     <span class='ocr_line' id='line_1_4' title="bbox 78 458 1430 514; baseline -0.002 -13"><span class='ocrx_word' id='word_1_28' title='bbox 78 459 280 512; x_wconf 57' lang='lat' dir='ltr'>possum?</span> <span class='ocrx_word' id='word_1_29' title='bbox 317 460 373 501; x_wconf 85' lang='lat' dir='ltr'>ait</span> <span class='ocrx_word' id='word_1_30' title='bbox 399 460 559 508; x_wconf 78' lang='lat' dir='ltr'>‘modo,</span> <span class='ocrx_word' id='word_1_31' title='bbox 598 459 699 509; x_wconf 89' lang='lat' dir='ltr'>filia,</span> <span class='ocrx_word' id='word_1_32' title='bbox 730 459 773 499; x_wconf 90' lang='lat' dir='ltr'>in</span> <span class='ocrx_word' id='word_1_33' title='bbox 797 458 1027 500; x_wconf 86' lang='lat' dir='ltr'>libertatem</span> <span class='ocrx_word' id='word_1_34' title='bbox 1051 459 1250 500; x_wconf 65' lang='lat' dir='ltr'>vindico&#39;:</span> <span class='ocrx_word' id='word_1_35' title='bbox 1286 466 1430 514; x_wconf 84' lang='lat' dir='ltr'>pectus</span> 
     </span>
     <span class='ocr_line' id='line_1_5' title="bbox 78 520 1431 576; baseline -0.001 -14"><span class='ocrx_word' id='word_1_36' title='bbox 78 522 225 562; x_wconf 87' lang='lat' dir='ltr'>deinde</span> <span class='ocrx_word' id='word_1_37' title='bbox 255 521 417 576; x_wconf 88' lang='lat' dir='ltr'>puellae</span> <span class='ocrx_word' id='word_1_38' title='bbox 454 521 658 576; x_wconf 91' lang='lat' dir='ltr'>transfigit</span> <span class='ocrx_word' id='word_1_39' title='bbox 693 528 1011 575; x_wconf 71' lang='lat' dir='ltr'>respectansque</span> <span class='ocrx_word' id='word_1_40' title='bbox 1047 521 1100 561; x_wconf 87' lang='lat' dir='ltr'>ad</span> <span class='ocrx_word' id='word_1_41' title='bbox 1135 521 1312 562; x_wconf 90' lang='lat' dir='ltr'>tribunal</span> <span class='ocrx_word' id='word_1_42' title='bbox 1350 520 1431 569; x_wconf 90' lang='lat' dir='ltr'>‘te‚&#39;</span> 
     </span>
     <span class='ocr_line' id='line_1_6' title="bbox 77 582 1476 637; baseline 0 -14"><span class='ocrx_word' id='word_1_43' title='bbox 77 583 210 637; x_wconf 87' lang='lat' dir='ltr'>inquit</span> <span class='ocrx_word' id='word_1_44' title='bbox 235 582 380 637; x_wconf 87' lang='lat' dir='ltr'>‘Appi‚</span> <span class='ocrx_word' id='word_1_45' title='bbox 407 589 604 636; x_wconf 89' lang='lat' dir='ltr'>tuumque</span> <span class='ocrx_word' id='word_1_46' title='bbox 631 589 753 636; x_wconf 90' lang='lat' dir='ltr'>caput</span> <span class='ocrx_word' id='word_1_47' title='bbox 778 582 978 637; x_wconf 87' lang='lat' dir='ltr'>sanguine</span> <span class='ocrx_word' id='word_1_48' title='bbox 1003 582 1081 623; x_wconf 84' lang='lat' dir='ltr'>hoc</span> <span class='ocrx_word' id='word_1_49' title='bbox 1100 583 1319 624; x_wconf 65' lang='lat' dir='ltr'>consecro?</span> <span class='ocrx_word' id='word_1_50' title='bbox 1351 582 1433 623; x_wconf 87' lang='lat' dir='ltr'>cla·</span> <span class='ocrx_word' id='word_1_51' title='bbox 1459 595 1476 623; x_wconf 76' lang='grc'><strong>6</strong></span> 
     </span>
     <span class='ocr_line' id='line_1_7' title="bbox 76 643 1434 698; baseline 0 -14"><span class='ocrx_word' id='word_1_52' title='bbox 76 659 190 686; x_wconf 86' lang='lat' dir='ltr'>more</span> <span class='ocrx_word' id='word_1_53' title='bbox 215 645 267 685; x_wconf 79' lang='lat' dir='ltr'>ad</span> <span class='ocrx_word' id='word_1_54' title='bbox 292 651 376 684; x_wconf 90' lang='lat' dir='ltr'>tam</span> <span class='ocrx_word' id='word_1_55' title='bbox 401 651 518 685; x_wconf 81' lang='lat' dir='ltr'>atrox</span> <span class='ocrx_word' id='word_1_56' title='bbox 541 645 702 685; x_wconf 86' lang='lat' dir='ltr'>facinus</span> <span class='ocrx_word' id='word_1_57' title='bbox 728 650 816 684; x_wconf 90' lang='lat' dir='ltr'>orto</span> <span class='ocrx_word' id='word_1_58' title='bbox 842 644 999 684; x_wconf 78' lang='lat' dir='ltr'>excitus</span> <span class='ocrx_word' id='word_1_59' title='bbox 1021 643 1186 698; x_wconf 83' lang='lat' dir='ltr'>Appius</span> <span class='ocrx_word' id='word_1_60' title='bbox 1213 643 1434 698; x_wconf 84' lang='lat' dir='ltr'>conprendi</span> 
     </span>
     <span class='ocr_line' id='line_1_8' title="bbox 83 705 1432 761; baseline 0 -15"><span class='ocrx_word' id='word_1_61' title='bbox 83 706 323 761; x_wconf 78' lang='lat' dir='ltr'>Verginium</span> <span class='ocrx_word' id='word_1_62' title='bbox 347 705 471 747; x_wconf 89' lang='lat' dir='ltr'>iubet.</span> <span class='ocrx_word' id='word_1_63' title='bbox 526 706 593 747; x_wconf 91' lang='lat' dir='ltr'>ille</span> <span class='ocrx_word' id='word_1_64' title='bbox 619 705 725 746; x_wconf 91' lang='lat' dir='ltr'>ferro</span> <span class='ocrx_word' id='word_1_65' title='bbox 751 720 1009 758; x_wconf 83' lang='lat' dir='ltr'>quacumque</span> <span class='ocrx_word' id='word_1_66' title='bbox 1034 705 1119 746; x_wconf 90' lang='lat' dir='ltr'>ibat</span> <span class='ocrx_word' id='word_1_67' title='bbox 1150 706 1259 746; x_wconf 69' lang='lat' dir='ltr'>viam</span> <span class='ocrx_word' id='word_1_68' title='bbox 1284 706 1432 755; x_wconf 85' lang='lat' dir='ltr'>facere,</span> 
     </span>
     <span class='ocr_line' id='line_1_9' title="bbox 78 768 1432 822; baseline 0 -14"><span class='ocrx_word' id='word_1_69' title='bbox 78 768 208 809; x_wconf 85' lang='lat' dir='ltr'>donec</span> <span class='ocrx_word' id='word_1_70' title='bbox 232 768 494 808; x_wconf 85' lang='lat' dir='ltr'>multitudine</span> <span class='ocrx_word' id='word_1_71' title='bbox 520 768 642 808; x_wconf 89' lang='lat' dir='ltr'>etiam</span> <span class='ocrx_word' id='word_1_72' title='bbox 666 768 1002 822; x_wconf 76' lang='lat' dir='ltr'>prosequentium</span> <span class='ocrx_word' id='word_1_73' title='bbox 1028 774 1167 808; x_wconf 90' lang='lat' dir='ltr'>tuente</span> <span class='ocrx_word' id='word_1_74' title='bbox 1197 768 1251 808; x_wconf 87' lang='lat' dir='ltr'>ad</span> <span class='ocrx_word' id='word_1_75' title='bbox 1274 774 1432 821; x_wconf 89' lang='lat' dir='ltr'>portam</span> 
     </span>
     <span class='ocr_line' id='line_1_10' title="bbox 77 829 1478 885; baseline 0 -15"><span class='ocrx_word' id='word_1_76' title='bbox 77 830 268 885; x_wconf 73' lang='lat' dir='ltr'>perrexit.</span> <span class='ocrx_word' id='word_1_77' title='bbox 305 830 446 870; x_wconf 90' lang='lat' dir='ltr'>Icilius</span> <span class='ocrx_word' id='word_1_78' title='bbox 465 829 802 883; x_wconf 72' lang='lat' dir='ltr'>Numitoriusque</span> <span class='ocrx_word' id='word_1_79' title='bbox 828 844 1038 884; x_wconf 76' lang='lat' dir='ltr'>exsangue</span> <span class='ocrx_word' id='word_1_80' title='bbox 1059 844 1206 883; x_wconf 88' lang='lat' dir='ltr'>corpus</span> <span class='ocrx_word' id='word_1_81' title='bbox 1227 829 1433 870; x_wconf 88' lang='lat' dir='ltr'>sublatum</span> <span class='ocrx_word' id='word_1_82' title='bbox 1461 841 1478 869; x_wconf 86' lang='grc'>7</span> 
     </span>
     <span class='ocr_line' id='line_1_11' title="bbox 79 890 1432 945; baseline -0.001 -13"><span class='ocrx_word' id='word_1_83' title='bbox 79 897 285 932; x_wconf 88' lang='lat' dir='ltr'>ostentant</span> <span class='ocrx_word' id='word_1_84' title='bbox 309 891 460 945; x_wconf 87' lang='lat' dir='ltr'>populo</span> <span class='ocrx_word' id='word_1_85' title='bbox 469 907 479 941; x_wconf 85' lang='lat'><em>3</em></span> <span class='ocrx_word' id='word_1_86' title='bbox 512 891 646 932; x_wconf 88' lang='lat' dir='ltr'>scelus</span> <span class='ocrx_word' id='word_1_87' title='bbox 671 890 803 945; x_wconf 87' lang='lat' dir='ltr'>Appi,</span> <span class='ocrx_word' id='word_1_88' title='bbox 829 890 989 945; x_wconf 90' lang='lat' dir='ltr'>puellae</span> <span class='ocrx_word' id='word_1_89' title='bbox 1014 891 1220 931; x_wconf 82' lang='lat' dir='ltr'>infelicem</span> <span class='ocrx_word' id='word_1_90' title='bbox 1245 891 1432 941; x_wconf 88' lang='lat' dir='ltr'>formam,</span> 
     </span>
     <span class='ocr_line' id='line_1_12' title="bbox 77 952 1479 1007; baseline 0 -13"><span class='ocrx_word' id='word_1_91' title='bbox 77 953 363 994; x_wconf 85' lang='lat' dir='ltr'>necessitatem</span> <span class='ocrx_word' id='word_1_92' title='bbox 387 953 514 1007; x_wconf 87' lang='lat' dir='ltr'>patris</span> <span class='ocrx_word' id='word_1_93' title='bbox 540 953 764 1007; x_wconf 78' lang='lat' dir='ltr'>deplorant.</span> <span class='ocrx_word' id='word_1_94' title='bbox 809 959 1026 1005; x_wconf 84' lang='lat' dir='ltr'>sequentes</span> <span class='ocrx_word' id='word_1_95' title='bbox 1052 952 1261 993; x_wconf 89' lang='lat' dir='ltr'>clamitant</span> <span class='ocrx_word' id='word_1_96' title='bbox 1286 959 1436 994; x_wconf 86' lang='lat' dir='ltr'>matro-</span> <span class='ocrx_word' id='word_1_97' title='bbox 1459 955 1479 986; x_wconf 82' lang='lat'>8</span> 
     </span>
     <span class='ocr_line' id='line_1_13' title="bbox 78 1014 1436 1069; baseline -0.001 -14"><span class='ocrx_word' id='word_1_98' title='bbox 78 1030 167 1064; x_wconf 87' lang='lat' dir='ltr'>nae,</span> <span class='ocrx_word' id='word_1_99' title='bbox 195 1030 338 1056; x_wconf 87' lang='lat' dir='ltr'>eamne</span> <span class='ocrx_word' id='word_1_100' title='bbox 362 1015 582 1055; x_wconf 89' lang='lat' dir='ltr'>liberorum</span> <span class='ocrx_word' id='word_1_101' title='bbox 607 1014 951 1069; x_wconf 86' lang='lat' dir='ltr'>procreandorum</span> <span class='ocrx_word' id='word_1_102' title='bbox 976 1014 1268 1062; x_wconf 89' lang='lat' dir='ltr'>condicionem,</span> <span class='ocrx_word' id='word_1_103' title='bbox 1295 1029 1342 1054; x_wconf 85' lang='lat' dir='ltr'>ea</span> <span class='ocrx_word' id='word_1_104' title='bbox 1360 1029 1436 1068; x_wconf 91' lang='lat' dir='ltr'>pu-</span> 
     </span>
     <span class='ocr_line' id='line_1_14' title="bbox 78 1075 1434 1131; baseline -0.001 -14"><span class='ocrx_word' id='word_1_105' title='bbox 78 1077 240 1118; x_wconf 83' lang='lat' dir='ltr'>dicitiae</span> <span class='ocrx_word' id='word_1_106' title='bbox 274 1077 458 1131; x_wconf 87' lang='lat' dir='ltr'>praemia</span> <span class='ocrx_word' id='word_1_107' title='bbox 493 1091 602 1125; x_wconf 87' lang='lat' dir='ltr'>esse,</span> <span class='ocrx_word' id='word_1_108' title='bbox 641 1083 792 1124; x_wconf 90' lang='lat' dir='ltr'>cetera,</span> <span class='ocrx_word' id='word_1_109' title='bbox 831 1090 936 1128; x_wconf 89' lang='lat' dir='ltr'>quac</span> <span class='ocrx_word' id='word_1_110' title='bbox 972 1076 1014 1115; x_wconf 91' lang='lat' dir='ltr'>in</span> <span class='ocrx_word' id='word_1_111' title='bbox 1045 1075 1116 1115; x_wconf 90' lang='lat' dir='ltr'>tali</span> <span class='ocrx_word' id='word_1_112' title='bbox 1145 1090 1188 1116; x_wconf 89' lang='lat' dir='ltr'>re</span> <span class='ocrx_word' id='word_1_113' title='bbox 1224 1075 1434 1116; x_wconf 80' lang='lat' dir='ltr'>muliebris</span> 
     </span>
     <span class='ocr_line' id='line_1_15' title="bbox 79 1136 1435 1191; baseline -0.001 -12"><span class='ocrx_word' id='word_1_114' title='bbox 79 1138 211 1188; x_wconf 90' lang='lat' dir='ltr'>dolor,</span> <span class='ocrx_word' id='word_1_115' title='bbox 253 1153 334 1191; x_wconf 90' lang='lat' dir='ltr'>quo</span> <span class='ocrx_word' id='word_1_116' title='bbox 372 1144 434 1179; x_wconf 89' lang='lat' dir='ltr'>est</span> <span class='ocrx_word' id='word_1_117' title='bbox 464 1138 658 1178; x_wconf 88' lang='lat' dir='ltr'>maestior</span> <span class='ocrx_word' id='word_1_118' title='bbox 686 1136 878 1178; x_wconf 90' lang='lat' dir='ltr'>inbecillo</span> <span class='ocrx_word' id='word_1_119' title='bbox 909 1136 1062 1184; x_wconf 87' lang='lat' dir='ltr'>animo,</span> <span class='ocrx_word' id='word_1_120' title='bbox 1101 1151 1148 1176; x_wconf 93' lang='lat' dir='ltr'>eo</span> <span class='ocrx_word' id='word_1_121' title='bbox 1185 1136 1435 1177; x_wconf 85' lang='lat' dir='ltr'>miserabilia</span> 
     </span>
     <span class='ocr_line' id='line_1_16' title="bbox 77 1197 1478 1254; baseline 0.001 -14"><span class='ocrx_word' id='word_1_122' title='bbox 77 1200 210 1254; x_wconf 84' lang='lat' dir='ltr'>magis</span> <span class='ocrx_word' id='word_1_123' title='bbox 242 1199 505 1252; x_wconf 83' lang='lat' dir='ltr'>querentibus</span> <span class='ocrx_word' id='word_1_124' title='bbox 538 1198 698 1239; x_wconf 86' lang='lat' dir='ltr'>subicit.</span> <span class='ocrx_word' id='word_1_125' title='bbox 747 1198 927 1238; x_wconf 72' lang='lat' dir='ltr'>virorum</span> <span class='ocrx_word' id='word_1_126' title='bbox 960 1204 1000 1237; x_wconf 92' lang='lat' dir='ltr'>et</span> <span class='ocrx_word' id='word_1_127' title='bbox 1029 1197 1207 1237; x_wconf 77' lang='lat' dir='ltr'>maxime</span> <span class='ocrx_word' id='word_1_128' title='bbox 1233 1197 1325 1237; x_wconf 88' lang='lat' dir='ltr'>Icili</span> <span class='ocrx_word' id='word_1_129' title='bbox 1354 1213 1434 1238; x_wconf 67' lang='lat' dir='ltr'>vox</span> <span class='ocrx_word' id='word_1_130' title='bbox 1461 1214 1478 1241; x_wconf 83' lang='lat'><strong>9</strong></span> 
     </span>
     <span class='ocr_line' id='line_1_17' title="bbox 77 1258 1435 1314; baseline -0.002 -13"><span class='ocrx_word' id='word_1_131' title='bbox 77 1267 162 1302; x_wconf 82' lang='lat' dir='ltr'>tota</span> <span class='ocrx_word' id='word_1_132' title='bbox 197 1260 436 1301; x_wconf 82' lang='lat' dir='ltr'>tribuniciae</span> <span class='ocrx_word' id='word_1_133' title='bbox 472 1259 686 1314; x_wconf 89' lang='lat' dir='ltr'>potestatis</span> <span class='ocrx_word' id='word_1_134' title='bbox 723 1273 771 1299; x_wconf 89' lang='lat' dir='ltr'>ac</span> <span class='ocrx_word' id='word_1_135' title='bbox 805 1258 1106 1313; x_wconf 80' lang='lat' dir='ltr'>provocationis</span> <span class='ocrx_word' id='word_1_136' title='bbox 1143 1258 1195 1299; x_wconf 88' lang='lat' dir='ltr'>ad</span> <span class='ocrx_word' id='word_1_137' title='bbox 1236 1259 1435 1313; x_wconf 87' lang='lat' dir='ltr'>populum</span> 
     </span>
     <span class='ocr_line' id='line_1_18' title="bbox 78 1320 1082 1376; baseline -0.002 -14"><span class='ocrx_word' id='word_1_138' title='bbox 78 1328 240 1376; x_wconf 88' lang='lat' dir='ltr'>ereptae</span> <span class='ocrx_word' id='word_1_139' title='bbox 264 1320 603 1375; x_wconf 89' lang='lat' dir='ltr'>publicarumque</span> <span class='ocrx_word' id='word_1_140' title='bbox 628 1321 959 1375; x_wconf 81' lang='lat' dir='ltr'>indignationum</span> <span class='ocrx_word' id='word_1_141' title='bbox 984 1327 1082 1361; x_wconf 88' lang='lat' dir='ltr'>erat.</span> 
     </span>
    </p>

    <p class='ocr_par' dir='ltr' id='par_1_3' title="bbox 76 1381 1480 2734">
     <span class='ocr_line' id='line_1_19' title="bbox 159 1381 1476 1436; baseline 0.002 -13"><span class='ocrx_word' id='word_1_142' title='bbox 159 1381 502 1424; x_wconf 85' lang='lat' dir='ltr'>XXXXVIIII.</span> <span class='ocrx_word' id='word_1_143' title='bbox 542 1381 783 1423; x_wconf 86' lang='lat' dir='ltr'>Concitatur</span> <span class='ocrx_word' id='word_1_144' title='bbox 806 1382 1024 1422; x_wconf 79' lang='lat' dir='ltr'>multitudo</span> <span class='ocrx_word' id='word_1_145' title='bbox 1048 1382 1197 1436; x_wconf 86' lang='lat' dir='ltr'>partim</span> <span class='ocrx_word' id='word_1_146' title='bbox 1223 1383 1433 1423; x_wconf 87' lang='lat' dir='ltr'>atrocitate</span> <span class='ocrx_word' id='word_1_147' title='bbox 1463 1398 1476 1426; x_wconf 86' lang='lat'>1</span> 
     </span>
     <span class='ocr_line' id='line_1_20' title="bbox 78 1443 1432 1499; baseline -0.001 -13"><span class='ocrx_word' id='word_1_148' title='bbox 78 1444 243 1486; x_wconf 88' lang='lat' dir='ltr'>sceleris</span> <span class='ocrx_word' id='word_1_149' title='bbox 273 1444 422 1499; x_wconf 89' lang='lat' dir='ltr'>partim</span> <span class='ocrx_word' id='word_1_150' title='bbox 454 1459 526 1499; x_wconf 85' lang='lat' dir='ltr'>spe</span> <span class='ocrx_word' id='word_1_151' title='bbox 556 1459 630 1499; x_wconf 88' lang='lat' dir='ltr'>per</span> <span class='ocrx_word' id='word_1_152' title='bbox 660 1444 918 1485; x_wconf 85' lang='lat' dir='ltr'>occasionem</span> <span class='ocrx_word' id='word_1_153' title='bbox 942 1444 1188 1498; x_wconf 87' lang='lat' dir='ltr'>repetendae</span> <span class='ocrx_word' id='word_1_154' title='bbox 1218 1443 1432 1485; x_wconf 89' lang='lat' dir='ltr'>libertatis.</span> 
     </span>
     <span class='ocr_line' id='line_1_21' title="bbox 76 1506 1479 1561; baseline -0.001 -14"><span class='ocrx_word' id='word_1_155' title='bbox 76 1506 241 1561; x_wconf 86' lang='lat' dir='ltr'>Appius</span> <span class='ocrx_word' id='word_1_156' title='bbox 267 1521 377 1547; x_wconf 88' lang='lat' dir='ltr'>nunc</span> <span class='ocrx_word' id='word_1_157' title='bbox 401 1506 539 1547; x_wconf 83' lang='lat' dir='ltr'>vocari</span> <span class='ocrx_word' id='word_1_158' title='bbox 558 1506 734 1555; x_wconf 83' lang='lat' dir='ltr'>Icilium,</span> <span class='ocrx_word' id='word_1_159' title='bbox 760 1521 868 1547; x_wconf 90' lang='lat' dir='ltr'>nune</span> <span class='ocrx_word' id='word_1_160' title='bbox 893 1512 1180 1547; x_wconf 86' lang='lat' dir='ltr'>retractantem</span> <span class='ocrx_word' id='word_1_161' title='bbox 1201 1506 1336 1560; x_wconf 84' lang='lat' dir='ltr'>arripi,</span> <span class='ocrx_word' id='word_1_162' title='bbox 1362 1521 1436 1561; x_wconf 89' lang='lat' dir='ltr'>po-</span> <span class='ocrx_word' id='word_1_163' title='bbox 1462 1520 1479 1547; x_wconf 74' lang='lat'><strong>2</strong></span> 
     </span>
     <span class='ocr_line' id='line_1_22' title="bbox 81 1567 1435 1623; baseline -0.001 -13"><span class='ocrx_word' id='word_1_164' title='bbox 81 1576 244 1617; x_wconf 75' lang='lat' dir='ltr'>stremo,</span> <span class='ocrx_word' id='word_1_165' title='bbox 271 1582 366 1608; x_wconf 88' lang='lat' dir='ltr'>eum</span> <span class='ocrx_word' id='word_1_166' title='bbox 385 1567 500 1609; x_wconf 87' lang='lat' dir='ltr'>locus</span> <span class='ocrx_word' id='word_1_167' title='bbox 520 1568 697 1609; x_wconf 87' lang='lat' dir='ltr'>adeundi</span> <span class='ocrx_word' id='word_1_168' title='bbox 718 1568 1018 1623; x_wconf 84' lang='lat' dir='ltr'>apparitoribus</span> <span class='ocrx_word' id='word_1_169' title='bbox 1043 1583 1125 1609; x_wconf 91' lang='lat' dir='ltr'>non</span> <span class='ocrx_word' id='word_1_170' title='bbox 1144 1568 1320 1617; x_wconf 86' lang='lat' dir='ltr'>daretur,</span> <span class='ocrx_word' id='word_1_171' title='bbox 1346 1568 1435 1622; x_wconf 90' lang='lat' dir='ltr'>ipse</span> 
     </span>
     <span class='ocr_line' id='line_1_23' title="bbox 78 1629 1436 1684; baseline -0.001 -14"><span class='ocrx_word' id='word_1_172' title='bbox 78 1644 171 1670; x_wconf 89' lang='lat' dir='ltr'>cum</span> <span class='ocrx_word' id='word_1_173' title='bbox 197 1629 360 1684; x_wconf 84' lang='lat' dir='ltr'>agmine</span> <span class='ocrx_word' id='word_1_174' title='bbox 391 1630 654 1683; x_wconf 89' lang='lat' dir='ltr'>patriciorum</span> <span class='ocrx_word' id='word_1_175' title='bbox 684 1631 880 1670; x_wconf 74' lang='lat' dir='ltr'>iuvenum</span> <span class='ocrx_word' id='word_1_176' title='bbox 912 1645 984 1684; x_wconf 90' lang='lat' dir='ltr'>per</span> <span class='ocrx_word' id='word_1_177' title='bbox 1014 1629 1176 1671; x_wconf 90' lang='lat' dir='ltr'>turbam</span> <span class='ocrx_word' id='word_1_178' title='bbox 1206 1630 1362 1670; x_wconf 67' lang='lat' dir='ltr'>vadens</span> <span class='ocrx_word' id='word_1_179' title='bbox 1394 1630 1436 1669; x_wconf 91' lang='lat' dir='ltr'>in</span> 
     </span>
     <span class='ocr_line' id='line_1_24' title="bbox 79 1690 1480 1739; baseline 0.001 -8"><span class='ocrx_word' id='word_1_180' title='bbox 79 1690 242 1731; x_wconf 79' lang='lat' dir='ltr'>vincula</span> <span class='ocrx_word' id='word_1_181' title='bbox 265 1691 359 1731; x_wconf 90' lang='lat' dir='ltr'>duci</span> <span class='ocrx_word' id='word_1_182' title='bbox 377 1691 502 1732; x_wconf 84' lang='lat' dir='ltr'>iubet.</span> <span class='ocrx_word' id='word_1_183' title='bbox 539 1692 620 1732; x_wconf 90' lang='lat' dir='ltr'>iam</span> <span class='ocrx_word' id='word_1_184' title='bbox 641 1692 747 1732; x_wconf 88' lang='lat' dir='ltr'>circa</span> <span class='ocrx_word' id='word_1_185' title='bbox 766 1691 929 1732; x_wconf 88' lang='lat' dir='ltr'>Icilium</span> <span class='ocrx_word' id='word_1_186' title='bbox 948 1707 1031 1733; x_wconf 91' lang='lat' dir='ltr'>non</span> <span class='ocrx_word' id='word_1_187' title='bbox 1048 1692 1183 1732; x_wconf 87' lang='lat' dir='ltr'>solum</span> <span class='ocrx_word' id='word_1_188' title='bbox 1202 1691 1432 1739; x_wconf 86' lang='lat' dir='ltr'>multitudo,</span> <span class='ocrx_word' id='word_1_189' title='bbox 1462 1704 1480 1732; x_wconf 73' lang='lat'>3</span> 
     </span>
     <span class='ocr_line' id='line_1_25' title="bbox 80 1751 1436 1804; baseline 0.001 -13"><span class='ocrx_word' id='word_1_190' title='bbox 80 1753 153 1792; x_wconf 87' lang='lat' dir='ltr'>sed</span> <span class='ocrx_word' id='word_1_191' title='bbox 171 1752 296 1791; x_wconf 89' lang='lat' dir='ltr'>duces</span> <span class='ocrx_word' id='word_1_192' title='bbox 316 1766 479 1804; x_wconf 87' lang='lat' dir='ltr'>quoquc</span> <span class='ocrx_word' id='word_1_193' title='bbox 500 1752 771 1793; x_wconf 87' lang='lat' dir='ltr'>multitudinis</span> <span class='ocrx_word' id='word_1_194' title='bbox 797 1760 909 1793; x_wconf 86' lang='lat' dir='ltr'>erant</span> <span class='ocrx_word' id='word_1_195' title='bbox 930 1754 983 1792; x_wconf 90' lang='lat' dir='ltr'>L.</span> <span class='ocrx_word' id='word_1_196' title='bbox 997 1752 1190 1793; x_wconf 84' lang='lat' dir='ltr'>Valerius</span> <span class='ocrx_word' id='word_1_197' title='bbox 1212 1759 1249 1792; x_wconf 90' lang='lat' dir='ltr'>et</span> <span class='ocrx_word' id='word_1_198' title='bbox 1268 1751 1330 1791; x_wconf 82' lang='lat' dir='ltr'>M.</span> <span class='ocrx_word' id='word_1_199' title='bbox 1345 1751 1436 1792; x_wconf 93' lang='lat' dir='ltr'>Ho-</span> 
     </span>
     <span class='ocr_line' id='line_1_26' title="bbox 77 1812 1434 1868; baseline 0.001 -15"><span class='ocrx_word' id='word_1_200' title='bbox 77 1812 226 1861; x_wconf 86' lang='lat' dir='ltr'>ratius,</span> <span class='ocrx_word' id='word_1_201' title='bbox 258 1813 327 1865; x_wconf 88' lang='lat' dir='ltr'>qui</span> <span class='ocrx_word' id='word_1_202' title='bbox 352 1813 517 1866; x_wconf 87' lang='lat' dir='ltr'>repulso</span> <span class='ocrx_word' id='word_1_203' title='bbox 541 1813 701 1863; x_wconf 88' lang='lat' dir='ltr'>lictore,</span> <span class='ocrx_word' id='word_1_204' title='bbox 734 1815 769 1854; x_wconf 86' lang='lat' dir='ltr'>si</span> <span class='ocrx_word' id='word_1_205' title='bbox 793 1814 881 1854; x_wconf 91' lang='lat' dir='ltr'>iure</span> <span class='ocrx_word' id='word_1_206' title='bbox 905 1820 1063 1868; x_wconf 86' lang='lat' dir='ltr'>ageret,</span> <span class='ocrx_word' id='word_1_207' title='bbox 1101 1813 1308 1853; x_wconf 70' lang='lat' dir='ltr'>vindicare</span> <span class='ocrx_word' id='word_1_208' title='bbox 1341 1827 1384 1853; x_wconf 89' lang='lat' dir='ltr'>se</span> <span class='ocrx_word' id='word_1_209' title='bbox 1410 1829 1434 1854; x_wconf 86' lang='lat' dir='ltr'>a</span> 
     </span>
     <span class='ocr_line' id='line_1_27' title="bbox 78 1873 1435 1928; baseline -0.001 -12"><span class='ocrx_word' id='word_1_210' title='bbox 78 1874 238 1928; x_wconf 71' lang='lat' dir='ltr'>privato</span> <span class='ocrx_word' id='word_1_211' title='bbox 257 1873 419 1914; x_wconf 87' lang='lat' dir='ltr'>Icilium</span> <span class='ocrx_word' id='word_1_212' title='bbox 439 1873 612 1923; x_wconf 87' lang='lat' dir='ltr'>aiebant,</span> <span class='ocrx_word' id='word_1_213' title='bbox 638 1875 673 1916; x_wconf 92' lang='lat' dir='ltr'>si</span> <span class='ocrx_word' id='word_1_214' title='bbox 691 1875 775 1915; x_wconf 71' lang='lat' dir='ltr'>vim</span> <span class='ocrx_word' id='word_1_215' title='bbox 794 1875 954 1915; x_wconf 87' lang='lat' dir='ltr'>adferre</span> <span class='ocrx_word' id='word_1_216' title='bbox 977 1882 1231 1923; x_wconf 83' lang='lat' dir='ltr'>conarentur,</span> <span class='ocrx_word' id='word_1_217' title='bbox 1258 1874 1315 1914; x_wconf 89' lang='lat' dir='ltr'>ibi</span> <span class='ocrx_word' id='word_1_218' title='bbox 1333 1889 1435 1927; x_wconf 91' lang='lat' dir='ltr'>quo-</span> 
     </span>
     <span class='ocr_line' id='line_1_28' title="bbox 80 1935 1478 1990; baseline 0.001 -14"><span class='ocrx_word' id='word_1_219' title='bbox 80 1951 159 1989; x_wconf 91' lang='lat' dir='ltr'>que</span> <span class='ocrx_word' id='word_1_220' title='bbox 183 1936 296 1976; x_wconf 90' lang='lat' dir='ltr'>haud</span> <span class='ocrx_word' id='word_1_221' title='bbox 320 1936 483 1990; x_wconf 88' lang='lat' dir='ltr'>inpares</span> <span class='ocrx_word' id='word_1_222' title='bbox 516 1936 615 1977; x_wconf 88' lang='lat' dir='ltr'>fore.</span> <span class='ocrx_word' id='word_1_223' title='bbox 664 1936 759 1977; x_wconf 89' lang='lat' dir='ltr'>hinc</span> <span class='ocrx_word' id='word_1_224' title='bbox 785 1943 901 1977; x_wconf 82' lang='lat' dir='ltr'>atrox</span> <span class='ocrx_word' id='word_1_225' title='bbox 925 1937 1015 1977; x_wconf 79' lang='lat' dir='ltr'>rixa</span> <span class='ocrx_word' id='word_1_226' title='bbox 1039 1937 1176 1977; x_wconf 88' lang='lat' dir='ltr'>oritur.</span> <span class='ocrx_word' id='word_1_227' title='bbox 1220 1935 1433 1976; x_wconf 72' lang='lat' dir='ltr'>Valerium</span> <span class='ocrx_word' id='word_1_228' title='bbox 1460 1951 1478 1978; x_wconf 71' lang='lat'><strong>4</strong></span> 
     </span>
     <span class='ocr_line' id='line_1_29' title="bbox 79 1998 1436 2054; baseline 0 -16"><span class='ocrx_word' id='word_1_229' title='bbox 79 1998 383 2051; x_wconf 90' lang='lat' dir='ltr'>Horatiumque</span> <span class='ocrx_word' id='word_1_230' title='bbox 408 1998 525 2039; x_wconf 90' lang='lat' dir='ltr'>lictor</span> <span class='ocrx_word' id='word_1_231' title='bbox 549 1999 770 2039; x_wconf 65' lang='lat' dir='ltr'>decemviri</span> <span class='ocrx_word' id='word_1_232' title='bbox 795 1999 969 2039; x_wconf 73' lang='lat' dir='ltr'>invadit:</span> <span class='ocrx_word' id='word_1_233' title='bbox 1007 1998 1254 2054; x_wconf 89' lang='lat' dir='ltr'>franguntur</span> <span class='ocrx_word' id='word_1_234' title='bbox 1278 2014 1302 2039; x_wconf 86' lang='lat' dir='ltr'>a</span> <span class='ocrx_word' id='word_1_235' title='bbox 1331 1999 1436 2038; x_wconf 88' lang='lat' dir='ltr'>mul—</span> 
     </span>
     <span class='ocr_line' id='line_1_30' title="bbox 80 2060 1435 2115; baseline 0.001 -15"><span class='ocrx_word' id='word_1_236' title='bbox 80 2060 253 2101; x_wconf 85' lang='lat' dir='ltr'>titudine</span> <span class='ocrx_word' id='word_1_237' title='bbox 284 2060 432 2101; x_wconf 88' lang='lat' dir='ltr'>fasces.</span> <span class='ocrx_word' id='word_1_238' title='bbox 480 2061 524 2101; x_wconf 90' lang='lat' dir='ltr'>in</span> <span class='ocrx_word' id='word_1_239' title='bbox 555 2062 785 2102; x_wconf 90' lang='lat' dir='ltr'>contionem</span> <span class='ocrx_word' id='word_1_240' title='bbox 810 2061 974 2115; x_wconf 80' lang='lat' dir='ltr'>Appius</span> <span class='ocrx_word' id='word_1_241' title='bbox 1001 2061 1202 2110; x_wconf 89' lang='lat' dir='ltr'>escendit,</span> <span class='ocrx_word' id='word_1_242' title='bbox 1242 2067 1435 2102; x_wconf 90' lang='lat' dir='ltr'>secuntur</span> 
     </span>
     <span class='ocr_line' id='line_1_31' title="bbox 80 2120 1436 2176; baseline 0.001 -13"><span class='ocrx_word' id='word_1_243' title='bbox 80 2120 279 2164; x_wconf 90' lang='lat' dir='ltr'>Horatius</span> <span class='ocrx_word' id='word_1_244' title='bbox 299 2123 591 2176; x_wconf 82' lang='lat' dir='ltr'>Valeriusque3</span> <span class='ocrx_word' id='word_1_245' title='bbox 618 2139 688 2165; x_wconf 88' lang='lat' dir='ltr'>eos</span> <span class='ocrx_word' id='word_1_246' title='bbox 715 2124 849 2165; x_wconf 89' lang='lat' dir='ltr'>contio</span> <span class='ocrx_word' id='word_1_247' title='bbox 875 2124 999 2173; x_wconf 89' lang='lat' dir='ltr'>audit,</span> <span class='ocrx_word' id='word_1_248' title='bbox 1027 2124 1259 2165; x_wconf 77' lang='lat' dir='ltr'>decemviro</span> <span class='ocrx_word' id='word_1_249' title='bbox 1280 2124 1436 2175; x_wconf 47' lang='lat' dir='ltr'>obstref</span> 
     </span>
     <span class='ocr_line' id='line_1_32' title="bbox 77 2184 1478 2240; baseline 0.002 -16"><span class='ocrx_word' id='word_1_250' title='bbox 77 2185 201 2238; x_wconf 90' lang='lat' dir='ltr'>pitur.</span> <span class='ocrx_word' id='word_1_251' title='bbox 238 2184 321 2225; x_wconf 86' lang='lat' dir='ltr'>iam</span> <span class='ocrx_word' id='word_1_252' title='bbox 345 2199 418 2239; x_wconf 89' lang='lat' dir='ltr'>pro</span> <span class='ocrx_word' id='word_1_253' title='bbox 443 2185 614 2239; x_wconf 89' lang='lat' dir='ltr'>imperio</span> <span class='ocrx_word' id='word_1_254' title='bbox 634 2185 825 2227; x_wconf 69' lang='lat' dir='ltr'>Valerius</span> <span class='ocrx_word' id='word_1_255' title='bbox 852 2186 1062 2226; x_wconf 88' lang='lat' dir='ltr'>discedere</span> <span class='ocrx_word' id='word_1_256' title='bbox 1088 2201 1112 2226; x_wconf 84' lang='lat' dir='ltr'>a</span> <span class='ocrx_word' id='word_1_257' title='bbox 1135 2186 1295 2240; x_wconf 73' lang='lat' dir='ltr'>privato</span> <span class='ocrx_word' id='word_1_258' title='bbox 1319 2185 1434 2226; x_wconf 86' lang='lat' dir='ltr'>lieto—</span> <span class='ocrx_word' id='word_1_259' title='bbox 1460 2199 1478 2227; x_wconf 77' lang='grc'>5</span> 
     </span>
     <span class='ocr_line' id='line_1_33' title="bbox 81 2245 1436 2302; baseline 0.001 -17"><span class='ocrx_word' id='word_1_260' title='bbox 81 2260 145 2286; x_wconf 82' lang='lat' dir='ltr'>res</span> <span class='ocrx_word' id='word_1_261' title='bbox 169 2245 348 2295; x_wconf 85' lang='lat' dir='ltr'>iubebat,</span> <span class='ocrx_word' id='word_1_262' title='bbox 375 2261 469 2286; x_wconf 89' lang='lat' dir='ltr'>cum</span> <span class='ocrx_word' id='word_1_263' title='bbox 493 2247 633 2288; x_wconf 84' lang='lat' dir='ltr'>fractis</span> <span class='ocrx_word' id='word_1_264' title='bbox 660 2247 805 2288; x_wconf 85' lang='lat' dir='ltr'>animis</span> <span class='ocrx_word' id='word_1_265' title='bbox 831 2247 1009 2302; x_wconf 81' lang='lat' dir='ltr'>Appius,</span> <span class='ocrx_word' id='word_1_266' title='bbox 1036 2248 1143 2288; x_wconf 72' lang='lat' dir='ltr'>vitae</span> <span class='ocrx_word' id='word_1_267' title='bbox 1168 2254 1368 2296; x_wconf 90' lang='lat' dir='ltr'>metuens,</span> <span class='ocrx_word' id='word_1_268' title='bbox 1394 2248 1436 2287; x_wconf 93' lang='lat' dir='ltr'>in</span> 
     </span>
     <span class='ocr_line' id='line_1_34' title="bbox 77 2308 1436 2363; baseline 0.001 -15"><span class='ocrx_word' id='word_1_269' title='bbox 77 2308 248 2348; x_wconf 79' lang='lat' dir='ltr'>domum</span> <span class='ocrx_word' id='word_1_270' title='bbox 274 2322 318 2348; x_wconf 90' lang='lat' dir='ltr'>se</span> <span class='ocrx_word' id='word_1_271' title='bbox 342 2308 615 2362; x_wconf 87' lang='lat' dir='ltr'>propinquam</span> <span class='ocrx_word' id='word_1_272' title='bbox 639 2309 728 2350; x_wconf 88' lang='lat' dir='ltr'>foro</span> <span class='ocrx_word' id='word_1_273' title='bbox 753 2309 894 2350; x_wconf 90' lang='lat' dir='ltr'>insciis</span> <span class='ocrx_word' id='word_1_274' title='bbox 920 2309 1178 2358; x_wconf 73' lang='lat' dir='ltr'>adversariis,</span> <span class='ocrx_word' id='word_1_275' title='bbox 1206 2309 1338 2363; x_wconf 86' lang='lat' dir='ltr'>capite</span> <span class='ocrx_word' id='word_1_276' title='bbox 1364 2308 1436 2350; x_wconf 89' lang='lat' dir='ltr'>ob-</span> 
     </span>
     <span class='ocr_line' id='line_1_35' title="bbox 80 2368 1478 2425; baseline 0.004 -17"><span class='ocrx_word' id='word_1_277' title='bbox 80 2368 219 2409; x_wconf 83' lang='lat' dir='ltr'>voluto</span> <span class='ocrx_word' id='word_1_278' title='bbox 249 2369 405 2423; x_wconf 87' lang='lat' dir='ltr'>recipit.</span> <span class='ocrx_word' id='word_1_279' title='bbox 457 2368 529 2424; x_wconf 82' lang='lat' dir='ltr'>Sp.</span> <span class='ocrx_word' id='word_1_280' title='bbox 559 2369 722 2425; x_wconf 85' lang='lat' dir='ltr'>Oppius</span> <span class='ocrx_word' id='word_1_281' title='bbox 755 2378 798 2411; x_wconf 89' lang='lat' dir='ltr'>ut</span> <span class='ocrx_word' id='word_1_282' title='bbox 829 2371 980 2411; x_wconf 80' lang='lat' dir='ltr'>auxilio</span> <span class='ocrx_word' id='word_1_283' title='bbox 1012 2371 1194 2425; x_wconf 90' lang='lat' dir='ltr'>collegae</span> <span class='ocrx_word' id='word_1_284' title='bbox 1226 2377 1352 2419; x_wconf 89' lang='lat' dir='ltr'>esset,</span> <span class='ocrx_word' id='word_1_285' title='bbox 1392 2370 1434 2410; x_wconf 88' lang='lat' dir='ltr'>in</span> <span class='ocrx_word' id='word_1_286' title='bbox 1461 2385 1478 2413; x_wconf 71' lang='lat'>6</span> 
     </span>
     <span class='ocr_line' id='line_1_36' title="bbox 80 2430 1431 2486; baseline 0.001 -16"><span class='ocrx_word' id='word_1_287' title='bbox 80 2430 216 2470; x_wconf 86' lang='lat' dir='ltr'>forum</span> <span class='ocrx_word' id='word_1_288' title='bbox 242 2445 293 2470; x_wconf 84' lang='lat' dir='ltr'>ex</span> <span class='ocrx_word' id='word_1_289' title='bbox 317 2431 443 2471; x_wconf 88' lang='lat' dir='ltr'>altera</span> <span class='ocrx_word' id='word_1_290' title='bbox 467 2438 581 2485; x_wconf 87' lang='lat' dir='ltr'>parte</span> <span class='ocrx_word' id='word_1_291' title='bbox 600 2432 807 2486; x_wconf 85' lang='lat' dir='ltr'>inrumpit.</span> <span class='ocrx_word' id='word_1_292' title='bbox 840 2433 951 2472; x_wconf 70' lang='lat' dir='ltr'>videt</span> <span class='ocrx_word' id='word_1_293' title='bbox 969 2432 1186 2486; x_wconf 84' lang='lat' dir='ltr'>imperium</span> <span class='ocrx_word' id='word_1_294' title='bbox 1206 2432 1247 2473; x_wconf 77' lang='lat' dir='ltr'>vi</span> <span class='ocrx_word' id='word_1_295' title='bbox 1266 2432 1431 2472; x_wconf 74' lang='lat' dir='ltr'>vietum.</span> 
     </span>
     <span class='ocr_line' id='line_1_37' title="bbox 81 2491 1434 2548; baseline 0.003 -17"><span class='ocrx_word' id='word_1_296' title='bbox 81 2491 258 2546; x_wconf 82' lang='lat' dir='ltr'>agitatus</span> <span class='ocrx_word' id='word_1_297' title='bbox 285 2492 431 2532; x_wconf 87' lang='lat' dir='ltr'>deinde</span> <span class='ocrx_word' id='word_1_298' title='bbox 457 2494 636 2534; x_wconf 89' lang='lat' dir='ltr'>consiliis</span> <span class='ocrx_word' id='word_1_299' title='bbox 663 2500 783 2547; x_wconf 86' lang='lat' dir='ltr'>atque</span> <span class='ocrx_word' id='word_1_300' title='bbox 809 2508 861 2534; x_wconf 78' lang='lat' dir='ltr'>ex</span> <span class='ocrx_word' id='word_1_301' title='bbox 886 2494 997 2534; x_wconf 86' lang='lat' dir='ltr'>omni</span> <span class='ocrx_word' id='word_1_302' title='bbox 1021 2500 1135 2548; x_wconf 89' lang='lat' dir='ltr'>parte</span> <span class='ocrx_word' id='word_1_303' title='bbox 1166 2494 1434 2535; x_wconf 89' lang='lat' dir='ltr'>adsentiendo</span> 
     </span>
     <span class='ocr_line' id='line_1_38' title="bbox 81 2552 1435 2610; baseline 0.002 -17"><span class='ocrx_word' id='word_1_304' title='bbox 81 2552 219 2594; x_wconf 91' lang='lat' dir='ltr'>multis</span> <span class='ocrx_word' id='word_1_305' title='bbox 246 2554 480 2595; x_wconf 86' lang='lat' dir='ltr'>auctoribus</span> <span class='ocrx_word' id='word_1_306' title='bbox 512 2555 802 2609; x_wconf 80' lang='lat' dir='ltr'>trepidaverat:</span> <span class='ocrx_word' id='word_1_307' title='bbox 842 2562 1030 2596; x_wconf 89' lang='lat' dir='ltr'>senatum</span> <span class='ocrx_word' id='word_1_308' title='bbox 1059 2562 1267 2610; x_wconf 88' lang='lat' dir='ltr'>postremo</span> <span class='ocrx_word' id='word_1_309' title='bbox 1296 2556 1435 2597; x_wconf 75' lang='lat' dir='ltr'>vocari</span> 
     </span>
     <span class='ocr_line' id='line_1_39' title="bbox 80 2615 1476 2672; baseline 0.003 -17"><span class='ocrx_word' id='word_1_310' title='bbox 80 2615 210 2655; x_wconf 85' lang='lat' dir='ltr'>iussit.</span> <span class='ocrx_word' id='word_1_311' title='bbox 261 2630 310 2656; x_wconf 87' lang='lat' dir='ltr'>ea</span> <span class='ocrx_word' id='word_1_312' title='bbox 332 2630 416 2665; x_wconf 89' lang='lat' dir='ltr'>res,</span> <span class='ocrx_word' id='word_1_313' title='bbox 449 2617 560 2669; x_wconf 90' lang='lat' dir='ltr'>quod</span> <span class='ocrx_word' id='word_1_314' title='bbox 585 2632 759 2672; x_wconf 89' lang='lat' dir='ltr'>magnae</span> <span class='ocrx_word' id='word_1_315' title='bbox 783 2618 889 2672; x_wconf 85' lang='lat' dir='ltr'>parti</span> <span class='ocrx_word' id='word_1_316' title='bbox 914 2625 1076 2672; x_wconf 89' lang='lat' dir='ltr'>patrum</span> <span class='ocrx_word' id='word_1_317' title='bbox 1102 2617 1316 2672; x_wconf 89' lang='lat' dir='ltr'>displicere</span> <span class='ocrx_word' id='word_1_318' title='bbox 1342 2624 1433 2659; x_wconf 81' lang='lat' dir='ltr'>aeta.</span> <span class='ocrx_word' id='word_1_319' title='bbox 1460 2633 1476 2661; x_wconf 84' lang='lat'><em>7</em></span> 
     </span>
     <span class='ocr_line' id='line_1_40' title="bbox 80 2675 1433 2734; baseline 0.004 -18"><span class='ocrx_word' id='word_1_320' title='bbox 80 2675 403 2718; x_wconf 71' lang='lat' dir='ltr'>decemvirorum</span> <span class='ocrx_word' id='word_1_321' title='bbox 447 2678 706 2729; x_wconf 77' lang='lat' dir='ltr'>videbantur,</span> <span class='ocrx_word' id='word_1_322' title='bbox 757 2694 828 2734; x_wconf 85' lang='lat' dir='ltr'>spe</span> <span class='ocrx_word' id='word_1_323' title='bbox 875 2694 949 2734; x_wconf 89' lang='lat' dir='ltr'>pcr</span> <span class='ocrx_word' id='word_1_324' title='bbox 997 2687 1183 2721; x_wconf 88' lang='lat' dir='ltr'>senatum</span> <span class='ocrx_word' id='word_1_325' title='bbox 1231 2679 1433 2721; x_wconf 86' lang='lat' dir='ltr'>finiendae</span> 
     </span>
    </p>
   </div>
  </div>
 </body>
</html>
