1835 3226
348 271 429 312 ‘228
693 274 847 309 LIBER
872 274 966 318 1111,
991 274 1045 308 37.
1066 274 1119 308 38.
1148 277 1233 318 [a.u.
1250 285 1279 309 0.
1293 275 1375 318 331]

345 395 450 434 quae
480 393 588 419 nunc
615 378 762 432 Capua
793 384 872 426 est,
911 376 962 419 ab
991 376 1247 419 Samnitibus
1280 384 1460 432 captam,
1495 377 1702 433 Capuam-

345 455 424 495 que
455 440 507 481 ab
532 440 636 480 duce
661 454 803 480 eorum
830 438 974 494 Capye
999 439 1083 490 vel,
1117 440 1228 492 quod
1251 439 1420 494 propius
1447 454 1542 481 vcro
1568 447 1647 490 est,
1680 457 1704 482 a

302 520 318 546 2
346 501 564 556 campestri
588 516 687 556 agro
713 501 972 556 appellatam.
1012 515 1156 555 cepere
1182 508 1318 542 autem
1344 501 1457 556 prius
1482 501 1591 543 bello
1610 502 1703 544 fati-

284 2066 320 2092 lt)

280 2190 311 2216 ll

305 2562 312 2589 1

299 2624 316 2650 2

345 565 452 620 gatis
487 563 676 604 Etruscis
713 563 755 603 in
792 563 1030 604 societatem
1067 563 1180 604 urbis
1218 578 1493 619 agrorumque
1534 565 1702 619 accepti,

346 626 494 667 deinde
524 626 632 667 festo
663 625 729 666 die
761 625 900 681 gravis
932 640 1076 666 somno
1108 625 1322 680 epulisque
1353 625 1508 667 incolas
1544 633 1702 668 veteres

347 688 444 730 novi
469 687 604 729 coloni
629 693 830 728 nocturna
855 687 980 728 caede
1006 687 1148 728 adorti.

432 749 514 791 His
538 749 662 791 rebus
689 749 791 790 actis
818 749 1009 790 consules
1034 749 1080 799 ii,
1107 764 1211 803 quos
1238 750 1436 799 diximus,
1462 749 1598 791 idibus
1616 749 1703 791 De-

345 811 578 853 cembribus
603 811 892 867 magistratum
918 826 1126 866 occepere.
1164 812 1245 852 iam
1272 827 1354 852 non
1380 811 1531 860 solum,
1557 812 1628 865 qui
1652 812 1702 852 ad

343 876 386 916 id
410 874 533 915 missi
551 882 683 924 erant,
714 874 954 923 retulerant,
985 874 1183 915 inminere
1207 874 1409 916 Volscum
1433 873 1605 924 belhun,
1633 874 1703 916 sed

343 937 468 993 legati
493 950 657 990 quoque
683 935 734 977 ab
752 936 917 977 Latinis
944 943 982 976 ct
1003 936 1197 977 Hernicis
1222 935 1484 985 nuntiabant,
1510 951 1593 977 non
1611 944 1704 977 ante

343 1013 541 1052 umquam
565 997 743 1039 Volscos
769 1012 845 1039 nec
870 997 1044 1039 ducibus
1070 997 1258 1053 legendis
1283 1013 1359 1039 nec
1385 998 1581 1039 exercitui
1607 998 1704 1038 seri-

345 1061 480 1102 bendo
505 1060 742 1101 intentiores
762 1060 911 1101 fuisse:
939 1060 1063 1115 vulgo
1083 1059 1275 1110 fremere,
1303 1067 1372 1101 aut
1396 1060 1437 1100 in
1461 1068 1705 1114 perpetuum

345 1138 459 1163 arma
494 1122 730 1175 bellumque
767 1122 963 1164 oblivioni
998 1123 1134 1163 danda
1163 1123 1390 1178 iugumque
1421 1122 1705 1176 accipiendum

346 1191 416 1225 aut
439 1184 508 1233 iis,
541 1198 635 1225 cum
660 1184 811 1237 quibus
838 1185 888 1225 de
913 1184 1085 1239 imperio
1112 1192 1305 1234 certetur,
1343 1199 1419 1226 nec
1450 1185 1599 1225 virtute
1630 1197 1704 1224 nce

344 1246 540 1301 patientia
565 1260 640 1286 nec
665 1245 882 1300 disciplina
905 1246 964 1286 rei
990 1246 1174 1287 militaris
1201 1247 1431 1287 cedendum
1458 1260 1561 1287 esse.
1605 1245 1702 1286 haut

345 1324 451 1349 vana
481 1308 682 1356 adtulere,
721 1308 795 1348 scd
830 1322 906 1348 nec
939 1308 1108 1362 perinde
1143 1315 1280 1362 patres
1317 1308 1417 1348 moti
1454 1314 1548 1348 sunt
1583 1314 1623 1347 ct
1654 1306 1701 1348 C.

347 1369 635 1425 Sempronius,
663 1370 729 1411 cui
754 1384 802 1410 ca
826 1370 1037 1425 provincia
1062 1370 1161 1411 sorti
1186 1370 1339 1418 evenit,
1372 1376 1582 1422 tamquam
1609 1384 1703 1410 con-

346 1432 622 1474 stantissimae
646 1432 722 1480 rei,
755 1432 942 1473 fortunae
967 1431 1115 1481 fretus,
1142 1432 1254 1485 quod
1277 1432 1441 1472 victoris
1467 1431 1607 1486 populi
1633 1431 1704 1472 ad-

345 1509 489 1535 versus
526 1494 657 1535 victos
694 1494 779 1534 dux
815 1501 943 1543 esset,
987 1494 1125 1535 omnia
1159 1500 1310 1535 temere
1347 1508 1395 1534 ac
1437 1494 1703 1549 neglegenter

345 1556 446 1611 egit,
473 1556 576 1596 adeo
601 1562 645 1596 ut
671 1555 911 1610 disciplinae
930 1555 1142 1596 Romanae
1161 1555 1254 1610 plus
1279 1555 1321 1595 in
1340 1555 1495 1596 Volsco
1521 1555 1701 1596 exercitu

346 1632 470 1670 quam
505 1617 546 1657 in
584 1617 774 1658 Romano
812 1624 933 1658 esset.
989 1632 1087 1672 ergo
1122 1617 1302 1666 fortuna,
1345 1625 1391 1658 ut
1428 1632 1550 1672 saepe
1587 1617 1700 1666 alias.

343 1679 537 1719 virtutem
568 1685 631 1720 est
661 1685 813 1719 secuta.
862 1679 995 1733 primo
1025 1679 1199 1733 proelio,
1237 1679 1349 1732 quod
1379 1678 1430 1720 ab
1457 1678 1702 1733 Sempronio

343 1741 505 1782 incaute
541 1740 852 1794 inconsulteque
889 1740 1142 1781 conmissum
1180 1746 1261 1790 est,
1297 1755 1381 1781 non
1412 1740 1606 1781 subsidiis
1636 1741 1703 1781 fir-

344 1809 454 1843 mata
478 1803 584 1852 acie,
610 1817 694 1843 non
719 1802 853 1856 equite
879 1809 973 1857 apte
997 1802 1131 1843 locato
1157 1816 1403 1843 concursum
1429 1808 1502 1843 est.
1552 1801 1704 1843 clamor

343 1864 539 1905 indicium
563 1864 743 1919 primum
767 1864 863 1914 fuit,
891 1878 973 1917 qua
990 1879 1056 1905 res
1075 1863 1319 1905 inclinatura
1339 1870 1466 1913 esset,
1493 1863 1704 1905 excitatior

344 1925 604 1980 crebriorque
629 1926 681 1968 ab
706 1926 825 1968 hoste
857 1926 1062 1976 sublatus3
1099 1926 1151 1967 ab
1175 1926 1375 1967 Romanis
1401 1926 1613 1976 dissonus,
1644 1926 1704 1966 in-

343 2004 436 2043 par,
476 1988 645 2044 segnius
677 2003 800 2043 saepe
830 1988 999 2029 iteratus
1030 1989 1185 2030 incerto
1217 1988 1394 2029 clamore
1425 1988 1603 2042 prodidit
1631 2003 1704 2042 pa-

347 2066 488 2092 vorem
514 2051 758 2092 animorum.
798 2065 846 2092 eo
865 2051 1042 2092 ferocior
1058 2051 1209 2092 inlatus
1235 2050 1364 2091 hostis
1390 2065 1536 2105 urgere
1562 2050 1701 2098 scutis,

343 2113 493 2154 micare
517 2112 680 2168 gladiis.
730 2113 856 2154 altera
881 2127 933 2153 ex
956 2119 1071 2168 parte
1096 2119 1242 2153 nutant
1267 2111 1702 2166 circumspectantibus

342 2175 486 2231 galeae
517 2182 557 2216 et
586 2175 731 2216 incerti
762 2175 966 2230 trepidant
997 2175 1285 2230 adplicantque
1312 2189 1355 2215 se
1381 2173 1535 2215 turbae.
1586 2173 1704 2229 signa

343 2253 452 2279 nunc
487 2238 720 2279 resistentia
756 2239 1000 2280 deseruntur
1037 2238 1088 2279 ab
1125 2237 1423 2293 antesignanis,
1461 2251 1569 2277 nunc
1600 2236 1704 2276 inter

344 2315 442 2341 suos
467 2300 699 2354 manipulos
724 2300 989 2355 recipiuntur.
1033 2300 1216 2341 nondum
1241 2300 1343 2355 suga
1367 2307 1494 2348 certa,
1521 2298 1702 2339 nondum

343 2362 514 2403 victoria
543 2369 640 2403 erat.
690 2362 774 2418 tegi
804 2362 937 2417 magis
962 2362 1176 2403 Romanus
1208 2376 1331 2415 quam
1362 2375 1566 2416 pugnare:
1602 2359 1703 2401 Vol-

344 2438 439 2465 scus
475 2424 625 2465 inferre
663 2425 802 2480 signa,
845 2439 992 2480 urgere
1029 2424 1176 2474 aciem,
1219 2424 1312 2478 plus
1350 2423 1486 2464 caedis
1523 2422 1702 2464 hostium

345 2487 486 2527 videre
512 2501 637 2539 quam
663 2486 800 2542 fugae.

426 2547 696 2589 XXXVIII.
756 2548 848 2589 Iam
891 2548 1082 2589 omnibus
1124 2548 1224 2590 locis
1262 2548 1418 2589 ceditur
1453 2547 1700 2600 nequiquam

346 2608 590 2664 Sempronio
622 2611 790 2652 consule
821 2610 1064 2666 obiurgante
1095 2620 1217 2664 atque
1248 2610 1448 2652 hortante.
1496 2608 1596 2649 nihil
1626 2621 1700 2647 nec

343 2671 558 2726 imperium
584 2687 660 2714 nec
685 2673 879 2714 maiestas
904 2672 1086 2723 valebat,
1113 2673 1289 2727 dataque
1315 2687 1411 2713 mox
1436 2679 1551 2725 terga
1574 2669 1701 2710 hosti-

344 2732 420 2773 bus
452 2733 602 2784 forent,
641 2735 683 2775 ni
716 2734 813 2777 Sex.
841 2735 1096 2790 Tempanius
1127 2735 1293 2776 decurio
1325 2733 1505 2787 equitum
1536 2730 1700 2772 labante
