1835 3226
298 402 338 432 18

298 525 336 554 19

318 833 336 862 10

320 1584 338 1613 C*

304 2632 340 2660 10

364 220 448 261 462
646 225 799 260 LIBER
822 224 945 268 VIIII,
972 224 1024 257 18.
1046 224 1098 257 19.
1125 225 1172 266 [a.
1187 234 1221 257 u.
1238 234 1266 257 e.
1281 223 1357 257 436.
1371 223 1456 264 437]

364 331 470 372 bella
505 329 703 384 gessisset
739 334 777 367 et
814 326 958 366 eadem
995 325 1181 366 fortunae
1217 325 1387 380 pignera
1422 325 1463 365 in
1499 325 1715 369 discrimen

364 392 588 432 detulisset.
636 390 761 430 immo
793 389 915 429 etiam
952 402 1000 428 eo
1037 387 1130 442 plus
1166 387 1336 442 periculi
1373 387 1569 437 subisset,
1606 390 1717 442 quod

362 453 615 494 Macedones
641 466 770 492 unum
794 450 1082 491 Alexandrum
1107 449 1360 498 habuissent,
1387 449 1525 491 multis
1552 450 1716 492 casibus

362 530 444 556 non
475 514 608 555 solum
640 513 884 562 obnoxium,
917 512 990 554 sed
1022 512 1144 552 etiam
1175 512 1415 552 offerentem
1447 526 1508 561 se,
1541 511 1718 553 Romani

362 576 480 616 multi
505 575 680 616 fuissent
693 574 932 615 Alexandro
952 573 1018 614 vel
1042 573 1173 629 gloria
1191 573 1256 614 vel
1275 588 1409 613 rerum
1437 573 1718 628 magnitudine

361 652 499 693 pares,
533 652 707 691 quorum
741 651 814 677 suo
845 636 1019 690 quisque
1051 635 1137 676 fato
1170 635 1256 676 sine
1287 634 1453 690 publico
1484 635 1718 677 discrimine

362 701 519 741 viveret
543 706 862 752 merereturque.

446 761 642 803 XVIIII.
680 761 839 810 Restat,
867 766 911 800 ut
937 760 1078 814 copiae
1105 760 1232 814 copiis
1259 766 1531 814 conparentur
1554 759 1619 800 vel
1644 775 1720 800 nu-

363 839 475 865 mero
495 824 560 864 vel
585 823 759 865 militum
785 836 935 878 genere
956 822 1021 862 vel
1046 822 1305 862 multitudine
1331 822 1588 863 auxiliorum.
1626 837 1720 862 cen-

364 886 559 928 sebantur
601 886 689 927 eius
726 886 870 926 aetatis
907 885 1047 926 lustris
1084 886 1244 926 ducena
1280 885 1573 939 quinquagena
1608 886 1719 927 milia

363 949 555 1003 capitum.
604 948 742 1001 itaque
773 948 815 987 in
846 947 958 988 omni
989 947 1218 989 defectione
1251 947 1455 988 sociorum
1480 947 1622 987 Latini
1647 962 1720 988 no-

363 1010 484 1052 minis
514 1009 672 1051 urbano
704 1024 830 1064 prope
862 1009 1015 1049 dilectu
1045 1009 1189 1050 decem
1215 1008 1498 1050 scribebantur
1521 1008 1717 1063 legiones.

364 1073 550 1126 quaterni
575 1072 771 1125 quinique
797 1071 1000 1112 exercitus
1028 1086 1150 1126 saepe
1181 1086 1254 1126 per
1279 1086 1349 1112 eos
1376 1086 1504 1112 annos
1530 1071 1571 1111 in
1596 1071 1721 1112 Etru-

362 1135 439 1183 ria,
471 1135 513 1174 in
538 1134 715 1175 Umbria
742 1132 874 1175 Gallis
906 1133 1094 1174 hostibus
1126 1133 1348 1182 adiunctis,
1381 1133 1425 1173 in
1457 1131 1646 1182 Samnio,
1678 1133 1721 1174 in

363 1197 547 1237 Lucanis
573 1195 769 1250 gerebant
796 1195 967 1237 bellum:
993 1196 1163 1236 Latium
1184 1196 1330 1236 deinde
1351 1210 1471 1236 omne
1491 1211 1584 1236 cum
1601 1194 1721 1236 Sabi-

364 1259 426 1300 nis
454 1265 492 1299 et
516 1258 681 1299 Volscis
708 1267 747 1299 ct
772 1258 932 1311 Aequis
960 1266 1000 1299 et
1025 1259 1135 1299 omni
1163 1257 1392 1312 Campania
1418 1265 1457 1298 et
1482 1265 1595 1312 parte
1615 1257 1720 1299 Um-

363 1321 475 1363 briae
494 1321 766 1375 Etruriaeque
793 1328 832 1362 ct
856 1321 1096 1362 Picentibus
1123 1329 1160 1362 et
1181 1321 1334 1362 Marsis
1354 1321 1646 1376 Paelignisque
1672 1337 1720 1363 ae

364 1383 550 1426 Vestinis
577 1391 699 1437 atque
724 1383 896 1437 Apulis,
930 1383 1121 1424 adiuncta
1147 1383 1259 1423 omni
1284 1398 1353 1424 ora
1381 1382 1634 1424 Graecorum
1662 1384 1720 1424 in-

364 1446 440 1487 feri
465 1446 587 1486 maris
614 1461 638 1486 a
657 1445 823 1485 Thuriis
845 1444 1045 1499 Neapolim
1072 1452 1111 1485 et
1132 1444 1302 1494 Cumas,
1330 1452 1367 1486 ct
1393 1445 1486 1485 inde
1505 1444 1634 1485 Antio
1660 1452 1719 1486 at-

365 1522 445 1561 quc
473 1506 605 1549 Ostiis
632 1514 749 1548 tenus
776 1506 1042 1561 (Samnites),
1076 1514 1145 1548 aut
1178 1508 1310 1549 socios
1337 1508 1494 1549 validos
1520 1507 1718 1550 Romanis

364 1575 435 1610 aut
460 1569 612 1610 fractos
640 1569 745 1610 bello
776 1570 1001 1610 invenisset
1030 1569 1182 1611 hostes.
1232 1570 1320 1624 ipse
1352 1570 1578 1611 traiecisset
1609 1586 1719 1611 mare

364 1647 457 1672 cum
483 1631 685 1672 veteranis
705 1631 1020 1681 Macedonibus,
1041 1648 1123 1673 non
1148 1633 1240 1686 plus
1267 1633 1432 1687 triginta
1456 1633 1621 1675 milibus
1646 1634 1720 1675 ho-

363 1694 533 1743 minum,
555 1701 594 1734 et
612 1700 804 1747 quattuor
823 1693 988 1734 milibus
1008 1694 1190 1747 equitum
1212 1695 1389 1735 maxime
1405 1695 1718 1737 Thessalorum:

363 1756 442 1796 hoc
468 1755 576 1796 enim
601 1755 759 1796 roboris
787 1761 883 1796 crat.
918 1754 1083 1804 Persas,
1106 1755 1235 1797 Indos
1255 1756 1438 1810 aliasque
1459 1757 1493 1797 si
1511 1757 1720 1799 adiunxis-

365 1825 426 1859 set
450 1824 613 1873 gentes,
646 1817 973 1872 inpedimentum
999 1818 1131 1858 maius
1158 1832 1282 1871 quam
1308 1818 1506 1858 auxilium
1531 1818 1718 1860 traheret.

364 1880 481 1929 addc,
502 1880 612 1933 quod
627 1879 825 1920 Romanis
845 1880 896 1920 ad
917 1895 1084 1920 manum
1105 1880 1216 1920 domi
1243 1880 1573 1934 supplementum
1599 1888 1719 1930 esset,

362 1941 620 1991 Alexandro,
647 1942 759 1995 quod
783 1949 928 1996 postca
952 1941 1180 1983 Hannibali
1205 1942 1370 1991 accidit,
1398 1942 1530 1984 alieno
1555 1943 1598 1983 in
1622 1957 1721 1998 agro

365 2004 533 2045 bellanti
559 2004 762 2045 exercitus
789 2005 1085 2045 consenuisset.
1135 2020 1260 2054 arma,
1288 2004 1457 2059 clupeus
1486 2005 1721 2058 sarisaeque

364 2067 444 2108 illis
471 2067 532 2118 (id
557 2073 619 2107 est
644 2067 820 2118 hastae),
843 2066 1031 2107 Romano
1059 2074 1234 2116 scutum,
1262 2067 1394 2107 maius
1421 2067 1580 2121 corpori
1605 2073 1722 2121 tegu-

365 2137 567 2178 mentum,
600 2136 638 2169 ct
669 2129 817 2184 pilum,
850 2129 961 2170 haud
991 2129 1114 2184 paulo
1141 2143 1264 2183 quam
1295 2129 1414 2170 hasta
1439 2129 1720 2170 vehementius

364 2191 447 2232 ictu
471 2191 684 2244 missuque
711 2191 848 2232 telum.
894 2192 1084 2232 statarius
1112 2198 1281 2245 uterquc
1307 2191 1423 2232 miles
1450 2191 1612 2232 ordines
1639 2206 1722 2233 ser-

363 2269 484 2294 vans:
512 2254 585 2294 sed
609 2253 677 2294 illa
702 2254 881 2308 phalanx
906 2253 1111 2294 inmobilis
1133 2254 1312 2294 etunius
1337 2253 1511 2309 generis,
1534 2253 1722 2294 Romana

365 2315 472 2355 acies
499 2315 739 2365 distinctior,
761 2331 811 2356 cx
831 2315 1017 2370 pluribus
1043 2315 1229 2369 partibus
1251 2324 1455 2364 constans,
1477 2314 1609 2356 facilis
1628 2330 1721 2369 par-

365 2376 479 2416 tienti
498 2391 758 2430 quacumque
779 2393 881 2432 opus
903 2383 1024 2426 essct,
1046 2377 1179 2418 facilis
1199 2377 1397 2432 iungenti.
1435 2377 1515 2417 iam
1537 2377 1578 2417 in
1597 2391 1720 2431 opere

365 2439 455 2491 quis
481 2454 555 2493 par
579 2439 768 2480 Romano
794 2439 924 2489 miles,
951 2439 1043 2492 quis
1070 2439 1122 2480 ad
1148 2439 1404 2480 tolerandum
1429 2438 1610 2480 laborem
1637 2453 1722 2479 me-

364 2500 463 2541 lior?
493 2516 574 2542 uno
599 2502 754 2556 proelio
779 2503 912 2543 victus
929 2501 1168 2542 Alexander
1193 2501 1300 2543 bello
1325 2501 1458 2542 victus
1484 2507 1610 2542 esset:
1636 2500 1721 2541 Ro-

365 2577 544 2613 manum,
566 2578 687 2618 quem
703 2564 922 2613 Caudium,
943 2579 1066 2618 quem
1082 2563 1251 2605 Cannae
1270 2578 1353 2604 non
1371 2562 1594 2619 fregerunt,
1615 2575 1719 2615 qnae

366 2624 558 2679 fregisset
589 2627 730 2668 acies?
776 2642 827 2669 ne
858 2628 925 2668 ille
959 2642 1100 2681 saepe,
1139 2627 1262 2668 ctiam
1295 2626 1329 2667 si
1358 2625 1491 2680 prima
1525 2637 1718 2679 prospere

367 2688 616 2738 evenissent,
642 2689 793 2731 Persas
819 2696 859 2731 et
884 2690 1009 2731 Indos
1037 2696 1074 2730 ct
1100 2689 1292 2731 inbellem
1318 2687 1465 2729 Asiam
1490 2685 1718 2739 quaesisset
