1780 3204
706 244 781 268 LIB.
802 243 836 273 V,
857 244 960 268 ἰ’-46.

98 326 176 355 ante
189 321 339 366 longius
347 323 510 356 easez'dlsse
517 322 684 366 quaedam
697 323 812 355 statuit

101 368 112 410 ΙΙ
131 366 228 401 intra
243 367 422 401 stationes
438 369 460 400 I.
474 368 512 401 F.
524 367 730 400 Gronovius.
751 367 762 411 ΙΙ
780 368 810 400 9.

97 422 167 455 pos
191 417 338 457 tergum
363 412 446 451 MP,
468 413 524 446 cul
547 418 658 446 lamen
678 413 814 446 lectioni

96 461 280 502 sequemet
298 457 433 500 formae
461 468 530 502 pos
569 457 631 503 (cf.
663 458 811 491 Busche-

96 503 179 535 Ilum
198 514 282 536 mus.
296 504 381 546 pln'l.
408 504 479 544 Vll,
499 502 565 535 571
579 501 665 547 sqq.)
687 515 810 536 memo-

98 548 183 580 riam
198 548 331 581 subesse
344 560 413 581 non
426 549 526 581 credo
544 548 556 593 Η
580 547 762 591 XXVIII,
779 548 809 581 1.

97 592 216 635 taciti]
228 594 250 625 I.
261 594 298 626 F.
310 594 524 626 Gronovius:
538 592 651 627 tacite
670 594 681 636 ΙΙ
706 594 737 626 9.
748 594 807 637 ea]

95 639 240 671 ecl.Ach.:
257 642 293 672 et
310 640 321 681 Η
340 638 707 679 XXV1111‚2.01·eati
720 650 809 671 nun-

95 682 163 716 tiat
177 687 299 721 conssss
314 682 362 716 M.
383 684 393 725 ΙΙ
411 683 554 726 XXXI,
571 689 600 716 5.
614 682 735 716 nimiis
750 693 810 717 ex-

97 731 214 761 ortam
230 727 279 762 M.
297 730 308 771 ΙΙ
327 728 491 770 XXXII,
506 728 537 762 S.
558 728 758 762 tribulibus
773 733 810 762 et

97 772 295 807 clientibus
318 775 429 818 quae]
452 773 556 806 Harl.
572 773 589 805 1
606 785 640 809 ςε
665 772 807 806 tribuli-

94 817 166 851 bus
187 818 461 862 clientibusque
487 818 517 851 P
537 817 737 851 tribulibus
763 828 806 851 eo

96 862 295 897 clientibus
312 873 406 908 quae
421 863 461 895 M
480 862 682 896 tribulibus
696 862 806 896 clien-

94 907 212 949 tibus,
240 919 334 952 quae
349 908 435 940 coni.
450 908 657 940 Niebuhrz'us
676 908 748 940 Iu'st.
761 907 805 940 R.

94 954 136 993 II,
157 952 234 986 356.
259 955 269 996 ΙΙ
294 952 476 994 XXXIII,
495 952 526 985 3.
547 956 584 985 et
602 951 803 994 invexisse]

92 1001 135 1031 ut
147 997 332 1032 invexisse
345 997 420 1032 VM
435 1002 473 1031 at
486 996 670 1031 invexisse
684 1008 706 1029 v
718 997 806 1030 Rhe-

93 1054 214 1076 nanus.
244 1044 255 1086 ss
289 1042 497 1085 XXXIIII,
522 1042 554 1075 3.
587 1040 804 1087 Sigovesnm

93 1086 165 1121 MP
186 1094 220 1121 at
235 1090 264 1130 ξ.
279 1087 301 1121 4
315 1087 524 1131 Segoveso,
551 1086 803 1130 uln'Sigoveso

92 1144 137 1165 in.
160 1133 173 1177 Η
198 1133 229 1165 5.
249 1132 280 1166 is
300 1132 401 1176 quod
421 1132 514 1174 eius]
537 1131 642 1176 isque
663 1131 715 1165 eis
736 1145 755 1168 ς
773 1131 804 1164 is

92 1177 192 1220 quod
207 1177 260 1211 eis
274 1179 346 1210 edd.
362 1178 645 1220 vett-pleraeque.
660 1188 804 1210 enarra-

91 1222 136 1254 vit
166 1223 279 1254 locum
309 1222 531 1255 Declericlu'us
560 1228 688 1266 quaest.
722 1223 803 1265 plu'l.

88 1266 271 1300 Embrlcae
291 1266 389 1300 1852.
403 1266 469 1310 42³.
489 1267 510 1300 9
523 1279 595 1311 sqq.
614 1269 624 1309 ΙΙ
643 1267 674 1300 5.
690 1267 803 1301 Seno-

88 1313 171 1354 nes]
195 1310 381 1346 Santones
395 1313 556 1355 Sz]qonius
574 1312 618 1354 cf.
636 1312 674 1345 O.
690 1312 803 1345 Muel-

89 1358 197 1390 lerum
211 1358 347 1391 Etrusc.
362 1359 387 1400 I,
404 1357 469 1391 148
484 1359 563 1390 culn.
578 1357 631 1390 65.
649 1358 660 1402 Η
685 1358 716 1391 8.
733 1358 802 1391 sal-

88 1406 222 1446 tusque
236 1401 372 1445 Iuliae]
390 1403 507 1436 saltus
522 1402 700 1447 Liguriae
715 1404 801 1436 coni.

87 1447 365 1492 Heerwaqenius.
391 1448 402 1492 Η
430 1447 565 1491 Iuliae]
595 1447 684 1490 VM,
711 1450 803 1492 quod

87 1493 266 1536 defendere
273 1494 729 1526 conaturRaucleenstez'nz'us
741 1494 801 1526 cler

86 1538 164 1581 Zuq
188 1538 386 1572 Hannz'bals
414 1539 466 1572 ub.
491 1539 522 1572 (l.
547 1540 662 1582 Alpen
692 1539 799 1572 Arov.

87 1583 176 1617 1849
195 1595 233 1628 p.
260 1584 303 1616 16
328 1583 439 1617 iuliae
466 1583 541 1617 alte
562 1583 592 1617 P
617 1583 730 1618 iuliae
749 1596 798 1628 sq.

86 1639 215 1661 rasura
229 1629 329 1662 trium
343 1628 416 1671 fere
430 1630 608 1662 literarum
617 1628 666 1671 E,
682 1642 734 1663 vr.
743 1630 798 1662 (ld.

87 1674 298 1707 coniecturas
317 1674 418 1718 affert
432 1675 734 1708 Drakenborclu'us
754 1674 798 1717 cf.

85 1719 186 1752 etiam
213 1719 454 1752 Dederz‘clzium
485 1721 507 1753 l.
541 1721 562 1753 l.
592 1731 626 1763 p.
658 1720 700 1752 21
726 1732 798 1764 sqq.

88 1763 223 1797 Graios
242 1764 476 1807 Alschefskius
496 1766 530 1798 z'n
550 1766 600 1797 ecl.
620 1766 699 1798 mai.
726 1765 797 1799 Ve-

88 1808 158 1841 suli
178 1808 246 1842 alti
263 1810 350 1842 idem
367 1810 402 1842 z'n
422 1811 472 1842 ecl.
492 1811 571 1842 min.
591 1810 731 1843 Ianuae
746 1812 799 1843 vel

86 1852 227 1887 Ianuae
252 1854 350 1887 altae
371 1856 422 1887 vel
447 1853 525 1898 iugi
545 1854 612 1888 alti
631 1855 799 1888 Ameisius

85 1899 195 1931 Ialznz'z'
206 1899 396 1940 ann.LVII,
407 1899 450 1931 66
461 1910 469 1941 3
483 1900 735 1932 locusnondum
744 1911 798 1932 sa-

85 1948 196 1975 natus.
214 1943 227 1988 fl
251 1943 409 1986 XXXV,
432 1944 462 1976 1.
483 1942 795 1987 Cenomanorum]

89 1988 305 2021 Glareanus:
331 1987 601 2022 Germanorum
631 1990 642 2032 ll
667 1988 795 2032 Libui]

85 2033 133 2066 sic
151 2034 250 2066 etiam
263 2034 356 2074 XXI,
370 2033 425 2075 38,
444 2034 605 2075 XXXIII,
618 2033 661 2067 37
681 2035 739 2067 ubi
756 2034 796 2067 li-

85 2078 180 2122 byos
195 2079 330 2112 Barna:
350 2078 484 2120 Libici,
499 2085 603 2112 totum
616 2081 645 2112 Ῑι.
660 2080 682 2113 l.
694 2091 796 2123 prae-

85 2128 176 2156 terea
190 2125 391 2157 coniecturis
399 2130 647 2168 pertemptans,
673 2126 796 2158 Cluve-

83 2169 156 2201 rz'us
168 2170 244 2202 Ilal.
259 2174 328 2202 ant.
339 2171 362 2210 Ι,
376 2169 420 2202 22
430 2181 464 2213 p.
479 2169 557 2211 226,
572 2171 614 2213 cf.
628 2171 795 2214 Sella-eiq-

83 2214 283 2247 Izaeuserum
307 2215 353 2247 acl
375 2215 497 2258 Polyb.
525 2216 571 2255 II,
598 2215 658 2258 17,
685 2214 723 2256 4,
757 2216 794 2248 O.

83 2260 288 2292 Muellerum
303 2260 438 2292 Etrusc.
453 2262 478 2301 I,
493 2259 558 2293 149
573 2262 651 2293 adn.
667 2260 796 2302 70,155

83 2304 162 2336 adn.
181 2303 235 2337 85.
260 2306 271 2347 ΙΙ
301 2304 478 2347 XXXVI,
497 2304 529 2338 4.
547 2304 695 2349 possint
714 2305 754 2339 E.
778 2307 789 2348 Η

84 2347 302 2391 XXXVIII,
317 2348 349 2382 5.
364 2351 420 2382 vel
431 2349 610 2383 Romanis
626 2352 679 2383 vel
692 2350 728 2384 in
743 2351 794 2384 al-

82 2397 164 2427 tera
182 2393 262 2428 acie
283 2395 461 2427 delendum
480 2396 612 2428 videtur
630 2396 794 2429 Dohraeo

83 2439 216 2472 advers.
230 2440 272 2478 II⁷
287 2438 363 2472 379.
381 2440 392 2484 ΙΙ
413 2439 590 2483 omnium]
606 2441 630 2473 I.
645 2441 684 2474 F.
704 2441 793 2473 Gro-

82 2484 220 2516 novius:
246 2483 436 2518 hominum
460 2486 470 2527 ΙΙ
494 2485 741 2529 XXXVIIII,
761 2485 792 2519 4.

83 2539 193 2572 quam
217 2528 394 2572 Romam]
423 2542 487 2562 om.
519 2530 613 2565 Voss.
634 2531 652 2563 1
674 2544 702 2573 ς,
730 2533 794 2565 del.

80 2574 254 2615 Slqonlus,
274 2576 298 2607 l.
312 2575 349 2608 F.
367 2575 563 2608 Gronovius
589 2587 684 2615 ,cum
705 2577 794 2610 We!-

79 2619 151 2652 εἰπε
165 2631 286 2654 comm.
302 2620 529 2665 crz'l.p..‘208q.
549 2622 560 2663 ΙΙ
580 2622 791 2664 crederent]

82 2664 234 2698 credere
266 2668 305 2698 et
334 2666 601 2710 IJeerwaqenius
631 2672 725 2699 nunt.
757 2668 790 2701 cI.

80 2709 221 2742 Ilionae.
247 2710 390 2751 XVIIII,
417 2710 470 2743 (3⁶2.
496 2712 536 2744 cle
562 2717 629 2744 tolo
648 2713 677 2744 Iz.
697 2713 720 2744 l.
748 2712 791 2754 cf.

81 2754 303 2788 Buellnerum
330 2756 458 2789 observ.
486 2756 559 2790 Lz'o.
585 2768 617 2802 p.
642 2756 686 2791 32
709 2769 792 2801 sqq„

154 2812 215 2838 [ΑΠ’
237 2813 289 2837 rol.
307 2811 325 2839 I

1458 246 1556 275 LXV

845 321 997 355 Wexz'um
1009 322 1120 355 Ialznz‘i
1131 332 1211 356 ann.
1219 322 1329 364 LXX,
1337 321 1416 365 461,
1432 322 1481 357 W
1496 333 1554 367 ep.

837 366 858 400 6
870 379 942 411 sqq.
959 367 971 412 Η
990 366 1021 400 6.
1044 366 1175 413 (primo
1190 367 1365 408 adventu,
1386 378 1459 412 quo
1476 367 1551 414 (sic)

837 415 1077 446 accesserant
1112 412 1161 446 ad
1191 412 1334 457 urbem)
1380 413 1554 447 IVachn'us

836 458 962 490 emend.
976 457 1099 501 Licnp.
1114 457 1158 490 32
1171 469 1219 502 sq.
1239 458 1249 501 ΙΙ
1269 458 1447 500 adventu]
1468 469 1503 491 m
1521 461 1551 495 F

838 502 967 535 Harl.1
983 514 1016 539 ςε
1032 503 1215 536 aduentus
1231 503 1408 549 (aduentu
1423 502 1447 524 ÷÷
1459 502 1516 548 E.)
1536 507 1547 543 Η

837 547 939 591 quia]
950 548 1270 581 Drakenboreln'us:
1287 547 1349 593 qui
1364 547 1419 592 (cle
1431 549 1461 581 h.
1473 550 1495 582 Z.
1505 548 1550 591 cf.

835 593 1059 626 Buettnerum
1078 594 1101 625 l.
1117 594 1186 637 hp.
1201 592 1245 626 35
1257 592 1345 638 sqq.)
1364 594 1375 636 Η
1394 593 1448 627 10.
1465 604 1550 627 con-

835 638 929 680 lato]
947 637 1084 672 collato
1105 639 1200 672 Voss.
1214 638 1232 671 1
1248 652 1266 675 ς
1280 638 1431 672 conlata
1445 638 1549 672 MPE

836 683 975 716 collata
993 683 1088 716 Lez'd.
1108 683 1127 716 1
1149 683 1308 717 conlatis
1327 684 1381 716 vel
1401 683 1549 717 collatis

833 727 863 760 F
879 728 926 761 al.
940 727 967 771 f.
982 738 1025 762 eo
1041 727 1181 762 collato
1197 728 1290 763 Ww.
1310 729 1320 772 Η
1338 728 1501 772 XXXX,
1517 729 1548 762 1.

834 773 979 817 reliqua
993 776 1120 806 essent
1132 772 1300 816 fortuna]
1323 774 1447 818 scripsi
1463 774 1548 808 reli—

836 821 1015 860 quessent
1038 817 1191 852 fortuna
1216 818 1256 851 M
1280 818 1425 863 reliqua
1449 822 1550 853 esset

832 862 984 896 fortuna
1007 862 1071 896 PF
1092 868 1122 895 et
1141 865 1218 896 rell.
1239 864 1311 907 fere
1331 876 1445 897 omnes
1463 863 1550 897 reli-

833 918 906 951 qua
932 911 1034 940 esset
1057 907 1247 941 fortunam
1272 908 1314 941 E.
1344 909 1355 951 ΙΙ
1386 909 1418 942 9.
1442 907 1547 942 Albi-

831 951 930 994 nius]
958 953 1006 984 εἰσ
1031 953 1131 985 eliam
1152 954 1224 986 cod.
1246 953 1337 986 ZVaz.
1356 954 1451 987 Flor.
1468 958 1495 994 I,
1508 954 1546 997 ,7,

833 996 891 1039 133
933 995 1083 1030 Atinius
1120 998 1244 1030 Bamb.
1282 998 1329 1040 cf.
1365 999 1546 1031 Halnn'um

830 1043 960 1075 emend.
987 1042 1062 1075 Val.
1077 1053 1114 1085 p.
1135 1042 1188 1075 18.
1213 1044 1224 1085 ΙΙ
1255 1042 1309 1075 10.
1328 1043 1547 1087 religiosum

831 1089 934 1119 ratus
955 1087 1172 1120 sacerdotes
1192 1086 1365 1130 publicas
1385 1100 1415 1120 v.
1436 1089 1545 1122 Vaas-

829 1143 888 1164 sen
920 1132 1091 1165 animadv.
1117 1132 1163 1164 ad
1191 1131 1273 1173 fast.
1300 1132 1343 1164 R.
1369 1143 1488 1165 sacros
1508 1145 1544 1176 p.

829 1176 905 1209 232.
925 1177 936 1219 Η
960 1176 1145 1220 XXXXI,
1164 1176 1196 1209 3.
1222 1187 1289 1220 pro
1310 1177 1451 1221 populo
1471 1177 1545 1211 Ro-

829 1232 938 1255 mano
977 1221 1174 1262 Quiritium
1210 1221 1362 1255 tradant
1399 1223 1545 1256 Cobelus

830 1278 989 1300 nznenzos,
1003 1268 1027 1307 Ι,
1047 1266 1091 1300 95
1103 1278 1152 1310 sq.
1177 1266 1191 1311 Η
1212 1265 1244 1299 4.
1265 1277 1463 1311 arcemque
1485 1278 1542 1301 so-

830 1312 918 1354 lam]
936 1313 1196 1356 libri-plerique:
1212 1322 1410 1357 arcemque
1426 1316 1544 1346 totam

829 1358 946 1391 solam
961 1357 1000 1390 M
1019 1368 1144 1391 arcem
1157 1360 1351 1402 totamque
1367 1357 1486 1391 solam
1499 1358 1542 1392 P.

835 1404 846 1445 Η
869 1402 900 1435 5.
920 1413 966 1436 ne
987 1402 1084 1447 quis]
1108 1413 1154 1436 ne
1175 1413 1269 1447 quae
1290 1402 1347 1435 uis
1367 1402 1401 1437 V
1419 1414 1542 1448 neque

826 1448 883 1481 uis
904 1447 943 1480 M
964 1459 1009 1482 ne
1031 1458 1126 1492 quae
1140 1447 1197 1480 uis
1217 1449 1282 1481 clel.
1296 1449 1414 1481 deinde
1428 1448 1542 1492 impe-

826 1497 884 1526 tus
900 1493 1175 1526 Drakenborclu'i
1186 1494 1272 1526 coni.
1287 1493 1329 1526 ab
1346 1494 1420 1537 ipso
1440 1505 1541 1538 repu-

825 1540 938 1579 cliata;
961 1550 1022 1583 eqo
1043 1550 1176 1584 quoque
1196 1551 1226 1572 v.
1247 1540 1268 1572 l.
1282 1540 1401 1583 pocius
1420 1551 1460 1572 ex
1479 1549 1540 1573 ne-

847 1595 904 1617 uis

826 1640 920 1673 quae
935 1630 1109 1673 archetypi
1122 1635 1232 1663 ortam
1244 1634 1357 1673 putem
1378 1629 1389 1674 Η
1411 1630 1442 1663 9.
1457 1640 1537 1673 pro-

825 1674 952 1717 missa]
979 1675 1145 1718 prolixsa
1169 1676 1301 1707 videtur
1323 1674 1430 1716 fuisse
1449 1676 1484 1707 in
1502 1674 1542 1708 M

825 1731 872 1752 m.
887 1731 941 1763 pr.
956 1719 1102 1763 prolixa
1116 1733 1144 1756 ς.
1164 1721 1174 1763 ΙΙ
1193 1719 1398 1762 XXXXII,
1414 1720 1444 1752 1.
1465 1730 1539 1753 om-

824 1764 880 1798 nis
899 1765 1035 1798 Harl.1
1055 1764 1096 1810 (ἓ)
1120 1766 1144 1797 Ι.
1158 1765 1194 1797 F.
1213 1764 1420 1797 Gronovius.
1440 1766 1451 1807 ΙΙ
1477 1764 1538 1798 de-

825 1809 925 1843 lendi
945 1809 1092 1852 urbem]
1108 1809 1177 1845 Εςε
1205 1809 1387 1843 delendae
1408 1809 1539 1843 urbem

823 1854 856 1889 V
883 1855 976 1887 Lez‘tl.
1003 1855 1021 1887 1
1049 1868 1067 1891 ς
1092 1854 1251 1887 delende
1277 1853 1408 1887 urbem
1433 1853 1537 1888 MPF

824 1899 1006 1933 delendae
1027 1898 1130 1933 urbis
1151 1899 1254 1932 Harl.
1274 1899 1291 1931 1
1314 1912 1333 1936 ς
1352 1900 1376 1931 Ι.
1390 1899 1427 1932 F.
1446 1899 1538 1932 Gro-

823 1945 944 1976 novius
964 1943 1098 1978 deinde
1126 1943 1174 1989 (in
1193 1956 1258 1987 mss.
1280 1942 1453 1988 delende)
1479 1955 1537 1978 ur-

825 1989 907 2023 bem
933 1990 1028 2023 Voss.
1044 1990 1073 2022 1.
1101 1990 1112 2033 Ιι
1137 1989 1168 2022 3.
1185 1988 1382 2023 concidere
1401 1989 1537 2023 Rhena-

823 2046 887 2067 nus
909 2034 1103 2078 consipere
1118 2035 1254 2078 Lipsius
1274 2035 1408 2067 elector.
1421 2038 1448 2077 I,
1463 2034 1494 2068 7.
1519 2036 1530 2079 Η

822 2079 1049 2122 XXXXIII,
1074 2079 1106 2112 3.
1132 2090 1200 2123 pro
1215 2078 1346 2122 tantis]
1374 2080 1479 2112 Harl.
1496 2080 1533 2113 1:

822 2135 888 2168 pro
915 2124 1029 2158 tantis
1049 2124 1206 2168 prolatis
1228 2124 1437 2170 (prolatiffl
1459 2135 1475 2157 s
1495 2137 1536 2158 ea:

820 2169 1018 2213 prolatinis
1042 2175 1155 2202 ortum
1174 2168 1226 2214 M)
1253 2171 1308 2203 vel
1325 2180 1393 2214 pro
1419 2171 1535 2204 tantis

820 2214 986 2259 pristinis
1028 2216 1104 2249 rell.
1141 2216 1151 2258 ΙΙ
1188 2214 1450 2258 exprobranda
1491 2227 1537 2250 ea

821 2261 937 2304 apud]
977 2260 1229 2302 Alscleefis‘lcius:
1274 2260 1533 2303 exprobrande

821 2306 920 2349 apud
946 2305 983 2338 M
1011 2304 1297 2348 exprobrandae
1323 2305 1424 2349 apud
1449 2306 1490 2339 P.
1515 2306 1528 2351 Η

820 2349 1036 2393 XXXXVI,
1051 2351 1085 2383 2.
1102 2349 1226 2384 cinctu
1241 2363 1259 2387 ς
1272 2351 1365 2394 (cod.
1379 2351 1533 2384 Parrha-

819 2397 895 2438 sii),
921 2396 1014 2428 Pler.
1040 2396 1244 2429 Valerianus
1263 2397 1309 2429 ad
1332 2396 1431 2440 Verq.
1446 2397 1532 2429 Aen.

823 2442 891 2482 ῙἸΙ,
905 2440 982 2483 612,
997 2441 1198 2474 Rhenanus:
1213 2440 1356 2474 cinctus
1370 2443 1447 2474 rell.
1462 2453 1533 2474 om-

820 2498 878 2519 nes
891 2486 917 2529 f.
935 2485 1060 2519 cinctu
1079 2485 1224 2520 cinctus
1244 2486 1338 2520 Ww.
1357 2487 1368 2529 Η
1393 2486 1446 2520 10,
1459 2486 1530 2529 uti]

820 2532 1069 2575 Alsclzefslcius:
1094 2534 1158 2565 ute
1172 2531 1211 2564 M
1229 2534 1270 2564 ut
1283 2535 1341 2565 est
1352 2531 1415 2564 PE
1435 2535 1475 2565 ut
1488 2542 1532 2566 ex

821 2577 883 2610 Fe.
915 2578 926 2620 ΙΙ
963 2575 1179 2610 centuriatis
1204 2588 1235 2610 v.
1261 2578 1283 2610 l.
1308 2577 1343 2609 in
1367 2578 1471 2610 Harl.
1498 2577 1529 2620 1,

820 2622 1037 2665 Kreyssiyz'us
1056 2633 1106 2666 ep.
1127 2622 1173 2655 ad
1188 2621 1387 2655 Goeller-um
1399 2633 1437 2666 p.
1450 2621 1529 2664 445,

818 2668 1012 2700 Husclzkz’us
1026 2668 1071 2700 ad
1084 2673 1172 2700 aziel.
1186 2667 1250 2700 inc.
1271 2668 1311 2700 de
1324 2678 1412 2711 may.
1421 2678 1458 2710 p.
1472 2667 1528 2710 30,

818 2714 914 2746 Serv.
931 2713 1020 2745 Tull.
1031 2723 1066 2755 p.
1082 2712 1147 2745 713
1166 2718 1200 2745 al
1214 2724 1244 2745 v.
1266 2712 1530 2746 I‘Vez'ssenbornz'-

819 2769 871 2791 um
887 2759 926 2792 cle
939 2757 1139 2800 notionibus,
1149 2768 1233 2803 quas
1241 2757 1316 2792 Lio.
1326 2769 1397 2790 voc.
1410 2759 1533 2802 populi

1245 2816 1267 2841 Ε
