1835 3226
248 536 285 564 11

248 659 286 687 12

248 843 286 871 13

248 1030 286 1058 14

269 1398 286 1426 10

315 227 397 268 360
587 232 741 267 LIBER
765 231 856 276 VII,
883 231 936 265 10.
959 230 1008 262 11.
1036 231 1082 272 [a.
1098 240 1132 264 u.
1151 232 1388 278 e.393-396]

315 344 475 379 scutum
499 336 628 376 imum
651 334 894 388 perculisset
918 340 1084 388 totoque
1110 349 1277 390 corpore
1295 336 1462 377 interior
1479 338 1658 391 periculo

312 397 492 439 vulneris
523 396 656 437 factus
686 396 935 437 insinuasset
967 411 1010 437 se
1035 396 1139 436 inter
1163 411 1310 451 corpus
1336 412 1547 451 armaque,
1579 414 1660 442 uno

314 460 520 511 alteroque
547 457 720 499 subinde
744 457 828 498 ictu
852 464 1036 498 ventrem
1061 465 1183 511 atque
1207 458 1377 513 inguina
1401 458 1537 500 hausit
1562 468 1600 500 et
1620 461 1661 501 in

314 520 491 576 spatium
522 519 669 574 ingens
705 526 891 560 ruentem
925 520 1106 574 porrexit
1141 519 1313 561 hostem.
1362 521 1531 563 iacentis
1566 522 1660 563 inde

312 597 460 636 corpus
491 581 542 622 ab
573 581 684 622 omni
714 581 794 622 alia
824 581 1039 622 vexatione
1069 581 1267 623 intactum
1292 597 1374 623 uno
1400 590 1541 636 torque
1568 599 1661 638 spo-

312 645 443 693 liavit,
469 658 592 698 quem
615 658 851 698 respersum
876 658 1018 684 cruore
1044 643 1147 684 collo
1173 644 1440 685 circumdedit
1466 660 1552 686 suo.
1591 646 1660 686 de-

311 706 456 747 fixerat
479 720 608 760 pavor
632 720 726 747 eum
751 705 1018 746 admiratione
1040 703 1201 747 Gallos:
1227 705 1404 747 Romani
1429 706 1582 748 alacres
1608 706 1659 748 ab

312 768 486 809 statione
517 767 684 809 obviam
715 767 831 808 militi
858 782 932 808 suo
956 768 1183 822 progressi,
1214 767 1465 822 gratulantes
1490 768 1660 809 laudan-

313 837 455 884 tesque
492 830 544 871 ad
580 830 818 870 dictatorem
855 830 1095 883 perducunt.
1143 830 1248 870 inter
1277 830 1502 871 carminum
1531 845 1659 885 prope

311 893 479 934 modum
503 892 711 933 incondita
735 892 937 945 quaedam
962 891 1188 932 militariter
1210 891 1435 933 ioculantes
1461 891 1660 946 Torquati

312 969 541 1010 cognomen
565 954 768 1003 auditum3
801 953 1051 994 celebratum
1076 954 1222 995 deinde
1246 954 1421 1008 posteris
1447 954 1568 995 etiam
1598 954 1661 995 fa-

312 1017 529 1070 miliaeque
565 1016 709 1057 honori
744 1016 833 1057 fuit.
883 1016 1057 1056 dictator
1086 1030 1279 1057 coronam
1309 1030 1474 1056 auream
1505 1016 1660 1057 addidit

312 1079 466 1119 donum
490 1078 685 1130 mirisque
709 1093 782 1132 pro
808 1078 995 1118 contione
1021 1092 1111 1118 eam
1135 1092 1319 1132 pugnam
1343 1077 1534 1119 laudibus
1554 1077 1658 1118 tulit.

397 1139 479 1180 XI.
527 1139 584 1180 Et
619 1139 783 1180 hercule
820 1140 920 1180 tanti
957 1154 1005 1180 ca
1040 1140 1092 1180 ad
1126 1139 1307 1180 universi
1342 1139 1438 1180 belli
1469 1146 1659 1181 eventum

312 1201 508 1243 momenti
538 1201 744 1241 dimicatio
774 1201 870 1250 suit,
909 1208 951 1241 ut
983 1199 1197 1242 Gallorum
1234 1201 1435 1242 exercitus
1470 1202 1658 1255 proxima

313 1271 430 1305 nocte
466 1263 617 1304 relictis
654 1263 810 1317 trepide
845 1263 989 1304 castris
1026 1263 1068 1303 in
1104 1263 1317 1303 Tiburtem
1354 1278 1499 1317 agrum
1535 1270 1656 1316 atque

313 1326 425 1375 inde,
464 1325 657 1367 socictate
688 1324 784 1366 belli
814 1325 923 1365 facta
954 1331 1265 1378 commeatuque
1296 1324 1472 1380 benigne
1504 1325 1554 1366 ab
1587 1325 1658 1366 Ti-

312 1386 499 1428 burtibus
529 1387 712 1436 adiutus,
749 1402 846 1427 mox
875 1387 917 1426 in
944 1385 1214 1440 Campaniam
1245 1387 1459 1427 transierit.
1509 1401 1554 1427 ea
1580 1386 1658 1427 fuit

313 1464 454 1498 causa,
481 1463 553 1489 eur
575 1448 762 1503 proximo
783 1463 888 1488 anno
909 1447 957 1488 C.
972 1447 1179 1488 Poetelius
1199 1448 1355 1489 Balbus
1376 1448 1536 1496 consul,
1564 1463 1657 1488 cum

312 1510 493 1564 collegae
524 1510 611 1551 eius
641 1509 702 1549 M.
734 1509 866 1549 Fabio
891 1508 1098 1550 Ambusto
1124 1509 1295 1550 Hernici
1325 1509 1535 1563 provincia
1565 1523 1658 1550 eve-

311 1571 457 1620 nisset,
484 1571 681 1611 advcrsus
707 1570 900 1611 Tiburtes
925 1571 1042 1610 iussu
1065 1571 1205 1625 populi
1231 1571 1453 1611 exercitum
1478 1571 1655 1611 (luceret.

311 1633 363 1673 ad
400 1647 573 1686 quorum
610 1632 804 1673 auxilium
837 1646 929 1672 cum
963 1630 1073 1672 Galli
1103 1647 1154 1672 cx
1187 1632 1414 1686 Campania
1442 1633 1655 1681 redissent,

311 1695 456 1735 foedae
481 1694 758 1748 populationis
784 1694 824 1734 in
849 1693 1064 1734 Labicano
1090 1693 1408 1746 Tusculanoque
1434 1700 1473 1734 et
1491 1693 1656 1735 Albano

312 1771 410 1811 agro
435 1756 546 1796 haud
571 1755 693 1797 dubie
719 1755 961 1796 Tiburtibus
987 1755 1160 1796 ducibus
1188 1762 1282 1796 sunt
1306 1754 1451 1795 saetae.
1501 1762 1539 1795 ct
1564 1769 1657 1795 cum

312 1819 509 1859 adversus
531 1817 747 1859 Tiburtem
772 1817 933 1858 hostem
959 1818 1061 1858 duce
1087 1817 1254 1858 consule
1279 1823 1470 1857 contenta
1492 1831 1557 1857 res
1583 1831 1659 1871 pu-

312 1881 419 1921 blica
449 1887 577 1929 esset,
617 1878 801 1921 Gallicus
839 1879 1037 1920 tumultus
1073 1879 1312 1920 dictatorcm
1349 1878 1475 1919 creari
1511 1878 1656 1934 coegit.

312 1949 472 1984 creatus
516 1942 568 1995 Q.
614 1941 812 1984 Servilius
854 1941 992 1982 Ahala
1035 1942 1084 1982 T.
1128 1941 1367 1994 Quinctium
1415 1941 1657 1996 magistrum

314 2005 497 2058 equitum
534 2004 636 2048 dixit
673 2011 712 2045 et
749 2019 799 2045 cx
836 2004 1074 2045 auctoritate
1110 2011 1291 2058 patrum,
1331 2003 1364 2043 si
1394 2017 1586 2057 prospere
1616 2003 1658 2042 id

312 2066 465 2107 bellum
491 2067 712 2115 evenisset,
743 2066 862 2109 ludos
889 2080 1062 2120 magnos
1089 2066 1213 2106 vovit.
1263 2065 1452 2113 dictator,
1485 2064 1537 2105 ad
1562 2078 1658 2105 con-

312 2129 499 2170 tinendos
535 2129 699 2184 proprio
735 2127 842 2169 bello
874 2127 1057 2169 Tiburtis
1095 2127 1298 2168 consulari
1335 2126 1514 2167 exercitu
1544 2125 1657 2167 iusso

313 2205 494 2240 manere,
522 2205 662 2231 omnes
681 2190 872 2239 iuniores,
899 2190 1010 2230 nullo
1030 2190 1279 2230 detractante
1300 2188 1496 2236 militiam,
1525 2203 1658 2228 sacra-

311 2259 448 2294 mento
480 2253 630 2307 adegit.
678 2258 907 2306 pugnatum
937 2251 1048 2292 haud
1077 2250 1219 2305 procul
1253 2258 1369 2304 porta
1401 2248 1563 2290 Collina
1597 2255 1659 2290 cst

312 2314 436 2356 totius
467 2313 622 2356 viribus
653 2313 765 2355 urbis
796 2313 838 2354 in
869 2320 1090 2367 conspectu
1113 2319 1329 2367 parentum
1355 2311 1657 2366 coniugumque

311 2391 357 2417 ac
387 2376 626 2426 liberorum,
665 2391 769 2429 quae
800 2391 951 2429 magna
981 2375 1102 2417 ctiam
1133 2374 1371 2415 absentibus
1403 2374 1658 2414 hortamenta

310 2438 434 2478 animi
465 2445 552 2478 tum
584 2437 768 2479 subiecta
792 2437 919 2478 oculis
947 2436 1068 2477 simul
1092 2436 1337 2477 verecundia
1362 2435 1658 2476 misericordia-

311 2515 389 2553 que
421 2500 590 2541 militem
622 2499 912 2541 accendebant.
963 2514 1113 2553 magna
1147 2498 1351 2551 utrimque
1388 2498 1496 2543 edita
1532 2497 1656 2538 caede

311 2562 506 2602 avertitur
530 2562 695 2602 tandem
721 2561 829 2602 acics
852 2559 1078 2601 Gallorum.
1116 2559 1217 2614 fuga
1236 2558 1367 2600 Tibur
1393 2559 1496 2599 sicut
1521 2573 1655 2599 arcem

310 2622 405 2663 belli
425 2622 574 2664 Gallici
597 2630 758 2678 petunt:
789 2623 914 2678 palati
939 2638 963 2663 a
988 2621 1155 2663 consule
1173 2621 1357 2662 Poetelio
1382 2621 1491 2661 haud
1516 2619 1656 2674 procul

311 2682 463 2725 Tibure
500 2685 676 2739 excepti,
715 2685 892 2740 egressis
930 2684 981 2726 ad
1018 2699 1137 2738 opcm
1174 2683 1384 2724 ferendam
1416 2680 1656 2723 Tiburtibus
