1780 3204
524 244 679 279 LIBER
703 245 773 289 vt,
799 245 829 278 2.
849 246 880 278 3.
908 248 957 288 [a.
975 244 1108 289 0389]
1413 239 1494 279 307

143 349 363 390 amicitiam
393 348 534 403 populi
559 348 735 389 Romani
761 348 935 390 fuerant.
985 349 1140 404 itaque,
1174 365 1268 391 cum
1294 351 1395 392 tanti
1421 366 1496 392 un-

143 411 265 465 dique
296 417 468 452 terrores
501 411 810 452 circumstarent
841 419 1136 466 appareretque
1168 412 1377 463 omnibus,
1413 429 1496 455 non

143 474 236 515 odio
262 473 394 514 solum
415 474 524 528 apud
543 473 693 523 hostis,
722 475 794 515 sed
819 481 1057 530 contemptu
1082 475 1205 516 etiam
1230 475 1335 517 inter
1361 477 1494 518 socios

142 551 289 578 nomen
314 536 549 577 Romanum
573 535 777 585 laborare,
808 536 963 591 placuit
989 537 1174 578 eiusdem
1199 538 1394 593 auspiciis
1425 539 1496 579 de-

140 598 254 639 fendi
273 613 357 638 rem
378 597 604 652 publicam,
631 599 746 640 cuius
766 606 1006 653 recuperata
1025 605 1146 649 esset,
1173 599 1494 654 dictatoremque

140 660 222 700 dici
245 659 306 700 M.
327 659 497 700 Furium
520 659 754 701 Camillum.
804 661 839 702 is
865 661 1038 702 dictator
1064 660 1112 702 C.
1137 660 1359 704 Servilium
1378 661 1494 703 Aha-

140 722 221 763 lam
248 722 490 777 magistrum
516 723 699 776 equitum
725 723 828 763 dixit
851 723 1088 777 iustitioque
1113 723 1266 765 indicto
1298 724 1492 765 dilectum

138 784 343 825 iuniorum
373 783 535 834 habuit,
573 785 629 826 ita
660 791 703 825 ut
735 786 916 826 seniores
947 800 1129 839 quoque,
1163 781 1312 839 quibus
1339 786 1493 840 aliquid

138 846 296 887 roboris
324 854 575 901 superesset,
601 847 643 887 in
668 846 793 888 verba
813 862 888 888 sua
906 848 1060 889 iuratos
1082 848 1339 890 centuriaret.
1377 863 1493 889 exer-

138 909 264 949 citum
290 909 565 963 conscriptum
591 916 875 963 armatumque
905 909 1104 950 trifariam
1135 910 1285 951 divisit.
1334 917 1493 966 partem

138 986 262 1011 unam
297 971 339 1011 in
375 986 473 1026 agro
505 970 679 1012 Veiente
709 971 900 1012 Etruriae
938 972 1148 1027 opposuit,
1193 973 1362 1014 alteram
1399 979 1492 1013 ante

137 1032 280 1074 urbem
313 1039 447 1074 castra
476 1033 609 1074 locare
640 1033 777 1074 iussit:
815 1033 967 1075 tribuni
997 1034 1171 1075 militum
1196 1034 1260 1076 his
1286 1034 1340 1076 A.
1367 1034 1491 1076 Man-

137 1095 233 1143 lius,
260 1095 352 1144 illis,
379 1095 448 1148 qui
468 1095 666 1136 adversus
686 1095 889 1136 Etruscos
911 1096 1188 1146 mittebantur,
1216 1097 1268 1137 L.
1285 1096 1489 1137 Aemilius

135 1156 410 1211 praepositus3
454 1157 613 1197 tertiam
643 1162 800 1210 partem
837 1156 925 1210 ipse
962 1157 1014 1197 ad
1045 1156 1222 1198 Volscos
1260 1158 1377 1197 duxit
1413 1172 1490 1198 nec

134 1218 274 1272 procul
301 1234 323 1258 a
342 1218 535 1259 Lanuvio
550 1243 603 1247 —
623 1219 673 1258 ad
694 1217 900 1258 Marcium
925 1218 959 1259 is
984 1218 1100 1260 locus
1127 1219 1275 1260 dicitur
1288 1244 1341 1249 —-
1356 1225 1490 1260 castra

133 1294 371 1334 oppugnare
397 1291 458 1321 est
484 1280 662 1321 adortus.
707 1280 857 1333 quibus
878 1279 929 1321 ab
950 1287 1205 1336 contemptu,
1233 1282 1344 1335 quod
1361 1296 1489 1337 propc

132 1356 295 1382 omnem
321 1341 496 1382 deletam
523 1358 546 1382 a
573 1340 704 1383 Gallis
724 1342 956 1383 Romanam
981 1343 1237 1384 iuventutem
1263 1345 1487 1393 crederent,

131 1403 182 1445 ad
218 1403 372 1444 bellum
407 1403 602 1458 profectis
640 1411 798 1445 tantum
832 1403 1034 1446 Camillus
1066 1406 1230 1447 auditus
1267 1407 1489 1462 imperator

131 1465 293 1507 terroris
319 1466 528 1515 intulerat,
557 1473 602 1507 ut
626 1466 734 1507 vallo
761 1482 805 1508 se
830 1467 927 1522 ipsi,
954 1468 1108 1509 vallum
1134 1470 1343 1524 congestis
1369 1469 1488 1511 arbo-

130 1527 241 1569 ribus
269 1528 491 1582 saepircnt,
517 1543 568 1569 ne
594 1543 676 1582 qua
700 1529 850 1570 intrare
877 1530 928 1570 ad
953 1531 1209 1572 munimenta
1234 1531 1364 1573 hostis
1389 1548 1486 1587 pos-

130 1596 202 1631 set.
251 1591 362 1644 quod
386 1590 457 1631 ubi
482 1591 770 1632 animadvertit
797 1590 1017 1642 Camillus,
1049 1593 1189 1648 ignem
1214 1594 1255 1634 in
1281 1594 1484 1637 obiectam

130 1666 297 1707 saepem
328 1653 430 1694 coici
461 1653 592 1694 iussit.
643 1660 682 1694 et
712 1653 817 1694 forte
848 1662 932 1694 erat
964 1654 1027 1694 vis
1054 1670 1206 1710 magna
1230 1656 1342 1696 venti
1366 1671 1487 1699 versa

128 1714 171 1754 in
196 1714 370 1755 hostem.
420 1714 556 1768 itaque
588 1730 671 1755 non
696 1715 855 1769 aperuit
881 1716 1014 1756 solum
1040 1716 1228 1757 incendio
1254 1717 1381 1768 viam,
1414 1720 1487 1760 sed

129 1776 304 1817 flammis
335 1776 377 1816 in
409 1783 543 1817 castra
574 1776 836 1817 tendentibus
862 1792 1013 1832 vapore
1040 1778 1162 1818 etiam
1188 1793 1235 1819 ac
1260 1779 1375 1820 fumo
1401 1795 1488 1822 cre-

130 1837 298 1891 pituque
323 1837 463 1878 viridis
489 1838 683 1878 materiae
708 1838 918 1893 flagrantis
943 1839 1000 1880 ita
1025 1840 1302 1881 consternavit
1331 1841 1485 1893 hostes,

130 1905 174 1939 ut
204 1898 337 1939 minor
361 1899 490 1940 moles
518 1899 806 1954 superantibus
832 1900 985 1940 vallum
1011 1901 1051 1941 in
1078 1908 1213 1943 castra
1236 1902 1486 1946 Volscorum

130 1960 329 2001 Romanis
360 1961 483 2001 suerit
538 1975 662 2014 quam
692 1963 1076 2004 transcendentibus
1104 1979 1270 2019 saepem
1294 1965 1485 2008 incendio

131 2021 392 2077 absumptam
429 2022 573 2064 suerat.
623 2024 727 2065 fusis
758 2023 946 2065 hostibus
979 2026 1193 2079 caesisque
1225 2041 1319 2067 cum
1351 2035 1485 2071 castra

130 2084 286 2138 impetu
310 2085 487 2139 cepisset
511 2085 694 2135 dictator,
720 2087 916 2140 praedam
941 2087 1059 2128 militi
1084 2088 1214 2138 dedit,
1241 2103 1322 2142 quo
1348 2090 1483 2133 minus

132 2154 336 2201 speratam
362 2147 529 2188 minime
554 2147 746 2203 largitore
766 2149 889 2198 duce,
916 2164 963 2190 eo
983 2149 1101 2190 militi
1120 2150 1354 2206 gratiorem.
1391 2145 1483 2207 perss

131 2219 296 2250 secutus
322 2210 469 2251 deinde
494 2210 699 2265 fugientes
726 2225 820 2251 cum
845 2226 1009 2252 omnem
1027 2211 1228 2254 Volscum
1247 2229 1393 2269 agrum
1414 2216 1484 2256 de-

129 2271 349 2325 populatus
376 2279 503 2321 esset,
530 2273 582 2312 ad
606 2272 854 2314 deditionem
879 2272 1056 2315 Volscos
1083 2276 1388 2331 septuagesimo
1413 2278 1484 2319 de-

130 2347 242 2373 mum
273 2349 379 2374 anno
412 2333 587 2388 subegit.
636 2334 767 2376 victor
791 2350 842 2376 ex
866 2334 1032 2377 Volscis
1058 2337 1100 2377 in
1124 2337 1296 2391 Aequos
1324 2339 1482 2380 transiit

130 2405 170 2435 ct
205 2394 317 2448 ipsos
354 2394 507 2436 bellum
543 2396 776 2438 molientes:
826 2398 1050 2438 exercitum
1088 2413 1229 2440 eorum
1266 2400 1319 2440 ad
1354 2400 1481 2442 Bolas

130 2457 353 2510 oppressit,
390 2472 466 2498 nec
497 2464 629 2498 castra
653 2459 794 2508 modo,
827 2459 901 2500 sed
927 2459 1070 2501 urbem
1096 2460 1216 2501 etiam
1243 2462 1479 2517 adgressus,

128 2518 283 2572 impetu
308 2519 440 2573 primo
466 2520 586 2574 cepit.

211 2581 292 2622 HI.
337 2581 446 2622 Cum
470 2583 512 2623 in
537 2598 585 2624 ea
608 2595 741 2638 parte,
768 2585 809 2625 in
835 2600 918 2639 qua
942 2594 1064 2641 caput
1089 2588 1147 2628 rei
1165 2587 1377 2630 Romanae
1399 2588 1480 2630 Ca-

127 2642 262 2684 millus
284 2651 387 2694 erat,
414 2659 462 2685 ea
480 2645 644 2687 fortuna
663 2654 784 2697 esset,
811 2647 932 2689 aliam
950 2648 992 2689 in
1011 2655 1168 2704 partem
1188 2656 1316 2692 terror
1332 2651 1478 2707 ingens

1513 1611 1553 1640 10

1514 1735 1549 1763 ll

1511 2168 1549 2197 13

1510 2356 1549 2384 14

1508 2605 1522 2633 1

126 2705 344 2759 ingruerat.
394 2705 562 2749 Etruria
590 2723 718 2764 prope
749 2710 881 2751 omnis
913 2717 1069 2753 armata
1101 2710 1305 2762 Sutrium,
1344 2714 1476 2755 socios
1503 2727 1522 2756 2

1185 2778 1253 2811 ΞΟ*
