1835 3226
283 431 317 459 11

283 924 320 953 13

281 1172 319 1200 11

299 1666 317 1694 [ὓ

301 2473 316 2500 *Ι

350 184 433 225 540
705 189 857 223 L1BER
882 189 933 232 x,
960 188 1082 223 41.42.
1111 192 1158 232 [a.
1173 200 1206 223 u.
1223 200 1253 224 e.
1267 189 1348 234 461]

348 296 429 335 iam
460 293 629 333 deorum
661 291 955 345 hominumque
985 292 1093 332 victa
1130 292 1210 333 vis:
1248 292 1475 334 funduntur
1510 295 1698 338 linteatae

348 355 548 402 cohortes,
575 352 726 407 pariter
749 353 870 393 iurati
894 353 1138 407 iniuratique
1165 353 1328 408 fugiunt
1353 369 1429 396 nec
1454 370 1700 410 quemquam

347 422 506 471 praeter
530 415 670 456 hostes
694 421 894 455 metuunt.
943 415 1127 469 peditum
1153 430 1320 470 agmen,
1358 418 1470 470 quod
1500 418 1699 472 superfuit

346 491 528 533 pugnae,
560 476 602 517 in
628 482 762 517 castra
787 482 856 517 aut
880 475 1148 530 Aquiloniam
1173 477 1418 532 conpulsum
1444 486 1524 529 est,
1555 479 1701 520 nobili-

347 547 408 580 tas
434 538 674 592 equitesque
698 538 931 579 Bovianum
961 539 1241 593 perfugerunt.
1291 540 1448 593 equites
1480 555 1605 594 eques
1638 556 1701 582 se-

346 601 494 654 quitur,
519 600 700 654 peditem
724 600 870 654 pedes3
897 600 1060 641 diversa
1085 615 1249 650 cornua,
1277 601 1466 642 dextrum
1491 603 1543 643 ad
1567 609 1701 644 castra

349 662 609 711 Samnitium,
635 662 798 702 laevum
825 662 878 702 ad
902 661 1046 702 urbem
1071 662 1211 703 tendit.
1254 663 1364 717 prior
1389 663 1596 717 aliquanto
1615 663 1701 706 Vo-

345 724 525 766 lumnius
551 730 684 765 castra
709 724 833 778 cepit:
865 724 918 765 ad
943 723 1086 765 urbem
1113 723 1299 779 Scipioni
1323 726 1475 767 maiore
1499 726 1701 767 resistitur

346 786 404 836 vi,
430 800 513 827 non
537 786 633 840 quia
657 785 750 840 plus
776 786 901 826 animi
925 786 1044 827 vietis
1071 793 1150 835 est,
1178 787 1252 828 sed
1275 787 1422 828 melius
1447 788 1552 828 muri
1576 802 1700 841 quam

344 848 498 889 vallum
522 854 700 888 armatos
727 854 876 888 arcent.
912 847 1007 888 inde
1032 847 1236 902 lapidibus
1262 849 1502 903 propulsant
1526 849 1699 890 hostem.

349 909 502 964 Scipio,
522 910 601 950 nisi
613 909 655 950 in
667 909 799 964 primo
814 923 978 964 pavore,
1000 909 1241 964 priusquam
1254 910 1542 965 colligerentur
1561 911 1698 959 animi,

346 978 554 1013 transacta
589 986 654 1012 res
693 978 820 1021 esset,
852 971 1065 1012 lentiorem
1096 971 1183 1012 fore
1213 972 1393 1027 munitae
1424 972 1536 1014 urbis
1572 987 1702 1027 oppu-

345 1034 582 1089 gnationem
606 1040 734 1083 ratus,
761 1034 985 1089 interrogat
1008 1033 1171 1084 milites,
1199 1034 1304 1075 satin
1323 1049 1454 1088 aequo
1475 1036 1609 1076 animo
1628 1050 1700 1090 pa-

346 1102 526 1137 terentur
550 1095 601 1136 ab
627 1095 754 1136 altero
780 1110 906 1137 cornu
925 1103 1059 1136 castra
1078 1102 1198 1150 capta
1216 1110 1319 1146 esse,
1348 1111 1391 1138 se
1410 1097 1585 1138 victores
1604 1096 1701 1151 pelli

345 1173 369 1198 a
392 1157 519 1212 portis
545 1157 671 1198 urbis.
720 1157 1036 1198 reclamantibus
1062 1158 1264 1199 universis
1289 1159 1445 1213 primus
1470 1159 1559 1214 ipse
1585 1166 1699 1200 scuto

346 1234 469 1273 super
493 1225 615 1273 caput
639 1218 745 1259 elato
774 1219 908 1273 pergit
939 1219 991 1259 ad
1021 1226 1198 1273 portam,
1238 1221 1367 1261 secuti
1398 1221 1466 1261 alii
1496 1221 1699 1262 testudine

345 1281 509 1321 factain
521 1280 665 1321 urbem
685 1287 966 1335 perrumpunt,
994 1280 1302 1334 deturbatisque
1319 1280 1573 1323 Samnitibus
1594 1297 1698 1335 quae

345 1342 453 1383 circa
475 1348 634 1397 portam
660 1351 774 1382 crant
792 1342 897 1382 muri
917 1356 1190 1395 occupavere;
1215 1350 1427 1396 penetrare
1447 1345 1489 1383 in
1507 1344 1699 1385 interiora

344 1404 471 1453 urbis,
498 1405 594 1457 quia
617 1404 739 1458 pauci
764 1404 987 1445 admodum
1013 1410 1139 1453 crant,
1166 1419 1246 1445 non
1273 1405 1437 1446 audent.

428 1464 680 1505 XXXXH.
730 1465 848 1506 Haec
879 1466 1010 1520 primo
1041 1466 1228 1520 ignorare
1265 1466 1407 1507 consul
1444 1475 1483 1507 ct
1518 1468 1697 1508 intentus

343 1527 578 1581 recipiendo
604 1527 803 1567 exercitui
828 1541 937 1568 csse:
969 1527 1050 1567 iam
1076 1528 1184 1567 enim
1208 1542 1407 1582 praeceps
1439 1529 1479 1568 in
1505 1543 1698 1570 occasum

346 1589 407 1630 sol
442 1595 527 1630 erat
564 1595 603 1629 et
639 1589 836 1642 adpetens
872 1604 954 1629 nox
988 1588 1218 1643 periculosa
1262 1596 1301 1630 ct
1338 1596 1528 1644 suspecta
1564 1591 1699 1631 omnia

345 1652 467 1693 etiam
498 1650 721 1692 victoribus
753 1650 942 1691 faciebat.
991 1665 1236 1705 progressus
1267 1651 1431 1706 longius
1469 1651 1519 1693 ab
1556 1652 1699 1693 dextra

344 1720 463 1769 capta
493 1719 627 1755 castra
655 1713 786 1762 videt,
824 1712 875 1753 ab
910 1712 1028 1753 laeva
1064 1713 1283 1754 clamorem
1313 1713 1355 1753 in
1390 1713 1490 1754 urbe
1526 1714 1699 1754 mixtum

343 1776 615 1831 pugnantium
641 1790 688 1816 ac
712 1775 951 1830 paventium
975 1774 1141 1815 fremitu
1166 1790 1270 1816 esse.
1309 1781 1349 1816 et
1373 1782 1459 1815 tum
1484 1775 1588 1816 forte
1614 1790 1699 1816 cer-

343 1845 480 1878 tamen
505 1837 557 1878 ad
581 1843 742 1892 portam
767 1844 865 1878 erat.
915 1836 1111 1878 advectus
1144 1837 1291 1878 deinde
1322 1851 1428 1890 equo
1458 1837 1625 1892 propius
1657 1847 1700 1878 ut

344 1915 440 1941 suos
455 1900 496 1940 in
510 1899 636 1940 muris
650 1899 761 1940 videt
775 1913 850 1940 nec
869 1899 950 1940 iam
969 1899 1117 1954 integri
1137 1899 1356 1953 quicquam
1376 1914 1480 1949 esse,
1506 1899 1700 1953 quoniam

344 1961 570 2003 temeritate
594 1976 820 2016 paucorum
846 1976 1022 2016 magnac
1047 1961 1105 2001 rei
1129 1967 1247 2015 parta
1276 1961 1438 2002 occasio
1470 1967 1596 2010 esset,
1634 1975 1700 2002 ae-

344 2024 415 2065 ciri
440 2038 542 2077 quas
567 2031 777 2079 receperat
802 2024 941 2078 copias
963 2024 1163 2079 signaque
1182 2023 1225 2064 in
1243 2023 1387 2064 urbem
1409 2023 1549 2063 inferri
1568 2023 1698 2064 iussit.

342 2086 518 2141 ingressi
542 2086 730 2140 proxima
756 2101 807 2127 ex
824 2092 951 2140 parte,
978 2085 1074 2139 quia
1092 2100 1176 2126 nox
1195 2084 1560 2140 adpropinquabat,
1587 2085 1700 2138 quie-

344 2163 451 2190 vere.
489 2155 608 2189 nocte
633 2149 831 2203 oppidum
855 2148 906 2189 ab
932 2147 1120 2189 hostibus
1146 2148 1357 2189 desertum
1383 2155 1456 2189 cst.
1490 2162 1610 2189 caesa
1629 2148 1698 2190 illo

343 2211 408 2252 die
433 2211 486 2252 ad
509 2209 779 2264 Aquiloniam
806 2209 1056 2253 Samnitium
1086 2210 1198 2252 milia
1227 2211 1374 2266 viginti
1404 2210 1574 2251 trecenti
1599 2224 1699 2263 qua-

342 2273 549 2328 draginta,
576 2280 696 2328 eapta
721 2274 798 2315 tria
821 2273 933 2314 milia
959 2273 1184 2328 octingenti
1209 2280 1248 2314 et
1274 2273 1554 2327 septuaginta,
1581 2272 1700 2327 signa

343 2335 532 2376 militaria
556 2336 781 2391 nonaginta
806 2342 978 2390 septem.
1029 2342 1209 2376 ceterum
1239 2335 1343 2376 illud
1373 2334 1594 2375 memoriae
1619 2340 1699 2374 tra-

343 2397 462 2446 ditur,
488 2412 571 2439 non
594 2397 723 2439 ferme
748 2398 873 2439 alium
898 2398 1045 2438 ducem
1070 2397 1280 2438 laetiorem
1304 2397 1347 2438 in
1366 2397 1452 2437 acie
1472 2397 1607 2437 visum
1627 2410 1699 2437 seu

345 2466 488 2514 suopte
513 2460 679 2515 ingenio
705 2475 778 2502 seu
803 2460 953 2501 fiducia
977 2459 1081 2501 bene
1111 2460 1321 2515 gerundae
1350 2459 1421 2500 rei.
1471 2459 1522 2500 ab
1554 2458 1698 2500 eodem

342 2521 486 2562 robore
512 2522 637 2563 animi
654 2537 788 2576 neque
809 2528 1073 2564 controverso
1094 2522 1278 2576 auspicio
1297 2520 1483 2562 revocari
1501 2536 1525 2562 a
1542 2519 1697 2575 proelio

343 2583 485 2635 potuit,
513 2590 552 2624 et
576 2584 617 2625 in
642 2585 733 2639 ipso
759 2584 1006 2634 discrimine,
1032 2599 1113 2638 quo
1134 2583 1287 2639 templa
1306 2583 1393 2624 deis
1413 2581 1695 2624 inmortalibus

344 2645 481 2685 voveri
507 2660 595 2687 mos
622 2654 719 2697 crat,
747 2653 914 2689 voverat
939 2646 1029 2688 Iovi
1053 2646 1224 2696 Victori,
1252 2647 1285 2688 si
1311 2646 1492 2702 legiones
1518 2644 1693 2687 hostium
