1780 3204
432 282 586 317 Lrssssn
611 283 686 327 111,
712 283 768 318 21.
789 284 843 318 22.
872 286 921 328 [a.
936 282 975 319 o.
988 283 1066 319 460.
1079 283 1162 328 459]
1396 275 1476 316 145

202 387 334 428 XXI.
386 385 564 428 Senatus
589 387 632 427 in
652 385 858 441 Capitolio
883 394 981 428 erat.
1021 402 1069 429 eo
1094 387 1245 429 tribuni
1270 402 1363 429 cum
1382 403 1474 443 per-

120 448 281 490 turbata
293 447 415 503 plebe
427 448 608 489 veniunt.
645 449 864 490 multitudo
879 449 1055 490 clamore
1074 450 1232 505 ingenti
1251 465 1361 491 nunc
1380 465 1476 492 con-

120 511 274 560 sulum,
306 525 414 551 nuno
443 518 607 564 patrum
637 510 762 551 fidem
786 511 1006 565 inplorant,
1039 526 1115 552 nec
1140 518 1233 553 ante
1258 521 1475 554 moverunt

118 574 168 613 de
195 573 396 613 sententia
421 572 633 613 consulem
664 587 787 626 quam
813 573 965 614 tribuni
991 588 1034 614 se
1063 574 1106 614 in
1137 575 1377 616 auctoritate
1401 590 1474 629 pa-

119 642 225 675 trum
251 634 411 675 futuros
443 649 535 675 esse
565 634 736 688 polliciti
762 641 868 676 sunt.
917 642 1015 676 tunc
1070 635 1272 677 referente
1305 637 1473 678 consule

117 697 168 737 dc
193 696 446 737 tribunorum
473 703 513 736 et
535 695 668 750 plebis
693 697 910 751 postulatis
952 704 1118 739 senatus
1145 698 1332 739 consulta
1356 699 1471 748 fiunt,

117 773 249 812 neque
280 757 431 799 tribuni
459 758 595 813 legem
626 773 673 799 eo
705 773 811 799 anno
843 758 996 799 ferrent
1030 774 1164 813 neque
1201 760 1390 801 consules
1422 761 1473 802 ab

117 820 217 861 urbe
243 821 466 861 exercitum
492 819 728 870 educerent3
760 821 803 861 in
826 821 1030 875 reliquum
1054 823 1319 878 magistratus
1347 824 1474 864 conti-

116 883 234 923 nuari
265 889 305 923 et
335 897 405 924 eos
436 882 622 923 tribunos
647 883 760 923 refici
790 883 971 924 iudicare
1003 890 1192 925 senatum
1222 891 1364 926 contra
1386 900 1473 926 rem

116 945 324 1000 publicam
355 960 459 986 esse.
514 945 704 986 consules
736 945 851 986 fuere
880 946 920 986 in
952 953 1116 1000 patrum
1145 953 1367 1002 potestate3
1404 948 1474 988 tri-

116 1008 215 1049 buni
254 1007 571 1048 reclamantibus
592 1007 831 1048 consulibus
870 1008 1025 1049 refecti.
1062 1015 1200 1062 patres
1221 1023 1397 1062 quoque,
1424 1024 1475 1050 ne

115 1069 214 1122 quid
240 1069 429 1109 cederent
452 1068 581 1123 plebi,
615 1075 654 1109 et
677 1069 757 1123 ipsi
781 1070 962 1110 Lucium
989 1069 1231 1122 Quinctium
1262 1071 1474 1111 consulem

115 1129 362 1171 reficiebant.
399 1130 512 1170 nulla
529 1136 613 1171 toto
632 1145 738 1171 anno
758 1130 1038 1171 vehementior
1056 1132 1161 1171 actio
1181 1131 1361 1172 consulis
1382 1132 1471 1172 fuit.

116 1191 282 1240 ‘mirer,'
305 1191 437 1244 inquit
463 1192 517 1231 ‘si
536 1207 642 1232 vana
661 1199 810 1241 vestra,
836 1199 972 1246 patres
993 1192 1224 1246 conscripti,
1252 1193 1471 1234 auctoritas

114 1253 165 1294 ad
190 1253 351 1307 plebem
377 1253 463 1293 est?
492 1268 566 1294 vos
592 1253 761 1294 elevatis
781 1267 884 1303 eam,
912 1254 1076 1308 quippe,
1103 1254 1200 1307 quia
1218 1254 1336 1308 plebs
1357 1269 1475 1296 sena-

112 1327 178 1355 tus
210 1314 442 1355 consultum
473 1315 514 1354 in
546 1315 832 1356 continuandis
869 1315 1179 1370 magistratibus
1216 1316 1355 1366 solvit,
1392 1317 1474 1371 ipsi

111 1390 274 1430 quoque
300 1375 479 1416 solutum
503 1375 646 1426 vultis,
678 1391 729 1417 ne
754 1377 972 1418 temeritati
998 1377 1269 1419 multitudinis
1303 1379 1471 1427 cedatis,

111 1445 321 1491 tamquam
344 1438 386 1478 id
412 1438 463 1479 sit
487 1438 580 1492 plus
606 1453 729 1493 posse
754 1439 796 1479 in
821 1439 1003 1489 civitate,
1030 1439 1124 1494 plus
1149 1439 1327 1481 levitatis
1353 1455 1401 1481 ac
1424 1440 1473 1481 li-

111 1502 268 1543 centiae
292 1501 456 1543 habere.
487 1502 619 1543 levius
646 1503 754 1543 enim
774 1503 1002 1556 vaniusque
1022 1502 1207 1557 profecto
1228 1510 1289 1544 est
1308 1519 1384 1544 sua
1403 1503 1474 1544 de-

111 1570 221 1604 creta
246 1570 286 1604 et
311 1558 496 1604 consulta
520 1564 662 1605 tollere
689 1579 812 1618 quam
839 1564 1024 1605 aliorum.
1073 1564 1308 1614 imitamini,
1334 1571 1471 1619 patres

111 1625 348 1680 conscripti,
386 1625 548 1666 turbam
572 1626 847 1667 inconsultam
874 1633 913 1667 et
937 1626 1008 1680 qui
1039 1627 1228 1681 exemplo
1259 1627 1348 1668 aliis
1381 1641 1473 1668 esse

111 1687 288 1737 debetis,
315 1688 487 1728 aliorum
513 1688 701 1743 exemplo
726 1689 904 1743 peccetis
930 1689 1066 1743 potius
1092 1703 1217 1742 quam
1242 1689 1311 1729 alii
1334 1696 1472 1729 vestro

110 1755 219 1790 recte
244 1749 415 1798 faciant,
447 1750 546 1790 (lum
572 1765 649 1805 ego
675 1765 726 1791 ne
750 1751 886 1791 imiter
917 1750 1102 1791 tribunos
1133 1765 1210 1791 nec
1235 1765 1300 1790 me
1332 1757 1473 1791 contra

114 1816 280 1850 senatus
305 1811 493 1852 consulta
517 1811 730 1852 consulem
754 1812 978 1852 renuntiari
1002 1812 1147 1865 patiar.
1196 1818 1235 1852 te
1266 1826 1382 1861 vero,
1422 1811 1470 1853 C.

115 1871 276 1920 Claudi,
303 1871 507 1921 adhortor,
533 1879 631 1913 utet
648 1873 738 1927 ipse
756 1873 954 1927 populum
968 1873 1204 1913 Romanum
1217 1873 1295 1914 hac
1307 1873 1472 1914 licentia.

113 1947 252 1974 arceas
279 1938 319 1973 et
343 1933 393 1974 de
418 1947 484 1973 me
508 1933 586 1974 hoc
610 1933 684 1975 tibi
707 1935 977 1988 persuadeas,
1014 1949 1080 1974 me
1104 1934 1162 1975 ita
1191 1941 1469 1989 accepturum,

113 2001 158 2035 ut
180 2009 262 2035 non
285 1994 483 2035 honorem
508 2010 644 2035 meum
671 2011 695 2036 a
714 2002 753 2036 te
772 1996 1026 2050 impeditum,
1054 1996 1127 2037 sed
1145 1996 1319 2051 gloriam
1346 1998 1472 2052 spreti

113 2056 281 2097 honoris
313 2063 476 2097 auctam
512 2057 810 2110 invidiamque,
848 2072 953 2111 quae
985 2072 1036 2098 ex
1067 2058 1300 2099 continuato
1332 2073 1380 2100 eo
1410 2059 1472 2099 in-

113 2118 328 2172 penderet,
360 2117 538 2158 levatam
562 2118 728 2173 putem?
777 2119 1048 2160 communiter
1076 2119 1173 2160 inde
1204 2120 1387 2170 edicunt,
1419 2135 1470 2162 ne

113 2180 204 2232 quis
230 2180 284 2221 L.
312 2179 554 2232 Quinctium
577 2180 786 2221 consulem
811 2181 983 2231 faceret3
1021 2181 1055 2222 si
1079 2181 1171 2235 quis
1202 2181 1388 2232 fecisset,
1427 2185 1482 2224 se'

113 2242 155 2281 id
181 2241 424 2296 suffragium
448 2257 529 2282 non
556 2242 857 2284 observaturos.

196 2302 352 2344 XXII.
403 2303 606 2345 Consules
632 2305 756 2345 creati
782 2304 835 2357 Q.
854 2304 1009 2347 Fabius
1030 2304 1262 2347 Vibulanus
1288 2306 1406 2347 tertio
1430 2312 1470 2347 et

112 2364 165 2404 L.
183 2363 398 2406 Cornelius
412 2364 729 2421 Maluginensis.
767 2381 916 2408 census
937 2374 1052 2408 actus
1073 2382 1121 2408 eo
1141 2382 1268 2417 ann03
1293 2367 1469 2408 lustrum

112 2434 278 2480 propter
304 2425 555 2481 Capitolium
580 2434 763 2482 captum,
790 2429 1000 2470 consulem
1026 2429 1207 2470 occisum
1233 2430 1354 2471 condi
1377 2430 1471 2470 reli-

113 2488 277 2543 giosum
302 2487 392 2529 fuit.

198 2548 353 2601 Quinto
382 2550 532 2600 Fabio,
570 2552 624 2592 L.
653 2551 844 2593 Cornelio
876 2553 1114 2594 consulibus
1145 2553 1346 2608 principio
1371 2554 1467 2594 anni

113 2611 249 2651 statim
274 2626 338 2652 res
370 2611 639 2654 turbulentae.
688 2614 942 2669 instigabant
971 2614 1136 2669 plebem
1167 2615 1331 2656 tribuni.
1381 2615 1468 2657 bel-

111 2672 195 2713 lum
220 2673 365 2728 ingens
391 2690 416 2714 a
433 2673 598 2716 Volscis
625 2682 664 2716 et
683 2676 843 2730 Aequis
863 2677 1006 2717 Latini
1030 2683 1153 2731 atque
1171 2677 1343 2718 Hernici
1362 2693 1468 2718 nun-

111 2733 284 2776 tiabant:
320 2736 402 2777 iam
441 2736 558 2777 Antii
589 2737 838 2780 Volscorum
873 2738 1056 2794 legiones
1092 2753 1197 2781 esse.
1258 2745 1298 2780 et
1332 2739 1468 2795 ipsam

180 2813 244 2839 Lim·
266 2814 317 2839 soz.
335 2813 356 2839 1.
1199 2805 1242 2839 10

1500 403 1515 432 1

1499 651 1518 681 Ν)

1495 2132 1514 2162 S

1492 2567 1510 2596 ιθ
