1835 3226
272 516 290 545 [ὑ

270 952 289 980 4

275 1200 292 1227 ἶ)

274 1256 292 1285 6

276 1505 291 1533 ἲ

254 2127 292 2155 10

258 2315 289 2342 11

280 2622 292 2651 1

318 209 401 250 500
684 211 839 247 LIBER
863 213 917 258 X,
943 213 1042 247 5—7.
1070 214 1118 258 [a.
1132 224 1166 247 u.
1182 224 1211 247 ο.
1225 213 1307 258 454]

318 334 391 375 per
415 319 660 372 interregem
686 330 735 357 ea
759 315 923 357 comitia
947 316 1068 358 faeta.
1111 315 1154 356 id
1178 330 1307 356 unum
1331 330 1414 357 non
1438 317 1671 374 ambigitur,

319 380 578 422 consulatum
604 392 697 419 cum
722 377 902 433 Apuleio
926 377 1067 419 Pansa
1090 378 1286 433 gessisse.

401 440 476 481 VI,
524 439 585 480 M.
612 439 778 481 Valerio
804 446 843 480 et
869 439 922 493 Q.
948 439 1127 494 Apuleio
1158 440 1396 482 consulibus
1429 441 1526 482 satis
1551 456 1675 496 paea-

318 510 381 543 tae
405 502 505 543 foris
531 516 596 542 res
621 501 755 543 fuere:
780 501 1005 543 Etruscum
1030 502 1205 543 adversa
1229 501 1326 544 belli
1349 517 1414 544 res
1434 510 1474 544 et
1491 503 1673 544 indutiae

316 564 501 618 quietum
527 563 732 612 tenebant,
762 562 991 605 Samnitem
1015 564 1237 605 multorum
1263 580 1461 606 annorum
1487 565 1673 606 cladibus

316 626 515 667 domitum
540 625 752 666 hauddum
776 625 955 667 foederis
980 626 1076 666 novi
1099 625 1346 680 paenitebat.
1389 627 1548 668 Romae
1573 641 1674 680 quo-

316 702 395 741 que
426 687 590 742 plebem
621 687 801 740 quietam
834 694 874 728 et
904 694 1167 729 exoneratam
1203 687 1380 729 deducta
1413 688 1455 729 in
1492 688 1672 729 colonias

316 748 534 790 multitudo
558 748 808 804 praestabat.
857 755 1012 799 tamen,
1044 764 1096 789 ne
1121 749 1302 803 undique
1334 750 1576 803 tranquillae
1606 764 1672 791 res

317 817 473 860 essent,
507 818 715 852 certamen
743 811 938 852 iniectum
968 811 1074 852 inter
1097 811 1297 865 primores
1323 811 1517 861 civitatis,
1549 812 1669 866 patri-

318 873 401 914 cios
433 873 720 928 plebeiosque,
759 873 811 914 ab
843 873 1016 914 tribunis
1046 873 1180 928 plebis
1213 872 1265 926 Q.
1293 880 1332 914 et
1358 873 1435 915 Cn.
1465 873 1672 929 Ogulniis,

317 935 387 989 qui
412 935 593 989 undique
619 935 965 976 criminandorum
990 943 1152 990 patrum
1178 935 1288 990 apud
1312 935 1475 990 plebem
1494 936 1675 976 occasio-

315 997 436 1039 nibus
457 997 667 1051 quaesitis,
693 1004 913 1053 postquam
933 997 1012 1038 alia
1036 997 1190 1038 frustra
1214 1005 1411 1052 temptata
1436 1004 1562 1047 erant,
1583 1012 1673 1038 eam

316 1060 519 1100 actionem
545 1066 832 1114 susceperunt,
864 1074 945 1114 qua
969 1074 1052 1100 non
1076 1059 1259 1100 infimam
1290 1059 1452 1114 plebem
1478 1060 1675 1100 accende-

315 1129 423 1170 rent,
463 1121 536 1162 sed
570 1121 661 1176 ipsa
697 1121 831 1176 capita
871 1121 1022 1176 plebis,
1060 1121 1288 1163 consularis
1326 1121 1675 1176 triumphalesque

318 1182 514 1237 plebeios,
541 1197 716 1236 quorum
740 1183 965 1224 honoribus
992 1183 1092 1224 nihil
1117 1190 1279 1238 praeter
1304 1184 1543 1233 sacerdotia,
1570 1198 1675 1237 quae

318 1245 500 1286 nondum
525 1245 759 1299 promiscua
784 1252 909 1294 erant,
937 1246 1140 1287 deessent.
1179 1246 1435 1300 rogationem
1461 1261 1559 1301 ergo
1583 1260 1676 1300 pro-

316 1307 570 1362 mulgarunt,
597 1314 659 1356 ut,
687 1321 780 1347 eum
805 1314 998 1360 quattuor
1022 1321 1214 1361 augures,
1241 1313 1434 1360 quattuor
1457 1307 1672 1361 pontifices

318 1383 366 1409 ea
397 1375 638 1423 tempestate
670 1374 808 1409 essent
837 1368 1098 1423 placeretque
1130 1369 1272 1423 augeri
1309 1369 1568 1409 sacerdotum
1598 1384 1673 1409 nu-

318 1445 495 1479 merum,
534 1438 728 1483 quattuor
762 1431 997 1485 pontifices,
1036 1430 1216 1483 quinque
1253 1445 1429 1485 augures
1467 1431 1516 1471 de
1553 1430 1673 1485 plebe

317 1507 460 1533 omnes
497 1492 795 1547 adlegerentur.
857 1492 1203 1546 quemadmodum
1234 1492 1287 1532 ad
1317 1500 1508 1545 quattuor
1543 1508 1674 1547 augu-

316 1569 408 1594 rum
443 1568 673 1603 numerum,
710 1554 791 1594 nisi
827 1561 956 1595 morte
988 1554 1179 1603 duorum,
1216 1554 1259 1594 id
1287 1555 1419 1610 redigi
1455 1555 1673 1609 collegium

317 1616 506 1670 potuerit,
533 1631 616 1656 non
640 1615 818 1665 invenio,
841 1630 936 1657 cum
960 1616 1066 1656 inter
1090 1629 1268 1670 augures
1294 1623 1463 1666 constet,
1489 1617 1672 1671 inparem

318 1692 534 1719 numerum
565 1677 715 1719 debere
746 1692 856 1727 esse,
889 1684 935 1718 ut
967 1684 1048 1718 tres
1080 1677 1272 1730 antiquae
1303 1677 1451 1726 tribus,
1477 1677 1672 1727 Ramnes,

320 1741 539 1789 Titienses,
565 1740 770 1790 Luceres,
803 1755 924 1781 suum
949 1753 1136 1793 quaeque
1162 1754 1360 1794 augurem
1390 1739 1567 1780 habeant
1592 1748 1674 1789 aut,

321 1803 355 1844 si
379 1802 566 1857 pluribus
593 1802 644 1843 sit
664 1817 781 1857 opus,
807 1802 896 1857 pari
921 1802 1025 1843 inter
1050 1816 1093 1843 se
1118 1815 1290 1842 numero
1316 1801 1547 1843 sacerdotes
1572 1802 1676 1842 mul-

319 1865 514 1919 tiplicent,
543 1865 647 1906 sieut
672 1864 931 1919 multiplicati
957 1871 1063 1914 sunt,
1091 1879 1186 1905 cum
1210 1864 1263 1905 ad
1287 1870 1479 1917 quattuor
1496 1863 1677 1918 quinque

318 1927 467 1968 adiecti
496 1941 645 1968 novem
670 1941 904 1975 numerum,
936 1934 981 1967 ut
1006 1926 1110 1968 terni
1140 1926 1183 1966 in
1207 1925 1391 1981 singulas
1418 1932 1573 1975 essent,
1605 1940 1676 1967 ex-

317 1989 545 2044 pleverunt.
595 1995 794 2038 ceterum,
833 1989 929 2043 quia
966 1989 1017 2030 de
1052 1987 1172 2043 plebe
1209 1987 1523 2043 adlegebantur,
1562 1988 1678 2028 iuxta,

319 2067 410 2094 eam
440 2066 527 2092 rem
559 2066 681 2107 aegre
711 2052 824 2106 passi
855 2059 992 2106 patres
1025 2066 1149 2105 quam
1181 2066 1273 2092 cum
1305 2050 1562 2092 consulatum
1587 2050 1677 2090 vul-

317 2114 407 2169 gari
430 2113 629 2154 viderent.
679 2113 946 2163 simulabant,
973 2113 1025 2154 ad
1050 2113 1149 2154 deos
1174 2113 1217 2153 id
1241 2113 1373 2168 magis
1399 2127 1522 2166 quam
1549 2112 1602 2153 ad
1632 2126 1676 2152 se

318 2176 538 2231 pertinere:
575 2176 688 2231 ipsos
718 2176 899 2226 visuros,
937 2191 989 2217 ne
1021 2190 1137 2217 saera
1168 2190 1242 2217 sua
1270 2175 1522 2230 polluantur,
1553 2175 1596 2215 id
1633 2189 1676 2215 se

319 2245 459 2293 optare
495 2245 672 2288 tantum,
709 2253 761 2279 ne
793 2252 874 2292 qua
909 2238 951 2279 in
986 2253 1072 2279 rem
1108 2237 1316 2292 publicam
1353 2237 1490 2278 clades
1527 2237 1676 2277 veniat.

322 2301 457 2342 minus
489 2308 627 2342 autem
658 2301 885 2351 tetendere,
918 2301 1079 2342 adsueti
1110 2301 1192 2341 iam
1217 2300 1287 2341 tali
1316 2314 1467 2355 genere
1492 2299 1678 2341 certami-

319 2378 418 2404 num
447 2363 574 2413 vinei,
612 2370 652 2404 et
683 2363 903 2405 cernebant
935 2363 1192 2404 adversarios
1223 2377 1305 2402 non
1336 2362 1395 2411 id,
1434 2361 1545 2415 quod
1581 2361 1677 2402 olim

320 2425 390 2465 vix
416 2426 686 2480 speraverint,
719 2425 974 2466 adfectantes
1006 2439 1180 2479 magnos
1211 2424 1405 2473 honores,
1438 2424 1511 2464 sed
1542 2423 1679 2464 omnia.

321 2486 421 2536 iam,
458 2487 502 2527 in
538 2501 713 2541 quorum
750 2502 867 2542 spem
903 2486 1069 2528 dubiam
1108 2492 1193 2527 erat
1229 2493 1448 2535 certatum,
1486 2485 1676 2540 adeptos:

321 2548 568 2602 multiplices
595 2549 833 2590 consulatus
860 2562 1141 2602 censurasque
1166 2555 1205 2589 et
1231 2547 1473 2602 triumphos.

406 2609 504 2651 VII.
555 2610 770 2653 Certatum
800 2619 939 2652 tamen
965 2610 1176 2652 suadenda
1200 2610 1560 2662 dissuadendaque
1584 2608 1676 2662 lege

321 2670 426 2711 inter
455 2672 537 2726 Ap.
566 2672 787 2714 Claudium
823 2673 1001 2714 maxime
1040 2672 1178 2713 ferunt
1213 2678 1252 2713 et
1288 2672 1394 2712 inter
1423 2671 1471 2712 P.
1497 2669 1674 2711 Decium
