<?xml version="1.0" encoding="UTF-8"?>
<!DOCTYPE html PUBLIC "-//W3C//DTD XHTML 1.0 Transitional//EN"
    "http://www.w3.org/TR/xhtml1/DTD/xhtml1-transitional.dtd">
<html xmlns="http://www.w3.org/1999/xhtml" xml:lang="en" lang="en">
 <head>
  <title>
</title>
<meta http-equiv="Content-Type" content="text/html;charset=utf-8" />
  <meta name='ocr-system' content='tesseract 3.04.00' />
  <meta name='ocr-capabilities' content='ocr_page ocr_carea ocr_par ocr_line ocrx_word'/>
</head>
<body>
  <div class='ocr_page' id='page_1' title='image "./aburbeconditalib01livyuoft_0253.png"; bbox 0 0 1780 3204; ppageno 0'>
   <div class='ocr_carea' id='block_1_1' title="bbox 449 257 1489 308">
    <p class='ocr_par' dir='ltr' id='par_1_1' title="bbox 449 257 1489 308">
     <span class='ocr_line' id='line_1_1' title="bbox 449 257 1489 308; baseline -0.001 -11"><span class='ocrx_word' id='word_1_1' title='bbox 449 263 602 298; x_wconf 84' lang='lat' dir='ltr'>LIBER</span> <span class='ocrx_word' id='word_1_2' title='bbox 626 264 681 308; x_wconf 86' lang='lat'><strong>11,</strong></span> <span class='ocrx_word' id='word_1_3' title='bbox 706 264 760 298; x_wconf 83' lang='lat'><strong>53.</strong></span> <span class='ocrx_word' id='word_1_4' title='bbox 782 264 834 298; x_wconf 80' lang='lat'><strong>54.</strong></span> <span class='ocrx_word' id='word_1_5' title='bbox 863 266 910 307; x_wconf 86' lang='lat' dir='ltr'><strong>[a.</strong></span> <span class='ocrx_word' id='word_1_6' title='bbox 926 263 966 298; x_wconf 82' lang='lat' dir='ltr'><strong>C.</strong></span> <span class='ocrx_word' id='word_1_7' title='bbox 981 264 1175 304; x_wconf 74' lang='lat'><strong>476-473]</strong></span> <span class='ocrx_word' id='word_1_8' title='bbox 1410 257 1489 297; x_wconf 81' lang='lat'><strong>115</strong></span> 
     </span>
    </p>
   </div>
   <div class='ocr_carea' id='block_1_2' title="bbox 102 367 1535 2710">
    <p class='ocr_par' dir='ltr' id='par_1_2' title="bbox 129 367 1535 548">
     <span class='ocr_line' id='line_1_2' title="bbox 131 367 1535 423; baseline 0 -14"><span class='ocrx_word' id='word_1_9' title='bbox 131 369 313 422; x_wconf 88' lang='lat' dir='ltr'><strong>siliisque</strong></span> <span class='ocrx_word' id='word_1_10' title='bbox 338 367 446 408; x_wconf 88' lang='lat' dir='ltr'><strong>bella</strong></span> <span class='ocrx_word' id='word_1_11' title='bbox 469 382 623 422; x_wconf 79' lang='lat' dir='ltr'><strong>gerere.</strong></span> <span class='ocrx_word' id='word_1_12' title='bbox 674 368 830 408; x_wconf 85' lang='lat' dir='ltr'><strong>nullum</strong></span> <span class='ocrx_word' id='word_1_13' title='bbox 855 383 986 423; x_wconf 87' lang='lat' dir='ltr'><strong>genus</strong></span> <span class='ocrx_word' id='word_1_14' title='bbox 1013 368 1255 409; x_wconf 78' lang='lat' dir='ltr'>calamitatis</span> <span class='ocrx_word' id='word_1_15' title='bbox 1281 374 1491 409; x_wconf 92' lang='lat' dir='ltr'><strong>contume-</strong></span> <span class='ocrx_word' id='word_1_16' title='bbox 1517 383 1535 411; x_wconf 80' lang='lat' dir='ltr'>G</span> 
     </span>
     <span class='ocr_line' id='line_1_3' title="bbox 129 429 1491 485; baseline 0 -14"><span class='ocrx_word' id='word_1_17' title='bbox 129 431 288 484; x_wconf 88' lang='lat' dir='ltr'><strong>liaeque</strong></span> <span class='ocrx_word' id='word_1_18' title='bbox 325 444 408 470; x_wconf 93' lang='lat' dir='ltr'><strong>non</strong></span> <span class='ocrx_word' id='word_1_19' title='bbox 443 430 597 470; x_wconf 86' lang='lat' dir='ltr'><strong>editum</strong></span> <span class='ocrx_word' id='word_1_20' title='bbox 633 430 675 470; x_wconf 91' lang='lat' dir='ltr'><strong>in</strong></span> <span class='ocrx_word' id='word_1_21' title='bbox 706 429 882 471; x_wconf 80' lang='lat' dir='ltr'>Volscos</span> <span class='ocrx_word' id='word_1_22' title='bbox 919 437 998 480; x_wconf 87' lang='lat' dir='ltr'><strong>est,</strong></span> <span class='ocrx_word' id='word_1_23' title='bbox 1036 445 1112 471; x_wconf 90' lang='lat' dir='ltr'><strong>nec</strong></span> <span class='ocrx_word' id='word_1_24' title='bbox 1148 436 1285 471; x_wconf 79' lang='lat' dir='ltr'><strong>tamen</strong></span> <span class='ocrx_word' id='word_1_25' title='bbox 1320 430 1491 485; x_wconf 89' lang='lat' dir='ltr'><strong>perpelli</strong></span> 
     </span>
     <span class='ocr_line' id='line_1_4' title="bbox 129 492 784 548; baseline 0 -16"><span class='ocrx_word' id='word_1_26' title='bbox 129 499 317 548; x_wconf 83' lang='lat' dir='ltr'><strong>potuere,</strong></span> <span class='ocrx_word' id='word_1_27' title='bbox 350 498 395 532; x_wconf 90' lang='lat' dir='ltr'><strong>ut</strong></span> <span class='ocrx_word' id='word_1_28' title='bbox 419 492 506 532; x_wconf 90' lang='lat' dir='ltr'><strong>acie</strong></span> <span class='ocrx_word' id='word_1_29' title='bbox 531 492 784 533; x_wconf 85' lang='lat' dir='ltr'><strong>dimicarent.</strong></span> 
     </span>
    </p>

    <p class='ocr_par' dir='ltr' id='par_1_3' title="bbox 124 552 1531 1039">
     <span class='ocr_line' id='line_1_5' title="bbox 212 552 1531 597; baseline 0.002 -3"><span class='ocrx_word' id='word_1_30' title='bbox 212 553 360 595; x_wconf 84' lang='lat' dir='ltr'><strong>LIHI.</strong></span> <span class='ocrx_word' id='word_1_31' title='bbox 397 554 453 594; x_wconf 93' lang='lat' dir='ltr'><strong>L.</strong></span> <span class='ocrx_word' id='word_1_32' title='bbox 469 553 619 594; x_wconf 84' lang='lat' dir='ltr'><strong>Furius</strong></span> <span class='ocrx_word' id='word_1_33' title='bbox 638 554 733 594; x_wconf 88' lang='lat' dir='ltr'><strong>inde</strong></span> <span class='ocrx_word' id='word_1_34' title='bbox 753 559 792 594; x_wconf 89' lang='lat' dir='ltr'><strong>et</strong></span> <span class='ocrx_word' id='word_1_35' title='bbox 813 552 861 594; x_wconf 91' lang='lat' dir='ltr'><strong>C.</strong></span> <span class='ocrx_word' id='word_1_36' title='bbox 883 553 1066 595; x_wconf 86' lang='lat' dir='ltr'><strong>Manlius</strong></span> <span class='ocrx_word' id='word_1_37' title='bbox 1088 554 1291 595; x_wconf 88' lang='lat' dir='ltr'><strong>eonsules.</strong></span> <span class='ocrx_word' id='word_1_38' title='bbox 1328 553 1488 595; x_wconf 87' lang='lat' dir='ltr'><strong>Manlio</strong></span> <span class='ocrx_word' id='word_1_39' title='bbox 1517 569 1531 597; x_wconf 92' lang='lat'>1</span> 
     </span>
     <span class='ocr_line' id='line_1_6' title="bbox 129 614 1488 669; baseline 0 -13"><span class='ocrx_word' id='word_1_40' title='bbox 129 615 325 656; x_wconf 76' lang='lat' dir='ltr'><strong>Veientes</strong></span> <span class='ocrx_word' id='word_1_41' title='bbox 359 614 568 669; x_wconf 79' lang='lat' dir='ltr'><strong>provincia</strong></span> <span class='ocrx_word' id='word_1_42' title='bbox 599 616 753 665; x_wconf 73' lang='lat' dir='ltr'><strong>evenit,</strong></span> <span class='ocrx_word' id='word_1_43' title='bbox 790 630 872 656; x_wconf 91' lang='grc'>11011</span> <span class='ocrx_word' id='word_1_44' title='bbox 897 622 1035 656; x_wconf 88' lang='lat' dir='ltr'><strong>tamen</strong></span> <span class='ocrx_word' id='word_1_45' title='bbox 1060 615 1275 657; x_wconf 87' lang='lat' dir='ltr'><strong>bellatum:</strong></span> <span class='ocrx_word' id='word_1_46' title='bbox 1306 616 1488 656; x_wconf 88' lang='lat' dir='ltr'><strong>indutiae</strong></span> 
     </span>
     <span class='ocr_line' id='line_1_7' title="bbox 127 676 1488 732; baseline 0 -14"><span class='ocrx_word' id='word_1_47' title='bbox 127 677 170 718; x_wconf 92' lang='lat' dir='ltr'><strong>in</strong></span> <span class='ocrx_word' id='word_1_48' title='bbox 195 692 324 718; x_wconf 86' lang='lat' dir='ltr'><strong>annos</strong></span> <span class='ocrx_word' id='word_1_49' title='bbox 350 677 622 731; x_wconf 86' lang='lat' dir='ltr'><strong>quadraginta</strong></span> <span class='ocrx_word' id='word_1_50' title='bbox 644 676 878 731; x_wconf 84' lang='lat' dir='ltr'><strong>petentibus</strong></span> <span class='ocrx_word' id='word_1_51' title='bbox 899 677 1018 718; x_wconf 88' lang='lat' dir='ltr'><strong>datae</strong></span> <span class='ocrx_word' id='word_1_52' title='bbox 1038 677 1244 718; x_wconf 87' lang='lat' dir='ltr'><strong>frumento</strong></span> <span class='ocrx_word' id='word_1_53' title='bbox 1265 677 1488 732; x_wconf 83' lang='lat' dir='ltr'><strong>stipendio-</strong></span> 
     </span>
     <span class='ocr_line' id='line_1_8' title="bbox 127 738 1530 792; baseline 0.001 -13"><span class='ocrx_word' id='word_1_54' title='bbox 127 753 207 791; x_wconf 89' lang='lat' dir='ltr'><strong>que</strong></span> <span class='ocrx_word' id='word_1_55' title='bbox 227 739 439 792; x_wconf 85' lang='lat' dir='ltr'><strong>imperato.</strong></span> <span class='ocrx_word' id='word_1_56' title='bbox 479 738 572 791; x_wconf 90' lang='lat' dir='ltr'><strong>paci</strong></span> <span class='ocrx_word' id='word_1_57' title='bbox 591 745 782 779; x_wconf 77' lang='lat' dir='ltr'><strong>externae</strong></span> <span class='ocrx_word' id='word_1_58' title='bbox 804 738 1021 779; x_wconf 73' lang='lat' dir='ltr'><strong>confestim</strong></span> <span class='ocrx_word' id='word_1_59' title='bbox 1047 739 1309 779; x_wconf 78' lang='lat' dir='ltr'><strong>continuatur</strong></span> <span class='ocrx_word' id='word_1_60' title='bbox 1333 739 1487 779; x_wconf 87' lang='lat' dir='ltr'><strong>discor-</strong></span> <span class='ocrx_word' id='word_1_61' title='bbox 1512 753 1530 782; x_wconf 82' lang='lat'><strong>‘2</strong></span> 
     </span>
     <span class='ocr_line' id='line_1_9' title="bbox 126 799 1486 854; baseline 0 -14"><span class='ocrx_word' id='word_1_62' title='bbox 126 800 194 840; x_wconf 86' lang='lat' dir='ltr'><strong>dia</strong></span> <span class='ocrx_word' id='word_1_63' title='bbox 213 800 337 840; x_wconf 88' lang='lat' dir='ltr'><strong>domi.</strong></span> <span class='ocrx_word' id='word_1_64' title='bbox 375 799 560 854; x_wconf 80' lang='lat' dir='ltr'><strong>agrariae</strong></span> <span class='ocrx_word' id='word_1_65' title='bbox 584 799 688 854; x_wconf 85' lang='lat' dir='ltr'><strong>legis</strong></span> <span class='ocrx_word' id='word_1_66' title='bbox 714 799 941 840; x_wconf 81' lang='lat' dir='ltr'><strong>tribuniciis</strong></span> <span class='ocrx_word' id='word_1_67' title='bbox 967 800 1143 841; x_wconf 89' lang='lat' dir='ltr'><strong>stimulis</strong></span> <span class='ocrx_word' id='word_1_68' title='bbox 1168 800 1286 854; x_wconf 87' lang='lat' dir='ltr'><strong>plebs</strong></span> <span class='ocrx_word' id='word_1_69' title='bbox 1312 799 1486 841; x_wconf 86' lang='lat' dir='ltr'><strong>furebat.</strong></span> 
     </span>
     <span class='ocr_line' id='line_1_10' title="bbox 125 860 1487 916; baseline -0.001 -14"><span class='ocrx_word' id='word_1_70' title='bbox 125 861 333 911; x_wconf 83' lang='lat' dir='ltr'><strong>consules,</strong></span> <span class='ocrx_word' id='word_1_71' title='bbox 359 861 461 901; x_wconf 90' lang='lat' dir='ltr'><strong>nihil</strong></span> <span class='ocrx_word' id='word_1_72' title='bbox 478 860 648 901; x_wconf 87' lang='lat' dir='ltr'><strong>Meneni</strong></span> <span class='ocrx_word' id='word_1_73' title='bbox 670 861 949 911; x_wconf 83' lang='lat' dir='ltr'><strong>damnatione,</strong></span> <span class='ocrx_word' id='word_1_74' title='bbox 976 862 1077 902; x_wconf 86' lang='lat' dir='ltr'><strong>nihil</strong></span> <span class='ocrx_word' id='word_1_75' title='bbox 1100 862 1281 916; x_wconf 88' lang='lat' dir='ltr'><strong>periculo</strong></span> <span class='ocrx_word' id='word_1_76' title='bbox 1306 861 1487 902; x_wconf 89' lang='lat' dir='ltr'><strong>deterriti</strong></span> 
     </span>
     <span class='ocr_line' id='line_1_11' title="bbox 127 922 1486 979; baseline 0 -15"><span class='ocrx_word' id='word_1_77' title='bbox 127 922 308 973; x_wconf 78' lang='lat' dir='ltr'><strong>Servilii,</strong></span> <span class='ocrx_word' id='word_1_78' title='bbox 336 938 497 964; x_wconf 88' lang='lat' dir='ltr'><strong>summa</strong></span> <span class='ocrx_word' id='word_1_79' title='bbox 515 923 556 963; x_wconf 82' lang='lat' dir='ltr'><strong>vi</strong></span> <span class='ocrx_word' id='word_1_80' title='bbox 573 923 780 963; x_wconf 88' lang='lat' dir='ltr'><strong>resistunt.</strong></span> <span class='ocrx_word' id='word_1_81' title='bbox 825 922 1022 965; x_wconf 87' lang='lat' dir='ltr'><strong>abeuntes</strong></span> <span class='ocrx_word' id='word_1_82' title='bbox 1043 924 1286 979; x_wconf 83' lang='lat' dir='ltr'><strong>magistratu</strong></span> <span class='ocrx_word' id='word_1_83' title='bbox 1307 923 1384 964; x_wconf 88' lang='lat' dir='ltr'><strong>Cn.</strong></span> <span class='ocrx_word' id='word_1_84' title='bbox 1402 922 1486 965; x_wconf 87' lang='lat' dir='ltr'><strong>Ge-</strong></span> 
     </span>
     <span class='ocr_line' id='line_1_12' title="bbox 124 983 850 1039; baseline -0.001 -14"><span class='ocrx_word' id='word_1_85' title='bbox 124 985 269 1026; x_wconf 87' lang='lat' dir='ltr'><strong>nucius</strong></span> <span class='ocrx_word' id='word_1_86' title='bbox 296 984 484 1025; x_wconf 88' lang='lat' dir='ltr'><strong>tribunus</strong></span> <span class='ocrx_word' id='word_1_87' title='bbox 509 983 641 1038; x_wconf 89' lang='lat' dir='ltr'><strong>plebis</strong></span> <span class='ocrx_word' id='word_1_88' title='bbox 667 984 850 1039; x_wconf 86' lang='lat' dir='ltr'><strong>arripuit.</strong></span> 
     </span>
    </p>

    <p class='ocr_par' dir='ltr' id='par_1_4' title="bbox 102 1044 1528 2710">
     <span class='ocr_line' id='line_1_13' title="bbox 206 1044 1528 1101; baseline 0.001 -15"><span class='ocrx_word' id='word_1_89' title='bbox 206 1047 259 1086; x_wconf 90' lang='lat' dir='ltr'><strong>L.</strong></span> <span class='ocrx_word' id='word_1_90' title='bbox 285 1045 491 1087; x_wconf 81' lang='lat' dir='ltr'><strong>Aemilius</strong></span> <span class='ocrx_word' id='word_1_91' title='bbox 524 1053 564 1086; x_wconf 88' lang='lat' dir='ltr'><strong>et</strong></span> <span class='ocrx_word' id='word_1_92' title='bbox 596 1044 745 1100; x_wconf 86' lang='lat' dir='ltr'><strong>Opiter</strong></span> <span class='ocrx_word' id='word_1_93' title='bbox 774 1045 998 1101; x_wconf 83' lang='lat' dir='ltr'><strong>Verginius</strong></span> <span class='ocrx_word' id='word_1_94' title='bbox 1031 1046 1290 1087; x_wconf 88' lang='lat' dir='ltr'><strong>consulatum</strong></span> <span class='ocrx_word' id='word_1_95' title='bbox 1322 1047 1482 1096; x_wconf 82' lang='lat' dir='ltr'><strong>ineunt3</strong></span> <span class='ocrx_word' id='word_1_96' title='bbox 1511 1064 1528 1092; x_wconf 80' lang='lat'><strong>3</strong></span> 
     </span>
     <span class='ocr_line' id='line_1_14' title="bbox 124 1106 1482 1162; baseline 0.001 -14"><span class='ocrx_word' id='word_1_97' title='bbox 124 1107 351 1162; x_wconf 73' lang='lat' dir='ltr'><strong>Vopiscum</strong></span> <span class='ocrx_word' id='word_1_98' title='bbox 381 1107 534 1148; x_wconf 87' lang='lat' dir='ltr'><strong>Iulium</strong></span> <span class='ocrx_word' id='word_1_99' title='bbox 565 1122 640 1162; x_wconf 92' lang='lat' dir='ltr'><strong>pro</strong></span> <span class='ocrx_word' id='word_1_100' title='bbox 671 1106 871 1162; x_wconf 81' lang='lat' dir='ltr'><strong>Verginio</strong></span> <span class='ocrx_word' id='word_1_101' title='bbox 901 1107 943 1147; x_wconf 93' lang='lat' dir='ltr'><strong>in</strong></span> <span class='ocrx_word' id='word_1_102' title='bbox 979 1107 1228 1160; x_wconf 87' lang='lat' dir='ltr'><strong>quibusdam</strong></span> <span class='ocrx_word' id='word_1_103' title='bbox 1265 1108 1482 1149; x_wconf 85' lang='lat' dir='ltr'><strong>annalibus</strong></span> 
     </span>
     <span class='ocr_line' id='line_1_15' title="bbox 121 1168 1477 1222; baseline -0.001 -12"><span class='ocrx_word' id='word_1_104' title='bbox 121 1169 330 1210; x_wconf 82' lang='lat' dir='ltr'><strong>consulem</strong></span> <span class='ocrx_word' id='word_1_105' title='bbox 362 1169 538 1209; x_wconf 79' lang='lat' dir='ltr'><strong>invenio.</strong></span> <span class='ocrx_word' id='word_1_106' title='bbox 588 1169 667 1209; x_wconf 90' lang='lat' dir='ltr'><strong>hoe</strong></span> <span class='ocrx_word' id='word_1_107' title='bbox 697 1183 823 1217; x_wconf 89' lang='grc'>311110,</span> <span class='ocrx_word' id='word_1_108' title='bbox 861 1183 1144 1222; x_wconf 88' lang='lat' dir='ltr'><strong>quoscumque</strong></span> <span class='ocrx_word' id='word_1_109' title='bbox 1176 1169 1367 1210; x_wconf 91' lang='lat' dir='ltr'><strong>consules</strong></span> <span class='ocrx_word' id='word_1_110' title='bbox 1404 1168 1477 1210; x_wconf 88' lang='lat' dir='ltr'><strong>ha-</strong></span> 
     </span>
     <span class='ocr_line' id='line_1_16' title="bbox 120 1230 1481 1285; baseline 0.001 -14"><span class='ocrx_word' id='word_1_111' title='bbox 120 1231 225 1280; x_wconf 83' lang='lat' dir='ltr'><strong>buit,</strong></span> <span class='ocrx_word' id='word_1_112' title='bbox 263 1231 320 1271; x_wconf 86' lang='lat' dir='ltr'><strong>rei</strong></span> <span class='ocrx_word' id='word_1_113' title='bbox 351 1231 404 1271; x_wconf 90' lang='lat' dir='ltr'><strong>ad</strong></span> <span class='ocrx_word' id='word_1_114' title='bbox 434 1230 631 1285; x_wconf 89' lang='lat' dir='ltr'><strong>populum</strong></span> <span class='ocrx_word' id='word_1_115' title='bbox 657 1230 809 1271; x_wconf 89' lang='lat' dir='ltr'><strong>Furius</strong></span> <span class='ocrx_word' id='word_1_116' title='bbox 840 1237 880 1271; x_wconf 90' lang='lat' dir='ltr'><strong>et</strong></span> <span class='ocrx_word' id='word_1_117' title='bbox 903 1230 1088 1271; x_wconf 89' lang='lat' dir='ltr'><strong>Manlius</strong></span> <span class='ocrx_word' id='word_1_118' title='bbox 1114 1231 1368 1272; x_wconf 88' lang='lat' dir='ltr'><strong>circumeunt</strong></span> <span class='ocrx_word' id='word_1_119' title='bbox 1395 1247 1481 1273; x_wconf 84' lang='lat' dir='ltr'><strong>sor-</strong></span> 
     </span>
     <span class='ocr_line' id='line_1_17' title="bbox 119 1291 1527 1347; baseline 0.003 -16"><span class='ocrx_word' id='word_1_120' title='bbox 119 1292 245 1332; x_wconf 87' lang='lat' dir='ltr'><strong>didati</strong></span> <span class='ocrx_word' id='word_1_121' title='bbox 270 1306 351 1332; x_wconf 90' lang='lat' dir='ltr'><strong>non</strong></span> <span class='ocrx_word' id='word_1_122' title='bbox 377 1291 540 1345; x_wconf 86' lang='lat' dir='ltr'><strong>plebem</strong></span> <span class='ocrx_word' id='word_1_123' title='bbox 565 1292 698 1347; x_wconf 87' lang='lat' dir='ltr'><strong>magis</strong></span> <span class='ocrx_word' id='word_1_124' title='bbox 724 1307 848 1345; x_wconf 85' lang='lat' dir='ltr'><strong>quam</strong></span> <span class='ocrx_word' id='word_1_125' title='bbox 872 1292 1052 1333; x_wconf 85' lang='lat' dir='ltr'><strong>iuniores</strong></span> <span class='ocrx_word' id='word_1_126' title='bbox 1077 1298 1253 1347; x_wconf 89' lang='lat' dir='ltr'><strong>patrum.</strong></span> <span class='ocrx_word' id='word_1_127' title='bbox 1293 1294 1480 1343; x_wconf 82' lang='lat' dir='ltr'><strong>suadent,</strong></span> <span class='ocrx_word' id='word_1_128' title='bbox 1507 1310 1527 1337; x_wconf 85' lang='lat'>4</span> 
     </span>
     <span class='ocr_line' id='line_1_18' title="bbox 117 1353 1481 1410; baseline 0.002 -17"><span class='ocrx_word' id='word_1_129' title='bbox 117 1360 303 1403; x_wconf 87' lang='lat' dir='ltr'><strong>monent,</strong></span> <span class='ocrx_word' id='word_1_130' title='bbox 340 1353 564 1395; x_wconf 86' lang='lat' dir='ltr'><strong>honoribus</strong></span> <span class='ocrx_word' id='word_1_131' title='bbox 597 1361 636 1394; x_wconf 89' lang='lat' dir='ltr'><strong>et</strong></span> <span class='ocrx_word' id='word_1_132' title='bbox 667 1354 1019 1396; x_wconf 85' lang='lat' dir='ltr'><strong>administratione</strong></span> <span class='ocrx_word' id='word_1_133' title='bbox 1050 1355 1109 1396; x_wconf 92' lang='lat' dir='ltr'><strong>rei</strong></span> <span class='ocrx_word' id='word_1_134' title='bbox 1137 1354 1329 1410; x_wconf 87' lang='lat' dir='ltr'><strong>publicae</strong></span> <span class='ocrx_word' id='word_1_135' title='bbox 1354 1355 1481 1397; x_wconf 90' lang='lat' dir='ltr'><strong>absti-</strong></span> 
     </span>
     <span class='ocr_line' id='line_1_19' title="bbox 115 1415 1479 1471; baseline 0.001 -15"><span class='ocrx_word' id='word_1_136' title='bbox 115 1422 255 1465; x_wconf 88' lang='lat' dir='ltr'><strong>neant,</strong></span> <span class='ocrx_word' id='word_1_137' title='bbox 299 1415 535 1457; x_wconf 90' lang='lat' dir='ltr'><strong>consulares</strong></span> <span class='ocrx_word' id='word_1_138' title='bbox 579 1430 676 1457; x_wconf 80' lang='lat' dir='ltr'><strong>vero</strong></span> <span class='ocrx_word' id='word_1_139' title='bbox 718 1416 872 1466; x_wconf 87' lang='lat' dir='ltr'><strong>fasces,</strong></span> <span class='ocrx_word' id='word_1_140' title='bbox 920 1423 1176 1471; x_wconf 85' lang='lat' dir='ltr'><strong>praetextam</strong></span> <span class='ocrx_word' id='word_1_141' title='bbox 1213 1417 1479 1471; x_wconf 86' lang='lat' dir='ltr'><strong>curulemque</strong></span> 
     </span>
     <span class='ocr_line' id='line_1_20' title="bbox 115 1477 1477 1534; baseline 0.002 -17"><span class='ocrx_word' id='word_1_142' title='bbox 115 1478 257 1518; x_wconf 89' lang='lat' dir='ltr'><strong>sellam</strong></span> <span class='ocrx_word' id='word_1_143' title='bbox 294 1477 395 1518; x_wconf 89' lang='lat' dir='ltr'><strong>nihil</strong></span> <span class='ocrx_word' id='word_1_144' title='bbox 432 1477 544 1518; x_wconf 88' lang='lat' dir='ltr'><strong>aliud</strong></span> <span class='ocrx_word' id='word_1_145' title='bbox 581 1492 704 1531; x_wconf 89' lang='lat' dir='ltr'><strong>quam</strong></span> <span class='ocrx_word' id='word_1_146' title='bbox 740 1492 936 1533; x_wconf 87' lang='lat' dir='ltr'><strong>pompam</strong></span> <span class='ocrx_word' id='word_1_147' title='bbox 966 1479 1124 1520; x_wconf 84' lang='lat' dir='ltr'><strong>funeris</strong></span> <span class='ocrx_word' id='word_1_148' title='bbox 1155 1486 1320 1534; x_wconf 83' lang='lat' dir='ltr'><strong>putent3</strong></span> <span class='ocrx_word' id='word_1_149' title='bbox 1358 1479 1477 1521; x_wconf 89' lang='lat' dir='ltr'><strong>claris</strong></span> 
     </span>
     <span class='ocr_line' id='line_1_21' title="bbox 114 1539 1523 1595; baseline 0.001 -16"><span class='ocrx_word' id='word_1_150' title='bbox 114 1539 345 1595; x_wconf 81' lang='lat' dir='ltr'><strong>insignibus</strong></span> <span class='ocrx_word' id='word_1_151' title='bbox 371 1539 483 1580; x_wconf 76' lang='lat' dir='ltr'><strong>velut</strong></span> <span class='ocrx_word' id='word_1_152' title='bbox 507 1539 648 1581; x_wconf 88' lang='lat' dir='ltr'><strong>infulis</strong></span> <span class='ocrx_word' id='word_1_153' title='bbox 678 1540 831 1581; x_wconf 91' lang='lat' dir='ltr'><strong>velatos</strong></span> <span class='ocrx_word' id='word_1_154' title='bbox 852 1541 904 1582; x_wconf 88' lang='lat' dir='ltr'><strong>ad</strong></span> <span class='ocrx_word' id='word_1_155' title='bbox 925 1548 1097 1582; x_wconf 88' lang='lat' dir='ltr'><strong>mortem</strong></span> <span class='ocrx_word' id='word_1_156' title='bbox 1119 1541 1329 1582; x_wconf 90' lang='lat' dir='ltr'><strong>destinari.</strong></span> <span class='ocrx_word' id='word_1_157' title='bbox 1367 1541 1478 1594; x_wconf 89' lang='lat' dir='ltr'><strong>quod</strong></span> <span class='ocrx_word' id='word_1_158' title='bbox 1505 1552 1523 1580; x_wconf 77' lang='lat'>5</span> 
     </span>
     <span class='ocr_line' id='line_1_22' title="bbox 115 1602 1476 1653; baseline 0.001 -11"><span class='ocrx_word' id='word_1_159' title='bbox 115 1602 149 1642; x_wconf 81' lang='grc'><strong>31</strong></span> <span class='ocrx_word' id='word_1_160' title='bbox 174 1602 410 1643; x_wconf 85' lang='lat' dir='ltr'><strong>consulatus</strong></span> <span class='ocrx_word' id='word_1_161' title='bbox 437 1608 550 1643; x_wconf 86' lang='lat' dir='ltr'><strong>tanta</strong></span> <span class='ocrx_word' id='word_1_162' title='bbox 576 1602 750 1644; x_wconf 85' lang='lat' dir='ltr'><strong>dulcedo</strong></span> <span class='ocrx_word' id='word_1_163' title='bbox 776 1603 847 1653; x_wconf 92' lang='lat' dir='ltr'><strong>sit,</strong></span> <span class='ocrx_word' id='word_1_164' title='bbox 879 1603 961 1644; x_wconf 86' lang='lat' dir='ltr'><strong>iam</strong></span> <span class='ocrx_word' id='word_1_165' title='bbox 991 1618 1101 1645; x_wconf 90' lang='lat' dir='ltr'><strong>nunc</strong></span> <span class='ocrx_word' id='word_1_166' title='bbox 1132 1604 1189 1645; x_wconf 88' lang='lat' dir='ltr'><strong>ita</strong></span> <span class='ocrx_word' id='word_1_167' title='bbox 1219 1604 1261 1644; x_wconf 91' lang='lat' dir='ltr'><strong>in</strong></span> <span class='ocrx_word' id='word_1_168' title='bbox 1292 1604 1476 1644; x_wconf 89' lang='lat' dir='ltr'><strong>animum</strong></span> 
     </span>
     <span class='ocr_line' id='line_1_23' title="bbox 113 1664 1477 1720; baseline 0.001 -17"><span class='ocrx_word' id='word_1_169' title='bbox 113 1664 325 1713; x_wconf 86' lang='lat' dir='ltr'><strong>inducant,</strong></span> <span class='ocrx_word' id='word_1_170' title='bbox 359 1664 616 1704; x_wconf 87' lang='lat' dir='ltr'><strong>consulatum</strong></span> <span class='ocrx_word' id='word_1_171' title='bbox 649 1671 815 1718; x_wconf 90' lang='lat' dir='ltr'><strong>captum</strong></span> <span class='ocrx_word' id='word_1_172' title='bbox 845 1672 885 1706; x_wconf 86' lang='lat' dir='ltr'><strong>et</strong></span> <span class='ocrx_word' id='word_1_173' title='bbox 909 1680 1153 1720; x_wconf 85' lang='lat' dir='ltr'><strong>oppressum</strong></span> <span class='ocrx_word' id='word_1_174' title='bbox 1181 1665 1232 1706; x_wconf 88' lang='lat' dir='ltr'><strong>ab</strong></span> <span class='ocrx_word' id='word_1_175' title='bbox 1259 1665 1477 1706; x_wconf 86' lang='lat' dir='ltr'><strong>tribunicia</strong></span> 
     </span>
     <span class='ocr_line' id='line_1_24' title="bbox 112 1726 1476 1781; baseline 0.001 -17"><span class='ocrx_word' id='word_1_176' title='bbox 112 1731 313 1778; x_wconf 88' lang='lat' dir='ltr'><strong>potestate</strong></span> <span class='ocrx_word' id='word_1_177' title='bbox 340 1739 449 1774; x_wconf 88' lang='lat' dir='ltr'><strong>esse,</strong></span> <span class='ocrx_word' id='word_1_178' title='bbox 483 1727 658 1775; x_wconf 85' lang='lat' dir='ltr'><strong>consuli,</strong></span> <span class='ocrx_word' id='word_1_179' title='bbox 684 1726 796 1767; x_wconf 70' lang='lat' dir='ltr'><strong>velut</strong></span> <span class='ocrx_word' id='word_1_180' title='bbox 821 1727 1043 1781; x_wconf 87' lang='lat' dir='ltr'><strong>apparitori</strong></span> <span class='ocrx_word' id='word_1_181' title='bbox 1068 1727 1304 1773; x_wconf 87' lang='lat' dir='ltr'><strong>tribunicio,</strong></span> <span class='ocrx_word' id='word_1_182' title='bbox 1338 1726 1476 1766; x_wconf 87' lang='lat' dir='ltr'><strong>onmia</strong></span> 
     </span>
     <span class='ocr_line' id='line_1_25' title="bbox 113 1787 1518 1845; baseline 0.005 -19"><span class='ocrx_word' id='word_1_183' title='bbox 113 1787 165 1826; x_wconf 89' lang='lat' dir='ltr'><strong>ad</strong></span> <span class='ocrx_word' id='word_1_184' title='bbox 195 1793 340 1827; x_wconf 87' lang='lat' dir='ltr'><strong>nutum</strong></span> <span class='ocrx_word' id='word_1_185' title='bbox 371 1787 672 1842; x_wconf 86' lang='lat' dir='ltr'><strong>imperiumque</strong></span> <span class='ocrx_word' id='word_1_186' title='bbox 703 1789 853 1830; x_wconf 86' lang='lat' dir='ltr'><strong>tribuni</strong></span> <span class='ocrx_word' id='word_1_187' title='bbox 884 1791 1046 1845; x_wconf 89' lang='lat' dir='ltr'><strong>agenda</strong></span> <span class='ocrx_word' id='word_1_188' title='bbox 1077 1805 1181 1831; x_wconf 87' lang='lat' dir='ltr'><strong>esse.</strong></span> <span class='ocrx_word' id='word_1_189' title='bbox 1231 1791 1266 1831; x_wconf 89' lang='lat' dir='ltr'><strong>si</strong></span> <span class='ocrx_word' id='word_1_190' title='bbox 1292 1805 1335 1831; x_wconf 86' lang='lat' dir='ltr'><strong>se</strong></span> <span class='ocrx_word' id='word_1_191' title='bbox 1361 1804 1472 1830; x_wconf 85' lang='lat' dir='ltr'><strong>eom·</strong></span> <span class='ocrx_word' id='word_1_192' title='bbox 1500 1804 1518 1833; x_wconf 88' lang='lat'><strong>6</strong></span> 
     </span>
     <span class='ocr_line' id='line_1_26' title="bbox 112 1849 1471 1906; baseline 0.003 -18"><span class='ocrx_word' id='word_1_193' title='bbox 112 1849 302 1898; x_wconf 79' lang='lat' dir='ltr'><strong>moverit,</strong></span> <span class='ocrx_word' id='word_1_194' title='bbox 337 1849 371 1889; x_wconf 85' lang='lat' dir='ltr'><strong>si</strong></span> <span class='ocrx_word' id='word_1_195' title='bbox 401 1851 626 1903; x_wconf 77' lang='lat' dir='ltr'><strong>respexerit</strong></span> <span class='ocrx_word' id='word_1_196' title='bbox 655 1857 811 1904; x_wconf 88' lang='lat' dir='ltr'><strong>patres,</strong></span> <span class='ocrx_word' id='word_1_197' title='bbox 845 1851 879 1891; x_wconf 89' lang='lat' dir='ltr'><strong>si</strong></span> <span class='ocrx_word' id='word_1_198' title='bbox 903 1851 1015 1892; x_wconf 88' lang='lat' dir='ltr'><strong>aliud</strong></span> <span class='ocrx_word' id='word_1_199' title='bbox 1039 1866 1164 1905; x_wconf 87' lang='lat' dir='ltr'><strong>quam</strong></span> <span class='ocrx_word' id='word_1_200' title='bbox 1190 1851 1353 1906; x_wconf 86' lang='lat' dir='ltr'><strong>plebem</strong></span> <span class='ocrx_word' id='word_1_201' title='bbox 1379 1866 1471 1893; x_wconf 85' lang='lat' dir='ltr'><strong>esse</strong></span> 
     </span>
     <span class='ocr_line' id='line_1_27' title="bbox 113 1910 1470 1964; baseline 0.004 -14"><span class='ocrx_word' id='word_1_202' title='bbox 113 1911 152 1950; x_wconf 90' lang='lat' dir='ltr'><strong>in</strong></span> <span class='ocrx_word' id='word_1_203' title='bbox 183 1925 226 1950; x_wconf 89' lang='lat' dir='ltr'><strong>re</strong></span> <span class='ocrx_word' id='word_1_204' title='bbox 256 1910 422 1964; x_wconf 87' lang='lat' dir='ltr'><strong>publica</strong></span> <span class='ocrx_word' id='word_1_205' title='bbox 458 1912 691 1961; x_wconf 88' lang='lat' dir='ltr'><strong>crediderit,</strong></span> <span class='ocrx_word' id='word_1_206' title='bbox 725 1938 777 1942; x_wconf 92' lang='lat'>—</span> <span class='ocrx_word' id='word_1_207' title='bbox 809 1913 978 1953; x_wconf 82' lang='lat' dir='ltr'><strong>exilium</strong></span> <span class='ocrx_word' id='word_1_208' title='bbox 1004 1912 1082 1954; x_wconf 83' lang='lat' dir='ltr'><strong>Cn.</strong></span> <span class='ocrx_word' id='word_1_209' title='bbox 1113 1913 1266 1964; x_wconf 78' lang='lat' dir='ltr'><strong>Marci,</strong></span> <span class='ocrx_word' id='word_1_210' title='bbox 1298 1913 1470 1955; x_wconf 87' lang='lat' dir='ltr'><strong>Meneni</strong></span> 
     </span>
     <span class='ocr_line' id='line_1_28' title="bbox 113 1972 1514 2029; baseline 0.004 -18"><span class='ocrx_word' id='word_1_211' title='bbox 113 1972 417 2012; x_wconf 85' lang='lat' dir='ltr'><strong>damnationem</strong></span> <span class='ocrx_word' id='word_1_212' title='bbox 449 1979 489 2013; x_wconf 88' lang='lat' dir='ltr'><strong>et</strong></span> <span class='ocrx_word' id='word_1_213' title='bbox 519 1981 692 2014; x_wconf 85' lang='lat' dir='ltr'><strong>mortem</strong></span> <span class='ocrx_word' id='word_1_214' title='bbox 723 1973 802 2014; x_wconf 89' lang='lat' dir='ltr'><strong>sibi</strong></span> <span class='ocrx_word' id='word_1_215' title='bbox 825 1981 1056 2029; x_wconf 85' lang='lat' dir='ltr'><strong>proponant</strong></span> <span class='ocrx_word' id='word_1_216' title='bbox 1080 1982 1173 2016; x_wconf 89' lang='lat' dir='ltr'><strong>ante</strong></span> <span class='ocrx_word' id='word_1_217' title='bbox 1199 1976 1352 2017; x_wconf 88' lang='lat' dir='ltr'><strong>oeulos.</strong></span> <span class='ocrx_word' id='word_1_218' title='bbox 1401 1976 1467 2017; x_wconf 92' lang='lat' dir='ltr'><strong>his</strong></span> <span class='ocrx_word' id='word_1_219' title='bbox 1498 1989 1514 2016; x_wconf 82' lang='grc'>7</span> 
     </span>
     <span class='ocr_line' id='line_1_29' title="bbox 114 2033 1471 2092; baseline 0.004 -19"><span class='ocrx_word' id='word_1_220' title='bbox 114 2033 276 2074; x_wconf 87' lang='lat' dir='ltr'><strong>accensi</strong></span> <span class='ocrx_word' id='word_1_221' title='bbox 303 2033 472 2075; x_wconf 79' lang='lat' dir='ltr'><strong>vocibus</strong></span> <span class='ocrx_word' id='word_1_222' title='bbox 497 2041 635 2089; x_wconf 87' lang='lat' dir='ltr'><strong>patres</strong></span> <span class='ocrx_word' id='word_1_223' title='bbox 668 2035 838 2076; x_wconf 87' lang='lat' dir='ltr'><strong>consilia</strong></span> <span class='ocrx_word' id='word_1_224' title='bbox 866 2036 960 2077; x_wconf 90' lang='lat' dir='ltr'><strong>inde</strong></span> <span class='ocrx_word' id='word_1_225' title='bbox 991 2051 1072 2077; x_wconf 91' lang='lat' dir='ltr'><strong>non</strong></span> <span class='ocrx_word' id='word_1_226' title='bbox 1101 2037 1286 2092; x_wconf 89' lang='lat' dir='ltr'><strong>publica,</strong></span> <span class='ocrx_word' id='word_1_227' title='bbox 1325 2038 1399 2079; x_wconf 88' lang='lat' dir='ltr'><strong>sed</strong></span> <span class='ocrx_word' id='word_1_228' title='bbox 1428 2038 1471 2078; x_wconf 87' lang='lat' dir='ltr'><strong>in</strong></span> 
     </span>
     <span class='ocr_line' id='line_1_30' title="bbox 109 2095 1495 2151; baseline 0.004 -16"><span class='ocrx_word' id='word_1_229' title='bbox 109 2095 269 2149; x_wconf 87' lang='lat' dir='ltr'><strong>privato</strong></span> <span class='ocrx_word' id='word_1_230' title='bbox 307 2096 558 2150; x_wconf 83' lang='lat' dir='ltr'><strong>seductaque</strong></span> <span class='ocrx_word' id='word_1_231' title='bbox 595 2112 619 2138; x_wconf 89' lang='lat' dir='ltr'><strong>a</strong></span> <span class='ocrx_word' id='word_1_232' title='bbox 652 2097 832 2151; x_wconf 89' lang='lat' dir='ltr'><strong>plurium</strong></span> <span class='ocrx_word' id='word_1_233' title='bbox 869 2098 1116 2140; x_wconf 85' lang='lat' dir='ltr'><strong>conscientia</strong></span> <span class='ocrx_word' id='word_1_234' title='bbox 1155 2099 1349 2140; x_wconf 88' lang='lat' dir='ltr'><strong>habuere.</strong></span> <span class='ocrx_word' id='word_1_235' title='bbox 1398 2097 1495 2140; x_wconf 81' lang='lat' dir='ltr'><strong>ubi&#39;</strong></span> 
     </span>
     <span class='ocr_line' id='line_1_31' title="bbox 110 2157 1469 2215; baseline 0.003 -18"><span class='ocrx_word' id='word_1_236' title='bbox 110 2172 204 2198; x_wconf 84' lang='lat' dir='ltr'><strong>eum</strong></span> <span class='ocrx_word' id='word_1_237' title='bbox 234 2157 277 2197; x_wconf 94' lang='lat' dir='ltr'><strong>id</strong></span> <span class='ocrx_word' id='word_1_238' title='bbox 306 2158 430 2198; x_wconf 88' lang='lat' dir='ltr'><strong>modo</strong></span> <span class='ocrx_word' id='word_1_239' title='bbox 462 2165 684 2208; x_wconf 86' lang='lat' dir='ltr'><strong>constaret,</strong></span> <span class='ocrx_word' id='word_1_240' title='bbox 720 2159 808 2200; x_wconf 89' lang='lat' dir='ltr'><strong>iure</strong></span> <span class='ocrx_word' id='word_1_241' title='bbox 839 2175 891 2200; x_wconf 91' lang='lat' dir='ltr'><strong>an</strong></span> <span class='ocrx_word' id='word_1_242' title='bbox 927 2160 1074 2201; x_wconf 89' lang='lat' dir='ltr'><strong>iniuria</strong></span> <span class='ocrx_word' id='word_1_243' title='bbox 1109 2161 1339 2215; x_wconf 87' lang='lat' dir='ltr'><strong>eripiendos</strong></span> <span class='ocrx_word' id='word_1_244' title='bbox 1377 2175 1469 2202; x_wconf 87' lang='lat' dir='ltr'><strong>esse</strong></span> 
     </span>
     <span class='ocr_line' id='line_1_32' title="bbox 109 2219 1468 2276; baseline 0.003 -17"><span class='ocrx_word' id='word_1_245' title='bbox 109 2233 220 2268; x_wconf 86' lang='lat' dir='ltr'><strong>reos,</strong></span> <span class='ocrx_word' id='word_1_246' title='bbox 248 2219 504 2260; x_wconf 83' lang='lat' dir='ltr'><strong>atrocissima</strong></span> <span class='ocrx_word' id='word_1_247' title='bbox 528 2234 716 2273; x_wconf 87' lang='lat' dir='ltr'><strong>quaeque</strong></span> <span class='ocrx_word' id='word_1_248' title='bbox 742 2221 919 2261; x_wconf 79' lang='lat' dir='ltr'><strong>maxime</strong></span> <span class='ocrx_word' id='word_1_249' title='bbox 937 2221 1127 2276; x_wconf 85' lang='lat' dir='ltr'><strong>placebat</strong></span> <span class='ocrx_word' id='word_1_250' title='bbox 1146 2223 1365 2271; x_wconf 86' lang='lat' dir='ltr'><strong>sententia,</strong></span> <span class='ocrx_word' id='word_1_251' title='bbox 1392 2236 1468 2263; x_wconf 88' lang='grc'>1100</span> 
     </span>
     <span class='ocr_line' id='line_1_33' title="bbox 109 2281 1511 2339; baseline 0.004 -20"><span class='ocrx_word' id='word_1_252' title='bbox 109 2287 249 2321; x_wconf 91' lang='lat' dir='ltr'><strong>auctor</strong></span> <span class='ocrx_word' id='word_1_253' title='bbox 273 2281 462 2333; x_wconf 73' lang='lat' dir='ltr'><strong>quamvis</strong></span> <span class='ocrx_word' id='word_1_254' title='bbox 495 2282 641 2322; x_wconf 87' lang='lat' dir='ltr'><strong>audaci</strong></span> <span class='ocrx_word' id='word_1_255' title='bbox 671 2282 844 2323; x_wconf 82' lang='lat' dir='ltr'><strong>facinori</strong></span> <span class='ocrx_word' id='word_1_256' title='bbox 875 2283 1026 2325; x_wconf 84' lang='lat' dir='ltr'><strong>deerat.</strong></span> <span class='ocrx_word' id='word_1_257' title='bbox 1074 2284 1200 2339; x_wconf 88' lang='lat' dir='ltr'><strong>igitur</strong></span> <span class='ocrx_word' id='word_1_258' title='bbox 1228 2284 1369 2325; x_wconf 81' lang='lat' dir='ltr'><strong>iudicii</strong></span> <span class='ocrx_word' id='word_1_259' title='bbox 1399 2285 1465 2325; x_wconf 88' lang='lat' dir='ltr'><strong>die</strong></span> <span class='ocrx_word' id='word_1_260' title='bbox 1492 2296 1511 2325; x_wconf 79' lang='lat'>8</span> 
     </span>
     <span class='ocr_line' id='line_1_34' title="bbox 109 2342 1463 2401; baseline 0.004 -20"><span class='ocrx_word' id='word_1_261' title='bbox 109 2356 200 2381; x_wconf 86' lang='lat' dir='ltr'><strong>cum</strong></span> <span class='ocrx_word' id='word_1_262' title='bbox 222 2342 338 2396; x_wconf 80' lang='lat' dir='ltr'><strong>plebs</strong></span> <span class='ocrx_word' id='word_1_263' title='bbox 358 2343 401 2382; x_wconf 88' lang='lat' dir='ltr'><strong>in</strong></span> <span class='ocrx_word' id='word_1_264' title='bbox 420 2343 509 2383; x_wconf 90' lang='lat' dir='ltr'><strong>foro</strong></span> <span class='ocrx_word' id='word_1_265' title='bbox 531 2350 664 2384; x_wconf 85' lang='lat' dir='ltr'><strong>erecta</strong></span> <span class='ocrx_word' id='word_1_266' title='bbox 684 2344 989 2398; x_wconf 78' lang='lat' dir='ltr'><strong>exspectatione</strong></span> <span class='ocrx_word' id='word_1_267' title='bbox 1011 2351 1148 2395; x_wconf 88' lang='lat' dir='ltr'><strong>staret,</strong></span> <span class='ocrx_word' id='word_1_268' title='bbox 1168 2346 1305 2387; x_wconf 88' lang='lat' dir='ltr'><strong>mirari</strong></span> <span class='ocrx_word' id='word_1_269' title='bbox 1318 2347 1463 2401; x_wconf 89' lang='lat' dir='ltr'><strong>primo,</strong></span> 
     </span>
     <span class='ocr_line' id='line_1_35' title="bbox 107 2403 1464 2457; baseline 0.005 -14"><span class='ocrx_word' id='word_1_270' title='bbox 107 2403 217 2456; x_wconf 86' lang='lat' dir='ltr'><strong>quod</strong></span> <span class='ocrx_word' id='word_1_271' title='bbox 247 2418 327 2444; x_wconf 89' lang='lat' dir='ltr'><strong>non</strong></span> <span class='ocrx_word' id='word_1_272' title='bbox 355 2404 622 2446; x_wconf 87' lang='lat' dir='ltr'><strong>descenderet</strong></span> <span class='ocrx_word' id='word_1_273' title='bbox 647 2405 854 2456; x_wconf 87' lang='lat' dir='ltr'><strong>tribunus,</strong></span> <span class='ocrx_word' id='word_1_274' title='bbox 890 2407 1002 2457; x_wconf 88' lang='lat' dir='ltr'><strong>dein,</strong></span> <span class='ocrx_word' id='word_1_275' title='bbox 1033 2422 1130 2448; x_wconf 89' lang='lat' dir='ltr'><strong>cum</strong></span> <span class='ocrx_word' id='word_1_276' title='bbox 1147 2408 1228 2449; x_wconf 89' lang='lat' dir='ltr'><strong>iam</strong></span> <span class='ocrx_word' id='word_1_277' title='bbox 1254 2423 1370 2449; x_wconf 85' lang='lat' dir='ltr'><strong>mora</strong></span> <span class='ocrx_word' id='word_1_278' title='bbox 1395 2423 1464 2449; x_wconf 90' lang='lat' dir='ltr'><strong>su-</strong></span> 
     </span>
     <span class='ocr_line' id='line_1_36' title="bbox 107 2465 1480 2522; baseline 0.005 -17"><span class='ocrx_word' id='word_1_279' title='bbox 107 2465 283 2519; x_wconf 78' lang='lat' dir='ltr'><strong>speetior</strong></span> <span class='ocrx_word' id='word_1_280' title='bbox 301 2466 427 2516; x_wconf 88' lang='lat' dir='ltr'><strong>fieret,</strong></span> <span class='ocrx_word' id='word_1_281' title='bbox 455 2468 692 2508; x_wconf 89' lang='lat' dir='ltr'><strong>deterritum</strong></span> <span class='ocrx_word' id='word_1_282' title='bbox 706 2483 730 2509; x_wconf 88' lang='lat' dir='ltr'><strong>a</strong></span> <span class='ocrx_word' id='word_1_283' title='bbox 748 2469 996 2522; x_wconf 84' lang='lat' dir='ltr'><strong>primoribus</strong></span> <span class='ocrx_word' id='word_1_284' title='bbox 1016 2470 1181 2511; x_wconf 88' lang='lat' dir='ltr'><strong>credere</strong></span> <span class='ocrx_word' id='word_1_285' title='bbox 1201 2479 1238 2511; x_wconf 91' lang='lat' dir='ltr'><strong>et</strong></span> <span class='ocrx_word' id='word_1_286' title='bbox 1259 2471 1480 2512; x_wconf 83' lang='lat' dir='ltr'><strong>desertam·</strong></span> 
     </span>
     <span class='ocr_line' id='line_1_37' title="bbox 105 2527 1505 2585; baseline 0.005 -18"><span class='ocrx_word' id='word_1_287' title='bbox 105 2541 152 2567; x_wconf 90' lang='grc'><strong>30</strong></span> <span class='ocrx_word' id='word_1_288' title='bbox 181 2527 385 2581; x_wconf 90' lang='lat' dir='ltr'><strong>proditam</strong></span> <span class='ocrx_word' id='word_1_289' title='bbox 416 2543 584 2570; x_wconf 85' lang='lat' dir='ltr'><strong>causam</strong></span> <span class='ocrx_word' id='word_1_290' title='bbox 614 2529 823 2584; x_wconf 86' lang='lat' dir='ltr'><strong>publicam</strong></span> <span class='ocrx_word' id='word_1_291' title='bbox 854 2531 987 2583; x_wconf 83' lang='lat' dir='ltr'><strong>queri3</strong></span> <span class='ocrx_word' id='word_1_292' title='bbox 1025 2532 1191 2572; x_wconf 88' lang='lat' dir='ltr'><strong>tandem</strong></span> <span class='ocrx_word' id='word_1_293' title='bbox 1221 2532 1293 2585; x_wconf 80' lang='lat' dir='ltr'><strong>qui</strong></span> <span class='ocrx_word' id='word_1_294' title='bbox 1317 2532 1463 2574; x_wconf 83' lang='lat' dir='ltr'><strong>obver-</strong></span> <span class='ocrx_word' id='word_1_295' title='bbox 1488 2547 1505 2577; x_wconf 89' lang='lat'>9</span> 
     </span>
     <span class='ocr_line' id='line_1_38' title="bbox 104 2589 1462 2641; baseline 0.006 -13"><span class='ocrx_word' id='word_1_296' title='bbox 104 2590 183 2629; x_wconf 86' lang='lat' dir='ltr'><strong>sati</strong></span> <span class='ocrx_word' id='word_1_297' title='bbox 207 2589 409 2631; x_wconf 76' lang='lat' dir='ltr'><strong>vestibulo</strong></span> <span class='ocrx_word' id='word_1_298' title='bbox 431 2591 581 2632; x_wconf 89' lang='lat' dir='ltr'><strong>tribuni</strong></span> <span class='ocrx_word' id='word_1_299' title='bbox 601 2592 781 2641; x_wconf 87' lang='lat' dir='ltr'><strong>fuerant,</strong></span> <span class='ocrx_word' id='word_1_300' title='bbox 807 2593 996 2634; x_wconf 89' lang='lat' dir='ltr'><strong>nuntiant</strong></span> <span class='ocrx_word' id='word_1_301' title='bbox 1014 2594 1125 2634; x_wconf 90' lang='lat' dir='ltr'><strong>domi</strong></span> <span class='ocrx_word' id='word_1_302' title='bbox 1146 2600 1352 2636; x_wconf 82' lang='lat' dir='ltr'><strong>mortuum</strong></span> <span class='ocrx_word' id='word_1_303' title='bbox 1371 2609 1462 2636; x_wconf 86' lang='lat' dir='ltr'><strong>esse</strong></span> 
     </span>
     <span class='ocr_line' id='line_1_39' title="bbox 102 2650 1458 2710; baseline 0.006 -21"><span class='ocrx_word' id='word_1_304' title='bbox 102 2650 325 2692; x_wconf 77' lang='lat' dir='ltr'><strong>inventum.</strong></span> <span class='ocrx_word' id='word_1_305' title='bbox 375 2653 487 2706; x_wconf 90' lang='lat' dir='ltr'><strong>quod</strong></span> <span class='ocrx_word' id='word_1_306' title='bbox 520 2653 591 2694; x_wconf 90' lang='lat' dir='ltr'><strong>ubi</strong></span> <span class='ocrx_word' id='word_1_307' title='bbox 621 2654 663 2694; x_wconf 90' lang='lat' dir='ltr'><strong>in</strong></span> <span class='ocrx_word' id='word_1_308' title='bbox 693 2660 821 2695; x_wconf 89' lang='lat' dir='ltr'><strong>totam</strong></span> <span class='ocrx_word' id='word_1_309' title='bbox 852 2655 1083 2696; x_wconf 86' lang='lat' dir='ltr'><strong>contionem</strong></span> <span class='ocrx_word' id='word_1_310' title='bbox 1113 2655 1279 2710; x_wconf 91' lang='lat' dir='ltr'><strong>pertulit</strong></span> <span class='ocrx_word' id='word_1_311' title='bbox 1308 2671 1458 2706; x_wconf 89' lang='lat' dir='ltr'><strong>rumor,</strong></span> 
     </span>
    </p>
   </div>
   <div class='ocr_carea' id='block_1_3' title="bbox 103 2712 1460 2811">
    <p class='ocr_par' dir='ltr' id='par_1_5' title="bbox 103 2712 1460 2811">
     <span class='ocr_line' id='line_1_40' title="bbox 103 2712 1460 2772; baseline 0.005 -19"><span class='ocrx_word' id='word_1_312' title='bbox 103 2712 205 2753; x_wconf 86' lang='lat' dir='ltr'><strong>sieut</strong></span> <span class='ocrx_word' id='word_1_313' title='bbox 244 2714 352 2753; x_wconf 82' lang='lat' dir='ltr'><strong>acies</strong></span> <span class='ocrx_word' id='word_1_314' title='bbox 391 2714 576 2756; x_wconf 85' lang='lat' dir='ltr'><strong>funditur</strong></span> <span class='ocrx_word' id='word_1_315' title='bbox 613 2716 716 2756; x_wconf 91' lang='lat' dir='ltr'><strong>duee</strong></span> <span class='ocrx_word' id='word_1_316' title='bbox 747 2715 901 2765; x_wconf 88' lang='lat' dir='ltr'><strong>occiso,</strong></span> <span class='ocrx_word' id='word_1_317' title='bbox 940 2717 996 2758; x_wconf 86' lang='lat' dir='ltr'><strong>ita</strong></span> <span class='ocrx_word' id='word_1_318' title='bbox 1027 2717 1174 2772; x_wconf 88' lang='lat' dir='ltr'><strong>dilapsi</strong></span> <span class='ocrx_word' id='word_1_319' title='bbox 1204 2718 1361 2772; x_wconf 91' lang='lat' dir='ltr'><strong>passim</strong></span> <span class='ocrx_word' id='word_1_320' title='bbox 1392 2718 1460 2760; x_wconf 90' lang='lat' dir='ltr'><strong>alii</strong></span> 
     </span>
     <span class='ocr_line' id='line_1_41' title="bbox 1188 2782 1231 2811; baseline 0 -11"><span class='ocrx_word' id='word_1_321' title='bbox 1188 2782 1231 2811; x_wconf 44' lang='grc' dir='ltr'><strong>μ’</strong></span> 
     </span>
    </p>
   </div>
  </div>
 </body>
</html>
