1835 3226
267 352 307 380 10

267 598 302 626 11

266 844 305 872 12

267 1153 306 1182 13

288 1584 306 1613 [ὓ

337 227 418 268 134
637 232 791 266 LIBER
814 232 889 276 111,
915 233 946 266 9.
967 233 1021 266 10.
1049 235 1097 276 [a.
1110 243 1146 266 u.
1163 243 1192 266 0.
1207 233 1282 267 292.
1303 235 1385 278 293]

332 338 427 386 bus,
454 349 628 389 quorum
653 335 697 374 in
715 334 895 387 aliquem
915 335 1117 375 saevitum
1138 334 1214 376 sit?
1237 350 1321 376 non
1339 335 1456 376 illum
1481 339 1692 380 consulare

332 398 567 452 imperium,
601 395 674 437 sed
698 395 960 438 tribuniciam
990 403 1238 450 potestatem
1267 397 1446 438 invisam
1476 398 1693 440 intoleran-

332 461 510 512 damque
534 457 689 507 facere,
720 471 846 511 quam
870 457 1075 512 placatam
1100 458 1485 513 reconciliatamque
1510 460 1693 514 patribus

331 522 382 562 de
406 522 567 575 integro
590 520 634 560 in
658 520 827 573 antiqua
850 520 984 575 redigi
1007 520 1128 561 mala.
1182 535 1316 574 neque
1341 521 1457 561 illum
1483 536 1527 562 sc
1552 522 1696 576 depre-

332 583 432 632 cari,
465 597 547 636 quo
571 582 708 623 minus
732 588 880 637 pergat
908 589 955 623 ut
985 583 1183 637 coeperit:
1222 583 1346 632 ‘vos,'
1382 584 1515 637 inquit
1538 583 1695 625 Fabius

333 645 475 686 ‘ceteri
499 644 670 694 tribuni,
698 659 882 694 oramus,
908 650 954 685 ut
977 645 1157 699 primum
1182 639 1367 686 omnium
1391 646 1599 701 cogitetis,
1624 660 1697 700 po-

332 713 522 748 testatem
545 706 666 748 istam
692 707 746 747 ad
771 706 1028 761 singulorum
1052 707 1269 756 auxilium,
1295 722 1377 748 non
1403 708 1454 748 ad
1473 708 1694 762 pernicicm

331 769 616 810 universorum
648 775 929 823 comparatam
960 783 1071 819 esse,
1109 768 1294 811 tribunos
1324 769 1457 824 plebis
1483 784 1558 810 vos
1584 784 1696 811 crea-

332 837 409 881 tos,
435 846 518 873 non
536 831 677 873 hostes
696 830 895 886 patribus.
933 830 1052 872 nobis
1072 831 1281 881 miserum,
1307 831 1557 872 invidiosum
1576 831 1695 873 vobis

334 900 414 942 est,
441 893 647 934 desertam
670 907 759 934 rem
782 892 993 948 publicam
1017 893 1170 934 invadi.
1207 907 1290 934 non
1308 893 1373 934 ius
1392 900 1594 943 vestrum,
1622 894 1694 935 sed

332 955 530 996 invidiam
554 954 797 995 minueritis.
847 955 957 1009 agite
982 969 1077 995 cum
1102 954 1279 1009 collega,
1311 962 1357 995 ut
1379 969 1467 995 rem
1492 955 1694 1010 integram

332 1017 374 1056 in
387 1017 610 1058 adventum
628 1016 845 1058 consulum
859 1016 1049 1057 differat·
1064 1031 1117 1057 ne
1128 1015 1270 1070 Aequi
1287 1017 1455 1070 quidem
1475 1031 1523 1057 ac
1536 1015 1693 1065 Volsci,

332 1078 475 1119 morbo
501 1078 732 1132 absumptis
756 1078 891 1132 priore
911 1093 1017 1119 anno
1038 1078 1296 1127 consulibus,
1324 1078 1479 1119 crudeli
1499 1077 1697 1133 superbo-

332 1154 411 1193 que
441 1140 560 1182 nobis
590 1139 699 1181 bello
729 1140 937 1181 institere.’
985 1147 1115 1195 agunt
1150 1155 1244 1182 cum
1275 1140 1500 1182 Terentilio
1531 1140 1694 1189 tribuni,

332 1203 539 1256 dilataque
569 1202 612 1243 in
643 1202 823 1256 speciem
855 1202 1013 1243 actione
1039 1217 1082 1243 re
1107 1203 1199 1257 ipsa
1223 1202 1385 1244 sublata
1410 1202 1600 1244 consules
1626 1217 1695 1243 cx-

334 1265 487 1319 templo
513 1264 710 1305 arcessiti.

417 1326 477 1368 X.
526 1327 749 1367 Lucretius
776 1341 870 1367 cum
893 1326 1051 1381 ingenti
1075 1326 1246 1380 praeda,
1273 1326 1426 1367 maiore
1451 1326 1580 1366 multo
1606 1325 1694 1380 glo-

332 1389 393 1429 ria
421 1389 553 1429 rediit.
608 1394 648 1429 ct
678 1394 802 1442 auget
831 1387 1006 1443 gloriam
1037 1388 1261 1428 adveniens
1293 1388 1480 1442 exposita
1510 1388 1620 1428 omni
1653 1387 1693 1427 in

333 1464 478 1504 campo
503 1449 658 1490 Martio
689 1450 859 1504 praeda,
892 1456 937 1490 ut
969 1465 1091 1491 suum
1121 1450 1295 1503 quisque
1320 1464 1393 1504 per
1418 1449 1599 1489 triduum
1625 1463 1692 1490 co-

331 1512 493 1567 gnitum
518 1512 750 1553 abduceret.
788 1512 946 1565 reliqua
964 1512 1147 1561 vendita,
1175 1511 1324 1565 quibus
1346 1511 1501 1552 domini
1520 1526 1602 1552 non
1623 1526 1694 1551 ex-

333 1574 461 1614 titere.
517 1573 743 1615 debebatur
778 1574 962 1614 omnium
1004 1588 1208 1614 consensu
1245 1573 1403 1614 consuli
1446 1573 1692 1628 triumphus,

334 1635 408 1676 sed
443 1635 570 1676 dilata
603 1650 671 1676 res
708 1641 770 1676 est
807 1635 972 1676 tribuno
1008 1635 1059 1675 de
1088 1635 1180 1689 lege
1212 1641 1378 1689 agente:
1414 1634 1457 1674 id
1487 1635 1694 1687 antiquius

333 1697 490 1738 consuli
519 1697 614 1737 suit.
662 1697 813 1738 iactata
842 1711 915 1752 per
945 1697 1101 1750 aliquot
1131 1697 1218 1737 dics
1252 1711 1345 1736 cum
1374 1695 1418 1736 in
1454 1704 1600 1736 senatu
1629 1711 1694 1737 res

331 1767 418 1801 tum
443 1760 555 1814 apud
578 1759 777 1814 populum
804 1768 878 1801 est.
928 1760 1053 1800 cessit
1077 1759 1130 1800 ad
1154 1759 1345 1799 ultimum
1369 1757 1575 1799 maiestati
1599 1772 1696 1799 con-

333 1822 432 1863 sulis
453 1821 642 1863 tribunus
663 1829 703 1863 et
722 1822 889 1862 destitit.
922 1828 1009 1862 tum
1022 1820 1258 1875 imperatori
1273 1820 1551 1873 exercituique
1563 1819 1694 1860 honos

333 1899 433 1925 suus
463 1884 667 1925 redditus:
699 1884 968 1939 triumphavit
992 1884 1043 1925 de
1069 1883 1234 1925 Volscis
1260 1882 1522 1936 Aequisque,
1555 1882 1696 1922 trium-

331 1948 526 2002 phantem
559 1954 725 1988 secutae
756 1954 851 1988 sunt
879 1946 1079 2001 legiones,
1129 1946 1245 1987 alteri
1270 1945 1429 1986 consuli
1453 1945 1614 1993 datum,
1652 1952 1696 1984 ut

331 2025 459 2051 ovans
486 2011 574 2051 sine
598 2009 797 2051 militibus
821 2009 969 2051 urbem
992 2010 1124 2050 iniret.

415 2072 542 2113 Anno
574 2073 722 2113 deinde
751 2073 984 2126 insequenti
1015 2072 1082 2113 lex
1115 2071 1336 2112 Terentilia
1370 2070 1422 2111 ab
1454 2077 1538 2110 toto
1569 2068 1697 2110 relata

331 2135 504 2191 collegio
535 2150 617 2176 nox
620 2150 665 2176 os
697 2135 897 2190 adgressa
927 2134 1116 2176 consules
1151 2140 1390 2175 est.e1ant
1421 2131 1612 2173 consules
1643 2130 1693 2171 P.

330 2196 600 2247 Volumnius,
629 2196 718 2239 Ser.
742 2196 965 2251 Sulpicius.
1003 2211 1052 2237 eo
1072 2211 1178 2236 anno
1199 2195 1358 2236 caelum
1378 2194 1519 2235 ar·dele
1545 2193 1693 2241 xisum,

331 2266 439 2300 teria
462 2259 620 2314 ingenti
645 2273 847 2300 concussa
872 2265 986 2299 motu
1012 2264 1092 2307 est,
1124 2257 1205 2299 box
1210 2272 1274 2298 em
1304 2257 1503 2305 locutam,
1541 2255 1606 2296 cui
1637 2256 1695 2295 rei

330 2321 464 2376 priore
490 2336 597 2363 anno
622 2321 725 2362 fides
750 2336 833 2362 non
851 2321 1004 2370 fuerat,
1031 2320 1243 2361 meditum.
1282 2319 1388 2360 inter
1407 2318 1487 2359 alia
1505 2317 1695 2372 prodigia

331 2390 371 2424 et
389 2398 509 2425 carne
527 2384 643 2438 pluit,
670 2398 793 2437 quem
812 2383 986 2424 imbrem
1010 2383 1157 2438 ingens
1182 2396 1379 2422 numerus
1406 2380 1544 2421 avium
1568 2379 1694 2419 inter-

331 2445 539 2486 volitando
568 2446 756 2500 rapuisse
780 2445 921 2495 fertur,
954 2445 1066 2499 quod
1095 2443 1300 2485 intercidit
1332 2457 1521 2497 sparsum
1552 2441 1611 2481 ita
1634 2440 1693 2480 ia·-

290 2521 304 2548 ῖ
332 2508 467 2549 cuisse
497 2523 571 2563 per
600 2508 756 2562 aliquot
786 2508 893 2557 dies,
932 2515 976 2548 ut
1005 2506 1108 2547 nihil
1138 2506 1239 2547 odor
1265 2511 1454 2545 mutaret.
1503 2503 1596 2544 libri
1620 2516 1693 2556 per

333 2570 571 2612 duumviros
603 2585 813 2612 sacrorum
844 2570 960 2611 aditi:
998 2568 1182 2624 pericula
1211 2584 1235 2609 a
1266 2574 1471 2609 conventu
1497 2565 1692 2618 alienige-

333 2646 476 2672 narum
510 2632 738 2687 praedicta,
781 2647 832 2673 ne
868 2632 939 2686 qui
974 2631 1018 2672 in
1051 2631 1143 2672 loca
1168 2645 1330 2672 summa
1366 2628 1478 2669 urbis
1513 2627 1689 2679 impetus

334 2693 562 2747 caedesque
586 2694 681 2735 inde
706 2694 861 2735 fierent.
910 2693 1015 2734 inter
1045 2698 1180 2734 cetera
1204 2691 1423 2738 monitum,
1456 2694 1501 2728 ut
1526 2685 1691 2727 seditio-
