1780 3204
482 271 635 305 LIBER
662 271 734 315 ΠΙ,
762 271 814 305 12.
837 270 888 304 13.
917 268 1114 313 [aean]
1398 257 1475 297 137

123 378 293 419 militem
319 376 466 425 fuisse,
494 390 537 416 se
564 389 687 429 saepe
712 375 875 415 vidente
900 386 1109 428 pugnasse
1134 372 1176 411 in
1194 371 1375 419 hostem3
1403 367 1475 423 Sp.

121 440 291 488 Furius,
317 438 491 479 missum
510 437 560 478 ab
582 436 776 489 Quinctio
797 435 1028 489 Capitolino
1055 433 1133 475 sibi
1158 448 1250 474 eum
1277 433 1319 472 in
1343 431 1477 472 dubiis

123 502 208 542 suis
234 501 357 542 rebus
383 500 545 541 venisse
578 498 780 540 subsidio:
817 498 1023 538 neminem
1054 511 1182 536 unum
1213 509 1322 544 esse,
1362 493 1478 534 cuius

123 563 254 617 magis
281 577 404 616 opera
427 568 541 616 putet
565 575 651 601 rem
681 560 922 601 restitutam.
983 559 1035 598 L.
1062 557 1302 606 Lucretius,
1335 554 1477 596 consul

123 625 218 665 anni
242 624 406 678 prioris,
433 622 586 663 recenti
610 622 740 677 gloria
764 621 916 670 nitens,
944 635 1040 662 suas
1066 620 1209 660 laudes
1235 618 1479 673 participare

123 701 216 726 cum
237 685 445 734 Caesone,
472 698 698 725 memorare
717 698 898 738 pugnas,
925 682 1076 723 referre
1096 681 1261 736 egregia
1282 680 1477 729 facinora,

122 762 230 788 nunc
260 748 302 788 in
332 746 660 802 expeditionibus
691 759 800 786 nunc
825 745 867 785 in
898 745 1002 793 acie,
1036 745 1207 785 suadere
1233 749 1273 784 et
1297 756 1475 790 monere,

121 810 312 850 iuvenem
339 809 569 864 egregium,
595 808 840 848 instructum
864 813 1034 847 naturae
1058 806 1328 858 fortunaeque
1348 805 1478 845 omni-

123 870 199 912 bus
225 871 362 920 bonis,
393 870 620 911 maximum
645 875 898 909 momentum
923 883 1060 908 rerum
1090 868 1177 908 eius
1210 866 1403 915 civitatis,
1436 866 1478 906 in

121 946 423 986 quamcumque
442 932 641 980 venisset,
669 945 789 971 suum
809 944 933 983 quam
954 930 1133 970 alienum
1151 929 1319 969 mallent
1345 928 1477 969 civem

121 1009 224 1035 esse.
263 995 373 1047 quod
392 993 573 1035 offendat
591 993 634 1033 in
653 1007 720 1041 eo,
747 992 952 1032 fervorem
977 997 1017 1031 et
1042 991 1274 1038 audaciam,
1301 997 1476 1031 aetatem

121 1056 268 1096 cotidie
299 1055 477 1104 auferre,
515 1055 627 1108 quod
657 1053 928 1101 desideretur,
967 1052 1202 1100 consilium,
1239 1051 1280 1090 id
1311 1051 1354 1091 in
1389 1051 1476 1091 dies

120 1131 315 1158 crescere.
365 1115 672 1157 senescentibus
698 1115 827 1163 vitiis,
858 1120 1158 1154 maturescente
1190 1112 1338 1152 virtute
1371 1112 1477 1152 sine-

118 1185 208 1219 rent
232 1185 389 1219 tantum
415 1178 547 1218 virum
573 1191 713 1217 senem
737 1176 779 1215 in
804 1175 966 1215 civitate
991 1174 1091 1214 fieri.
1128 1179 1246 1227 pater
1269 1173 1374 1214 inter
1398 1173 1473 1215 hos

118 1240 170 1281 L.
193 1238 432 1292 Quinctius,
459 1239 524 1279 cui
545 1237 789 1279 Cincinnato
809 1250 1039 1291 cognomen
1059 1243 1162 1285 erat,
1189 1250 1271 1276 non
1289 1236 1475 1276 iterando

116 1301 277 1350 laudes,
315 1315 366 1341 ne
397 1299 623 1341 cumularet
653 1298 866 1347 invidiam,
905 1298 979 1338 sed
1007 1297 1170 1338 veniam
1201 1298 1326 1338 errori
1351 1304 1473 1351 atque

116 1363 418 1404 adulescentiae
453 1361 650 1416 petendo,
700 1360 796 1409 sibi,
845 1360 916 1413 qui
950 1374 1033 1400 non
1069 1359 1196 1408 dicto,
1245 1374 1329 1400 non
1363 1359 1474 1400 facto

116 1438 365 1478 quemquam
385 1423 643 1472 offendisset,
671 1430 715 1463 ut
735 1422 1012 1462 condonarent
1031 1421 1178 1471 filium,
1206 1421 1360 1462 orabat.
1400 1422 1473 1462 sed

116 1486 184 1526 alii
208 1485 503 1528 aversabantur
526 1499 669 1539 preces
695 1491 765 1525 aut
789 1484 1038 1524 verecundia
1062 1490 1132 1525 aut
1156 1490 1287 1533 metu,
1315 1484 1400 1533 alii,
1429 1499 1472 1525 se

115 1562 294 1601 suosque
312 1547 511 1588 mulcatos
526 1552 755 1600 querenteS,
783 1546 910 1587 atroci
927 1560 1126 1600 responso
1139 1546 1336 1587 iudicium
1351 1561 1473 1586 suum

115 1609 410 1663 praeferebant.

199 1671 328 1711 XIII.
363 1671 587 1712 Premebat
611 1685 727 1712 reum
752 1676 913 1725 praeter
937 1670 1150 1725 vulgatam
1175 1664 1374 1710 invidiam
1395 1671 1471 1710 cri-

115 1748 210 1774 men
243 1748 391 1782 unum,
429 1734 540 1786 quod
568 1732 630 1773 M.
662 1732 856 1773 Volscius
886 1732 1043 1781 Fictor,
1081 1732 1151 1785 qui
1187 1739 1280 1772 ante
1317 1732 1472 1785 aliquot

115 1809 244 1835 annos
287 1794 475 1835 tribunus
517 1794 649 1848 plebis
693 1794 845 1842 fuerat,
889 1794 1004 1834 testis
1042 1794 1246 1842 extiterat,
1293 1808 1335 1834 se
1372 1793 1471 1834 haut

114 1855 243 1897 multo
279 1863 373 1910 post
409 1870 533 1909 quam
569 1856 803 1910 pestilentia
838 1856 879 1895 in
916 1855 1016 1896 urbe
1053 1856 1186 1895 fuerat
1216 1855 1469 1896 iuventutem

113 1925 371 1972 grassantem
408 1917 450 1957 in
488 1916 654 1958 Subura
689 1917 895 1957 incidisse.
944 1917 1000 1957 ibi
1035 1917 1166 1957 rixam
1203 1923 1343 1957 natam
1379 1932 1470 1958 esse

113 1980 362 2032 fratremque
394 1994 515 2019 suum
545 1979 741 2019 maiorem
772 1984 889 2027 natu,
921 1978 1097 2019 necdum
1123 1993 1173 2018 ex
1198 1978 1342 2019 morbo
1369 1980 1467 2020 satis

112 2041 312 2089 validum,
338 2055 478 2095 pugno
503 2041 630 2080 ictum
655 2039 706 2080 ab
728 2038 917 2081 Caesone
943 2040 1158 2089 cecidisse,
1187 2041 1466 2082 semianimem

111 2102 217 2143 inter
240 2117 387 2143 manus
413 2102 582 2143 domum
607 2101 808 2150 oblatum,
836 2109 1124 2154 mortuumque
1149 2101 1243 2142 inde
1269 2102 1466 2153 arbitrari,

112 2179 186 2205 nec
212 2164 290 2205 sibi
314 2179 400 2205 rem
427 2164 574 2217 exequi
600 2170 682 2204 tam
707 2171 885 2203 atrocem
909 2177 982 2217 per
1001 2163 1192 2203 consules
1213 2164 1480 2218 superiorum·

112 2241 311 2266 annorum
335 2226 514 2267 licuisse.
571 2225 672 2265 haec
698 2224 867 2266 Volscio
893 2225 1125 2265 clamitante
1151 2225 1253 2266 adeo
1279 2227 1468 2267 concitati

111 2287 296 2328 homines
323 2295 434 2336 sunt,
461 2295 504 2328 ut
530 2287 630 2327 haut
650 2286 824 2327 multum
844 2286 1009 2335 afuerit,
1036 2287 1135 2340 quin
1153 2287 1309 2341 impetu
1325 2289 1468 2343 populi

113 2348 247 2390 Caeso
283 2350 476 2390 interiret.
535 2349 760 2404 Verginius
799 2349 921 2402 arripi
956 2348 1068 2390 iubet
1105 2349 1313 2390 hominem
1350 2358 1388 2391 et
1424 2352 1465 2392 in

110 2411 273 2451 vincula
298 2412 404 2452 duci.
452 2411 611 2466 patricii
636 2411 677 2451 vi
701 2417 842 2451 contra
866 2411 949 2450 vim
974 2411 1181 2451 resistunt.
1233 2411 1281 2452 T.
1310 2411 1467 2466 Quinc-

110 2473 190 2513 tius
216 2472 414 2522 clamitat,
449 2473 513 2513 cui
537 2473 595 2513 rei
621 2472 805 2527 capitalis
832 2472 918 2513 dies
945 2472 1053 2513 dicta
1079 2473 1130 2513 sit
1155 2480 1194 2513 et
1219 2473 1269 2514 de
1294 2488 1376 2527 quo
1401 2474 1466 2516 fu-

109 2542 245 2574 turum
259 2549 385 2588 prope
400 2535 508 2574 diem
521 2535 730 2583 iudicium,
758 2549 852 2574 eum
871 2534 1151 2575 indemnatum
1170 2535 1322 2576 indicta
1341 2550 1466 2577 causa

108 2611 189 2636 non
208 2596 357 2636 debere
378 2596 531 2636 xiolari.
569 2595 756 2636 tribunus
784 2596 1031 2650 supplicium
1055 2604 1179 2651 negat
1204 2603 1461 2652 sumpturum
1489 2614 1503 2640 ,⁷

109 2672 152 2698 sc
184 2658 233 2698 (le
265 2658 519 2707 indemnato,
558 2670 815 2698 servaturum
846 2664 983 2698 tamen
1012 2659 1053 2699 in
1084 2659 1257 2700 vinculis
1289 2674 1380 2701 esse
1411 2661 1463 2702 ad

106 2720 244 2760 iudicii
276 2721 402 2768 diem,
436 2728 496 2770 ut,
537 2721 605 2774 qui
636 2720 842 2761 hominem
870 2721 1090 2771 necaverit,
1123 2722 1173 2763 de
1199 2737 1247 2763 eo
1273 2722 1463 2777 supplicii

1505 383 1523 410 4

1501 1183 1518 1213 S

1500 1432 1517 1460 9

1498 1812 1515 1840 10
