1780 3204
446 197 599 231 LIBER
624 197 694 238 vi,
720 197 773 230 3ῑ.
792 196 845 230 33.
873 197 921 240 [a.
940 194 978 229 C.
992 195 1068 228 369.
1089 194 1170 237 363]
1403 183 1484 223 343

136 305 188 345 ad
207 303 356 344 curulis
376 302 660 357 magistratus:
686 299 858 352 numqui
876 299 983 339 enim
1004 297 1214 338 socordius
1235 302 1304 337 aut
1318 295 1486 350 segnius

135 381 221 407 rem
246 364 453 419 publicam
481 362 755 404 administrari
778 367 873 416 post
896 360 1022 401 Publi
1045 359 1185 400 Licini
1211 357 1331 399 Calvi
1361 356 1488 398 tribu-

137 435 296 475 natum,
335 426 405 479 qui
435 425 591 480 primus
624 439 675 464 ex
704 423 823 478 plebe
856 428 1016 463 creatus
1048 421 1117 471 sit,
1155 435 1280 474 quam
1308 434 1382 474 per
1417 433 1487 459 eos

139 503 267 530 annos
298 496 417 543 gesta
448 487 516 536 sit,
554 486 703 539 quibus
735 491 895 540 praeter
923 483 1115 539 patricios
1147 497 1268 523 nemo
1299 481 1487 523 tribunus

139 552 314 592 militum
331 549 478 591 fuerit?
502 549 600 602 quin
620 555 760 589 contra
776 547 969 602 patricios
990 547 1144 600 aliquot
1162 546 1376 586 damnatos
1395 551 1489 598 post

140 613 410 660 tribunatum,
436 611 640 651 neminem
665 609 884 664 plebeium.
933 615 1171 662 quaestores
1195 621 1359 661 quoque
1385 606 1490 646 sicut

141 675 325 716 tribunos
345 673 519 714 militum
539 672 681 727 paucis
701 681 794 713 ante
815 671 931 712 annis
952 685 1003 711 ex
1020 670 1141 725 plebe
1161 676 1326 723 coeptos
1349 667 1488 716 creari,

142 751 216 777 nec
240 736 363 776 ullius
389 749 530 776 eorum
554 734 753 789 populum
772 733 1006 774 Romanum
1029 731 1293 787 paenituisse.
1343 744 1491 771 consu-

142 799 270 839 latum
307 810 523 852 superesse
557 795 748 850 plebeiis3
791 809 881 835 eam
912 808 1003 835 esse
1034 808 1169 835 arcem
1198 792 1415 840 libertatis,
1451 790 1495 831 id

144 860 344 901 columen.
394 859 428 900 si
459 873 506 899 eo
536 864 779 912 perventum
810 857 878 905 sit,
917 863 1004 896 tum
1034 855 1233 910 populum
1258 854 1494 895 Romanum

144 935 238 962 vere
270 927 435 962 exactos
467 934 518 960 ex
547 918 648 960 urbe
677 933 797 974 reges
830 924 869 958 et
901 917 1089 958 stabilem
1119 916 1350 958 libertatem
1377 929 1495 956 suam

146 983 490 1024 existimaturum:
517 982 668 1035 quippe
688 995 739 1021 ex
757 980 826 1020 illa.
845 980 910 1020 die
928 980 970 1019 in
982 979 1146 1034 plebem
1161 985 1333 1019 ventura
1346 976 1493 1024 omnia,
1548 990 1559 1017 i

146 1044 292 1098 quibus
305 1044 465 1098 patricii
484 1043 695 1091 excellant,
716 1042 932 1096 imperium
952 1049 1073 1094 atque
1088 1040 1298 1087 honorem,
1322 1039 1495 1093 gloriam

147 1107 259 1156 belli,
285 1121 435 1161 genus,
461 1106 733 1153 nobilitatem,
760 1119 911 1158 magna
934 1103 1035 1157 ipsis
1055 1102 1247 1150 fruenda,
1274 1101 1430 1140 maiora
1448 1099 1496 1139 li-

148 1169 253 1209 beris
273 1168 550 1220 relinquenda.
581 1166 703 1206 huius
717 1166 879 1220 generis
899 1164 1101 1205 orationes
1115 1163 1187 1204 ubi
1201 1162 1331 1216 aecipi
1343 1161 1495 1209 videre,

145 1244 294 1270 novam
312 1229 566 1284 rogationem
585 1228 861 1282 promulgant,
885 1234 928 1266 ut
947 1241 1022 1280 pro
1042 1224 1270 1266 duumviris
1291 1223 1417 1265 sacris
1438 1222 1499 1263 fa-

146 1290 303 1331 ciundis
329 1289 549 1330 decemuiri
575 1295 761 1330 creentur
784 1289 858 1336 ita,
890 1295 935 1328 ut
958 1303 1053 1343 pars
1080 1302 1132 1328 ex
1155 1286 1293 1341 plebe,
1326 1299 1421 1340 pars
1448 1299 1497 1324 ex

146 1351 328 1408 patribus
347 1351 434 1402 fiat,
462 1351 725 1405 omniumque
746 1365 886 1391 earum
903 1350 1164 1405 rogationum
1185 1348 1348 1389 comitia
1367 1348 1409 1387 in
1429 1347 1499 1386 ad-

147 1422 312 1454 ventum
339 1413 426 1454 eius
453 1413 654 1454 exercitus
681 1412 891 1462 differunt,
919 1412 989 1466 qui
1013 1411 1193 1452 Velitras
1218 1409 1446 1451 obsidebat.

230 1474 498 1515 XXXVIII.
535 1474 658 1514 Prius
685 1474 956 1514 circumactus
982 1480 1044 1514 est
1069 1488 1201 1514 annus
1227 1486 1352 1525 quam
1371 1487 1395 1511 a
1413 1470 1498 1511 Ye-

148 1537 247 1578 litris
278 1537 569 1578 reducerentur
597 1536 794 1591 legiones.
844 1536 899 1576 ita
931 1549 1134 1589 suspensa
1164 1535 1215 1574 de
1244 1533 1407 1588 legibus
1432 1546 1497 1572 res

149 1599 201 1639 ad
235 1613 363 1639 novos
400 1598 585 1638 tribunos
621 1597 796 1640 militum
833 1597 976 1637 dilata:
1018 1611 1114 1636 nam
1150 1595 1283 1649 plebis
1314 1593 1499 1634 tribunos

151 1660 335 1708 eosdem,
372 1660 475 1700 duos
506 1659 665 1711 utique,
703 1659 800 1711 quia
829 1658 969 1713 legum
1000 1658 1150 1698 latores
1189 1663 1320 1704 erant,
1358 1654 1500 1709 plebes

150 1722 367 1764 reficiebat.
422 1722 574 1762 tribuni
597 1722 771 1761 militum
797 1722 921 1762 creati
947 1721 996 1762 T.
1020 1720 1258 1773 Quinctius,
1289 1718 1376 1760 Ser.
1399 1718 1502 1760 Cor-

152 1784 301 1832 nelius,
330 1782 417 1824 Ser.
441 1782 667 1837 Sulpicius,
698 1782 769 1837 Sp.
794 1781 1013 1831 Servilius,
1038 1783 1092 1822 L.
1112 1781 1323 1835 Papirius,
1350 1781 1403 1820 L.
1419 1779 1503 1819 Ve-

153 1846 295 1885 turius.
331 1845 530 1899 principio
552 1845 689 1885 statim
714 1844 809 1884 anni
834 1845 886 1885 ad
911 1845 1096 1884 ultimam
1122 1843 1426 1883 dimicationem
1451 1843 1500 1882 de

153 1905 313 1961 legibus
338 1914 524 1954 ve1itum;
557 1912 595 1946 et
621 1920 711 1946 cum
738 1906 868 1946 tribus
896 1915 1140 1946 vocarentur
1163 1919 1239 1945 nec
1263 1904 1501 1944 intercessio

155 1968 404 2022 collegarum
422 1967 619 2008 latoribus
640 1967 838 2017 obstaret,
866 1967 1012 2021 trepidi
1031 1973 1168 2021 patres
1189 1966 1241 2006 ad
1260 1966 1341 2007 duo
1359 1965 1503 2006 ultima.

156 2029 319 2079 auxilia,
347 2044 554 2069 summum
571 2029 788 2083 imperium
809 2042 1097 2081 summumque
1119 2028 1170 2068 ad
1190 2027 1334 2076 civem,
1361 2028 1504 2068 decur-

156 2097 260 2131 runt.
310 2091 549 2131 dictatorem
575 2091 655 2131 dici
679 2090 824 2144 placet,
868 2090 1015 2130 dicitur
1032 2089 1094 2130 M.
1114 2089 1265 2130 Furius
1287 2088 1500 2138 Camillus,

157 2152 227 2204 qui
251 2152 494 2206 magistrum
520 2152 702 2205 equitum
720 2152 773 2192 L.
788 2151 1013 2192 Aemilium
1033 2158 1207 2206 cooptat.
1243 2151 1381 2206 legum
1403 2165 1504 2204 quo-

158 2227 236 2266 que
260 2213 408 2254 latores
435 2214 631 2255 adversus
657 2220 813 2253 tantum
839 2220 1081 2267 apparatum
1106 2213 1433 2253 adversariorum
1464 2219 1503 2253 et

158 2275 237 2329 ipsi
268 2289 434 2315 causam
464 2275 595 2330 plebis
625 2275 860 2330 ingentibus
892 2276 1037 2316 animis
1069 2281 1226 2316 armant
1251 2275 1503 2328 concilioque

1516 618 1533 647 9

1518 742 1556 771 10

1527 1174 1563 1201 12

1527 1731 1544 1750 ‘J

1528 1853 1545 1882 :3

1529 2102 1547 2129 4

158 2335 288 2390 plebis
314 2337 465 2377 indicto
490 2337 619 2378 tiibus
645 2338 697 2377 ad
728 2337 970 2391 suffragium
999 2344 1158 2378 vocant.
1209 2351 1302 2377 cum
1332 2337 1504 2377 dictator
1530 2350 1546 2378 5

161 2398 333 2452 stipatus
359 2399 522 2453 agmine
545 2399 806 2454 patriciorum
832 2399 976 2453 plenus
1002 2399 1084 2439 irae
1105 2399 1388 2451 minarumque
1408 2413 1504 2439 con-

161 2460 351 2509 sedisset,
378 2467 501 2513 atque
517 2467 704 2515 ageretur
722 2475 786 2501 res
813 2460 931 2501 solito
955 2460 1132 2515 primum
1158 2460 1376 2500 certamine
1401 2460 1504 2500 inter

160 2535 204 2561 se
234 2521 489 2562 tribunorum
518 2522 629 2577 plebi
658 2522 875 2562 ferentium
905 2521 1041 2576 legem
1070 2522 1501 2575 intercedentiumque,

159 2589 216 2631 et,
243 2590 395 2636 quanto
419 2584 505 2625 iure
529 2584 732 2639 potentior
754 2583 992 2624 intercessio
1017 2590 1119 2633 erat,
1146 2590 1304 2624 tantum
1321 2584 1504 2624 vincere-

160 2650 224 2684 tur
242 2644 382 2686 favore
395 2645 532 2700 legum
552 2646 732 2701 ipsarum
748 2644 1016 2699 latorumque,
1037 2651 1076 2686 ct
1097 2645 1173 2686 ‘uti
1190 2644 1330 2701 rogas'
1348 2644 1502 2699 primae
