1780 3204
598 235 750 270 Lissssn
772 236 824 280 x,
849 237 902 271 ρο.
930 236 1124 280 [acatis]
1452 228 1534 269 515

274 337 382 378 XX.
430 337 544 378 Dum
575 338 695 379 ambo
726 339 914 380 consules
946 339 1159 392 omnisque
1183 339 1371 381 Romana
1400 340 1461 381 vis
1492 340 1532 380 in

193 400 413 441 Etruscum
438 400 591 441 bellum
615 402 746 455 magis
773 401 951 450 inclinat,
971 401 1013 441 in
1030 400 1198 442 Samnio
1217 402 1312 443 novi
1332 403 1532 443 exercitus

191 462 320 502 exorti
350 462 402 501 ad
431 462 686 516 populandos
717 463 875 516 imperii
899 463 1076 503 Romani
1106 463 1206 504 fines
1237 478 1309 518 per
1333 463 1533 505 Vescinos

190 522 232 562 in
259 522 528 576 Campaniam
558 522 860 576 Falernumque
890 539 1035 578 agrum
1066 525 1356 565 transcendunt
1390 526 1534 580 ingen-

190 591 332 636 tesque
356 584 528 637 praedas
554 584 719 625 faciunt.
767 584 1034 625 Volumnium
1060 586 1219 640 magnis
1250 585 1460 627 itineribus
1491 587 1533 626 in

192 643 407 685 Samnium
432 645 668 685 redeuntem
689 671 741 674 ——
765 646 846 686 iam
872 646 978 687 enim
1003 646 1132 688 Fabio
1157 646 1370 700 Decioque
1394 662 1534 701 proro-

189 706 274 760 gati
303 706 461 759 imperii
492 706 582 746 finis
614 707 754 747 aderat
779 731 832 734 -—
856 707 967 747 fama
998 708 1047 747 de
1075 707 1322 749 Samnitium
1353 709 1532 749 exercitu

189 767 600 820 populationibusque
633 767 834 822 Campani
870 769 957 823 agri
988 769 1039 809 ad
1070 770 1241 810 tuendos
1274 770 1405 811 socios
1438 785 1533 811 con-

190 829 321 869 vertit.
358 835 402 869 ut
427 829 468 868 in
488 828 688 869 Calenum
713 845 857 884 agrum
885 830 1003 879 venit,
1030 836 1069 870 et
1094 830 1180 884 ipse
1206 831 1332 871 cernit
1356 832 1533 872 recentia
1559 850 1565 873 ;

189 889 315 930 eladis
341 890 515 944 vestigia
541 896 579 930 et
605 890 749 931 Caleni
772 897 947 940 narrant,
975 897 1131 932 tantum
1156 892 1237 932 iam
1261 893 1436 946 praedae
1460 893 1532 933 ho-

189 952 262 991 stis
289 951 463 1000 trahere,
495 958 539 992 ut
564 952 633 992 vix
663 953 864 1006 explicare
894 968 1043 1008 agmen
1073 954 1248 1007 possint:
1286 955 1422 1007 itaque
1453 955 1533 994 iam

188 1013 398 1066 propalam
425 1014 548 1053 duces
568 1013 691 1066 loqui,
714 1014 917 1067 extemplo
939 1015 1117 1054 eundum
1137 1015 1177 1054 in
1193 1014 1407 1056 Samnium
1428 1030 1531 1064 csse,

188 1081 231 1114 ut
256 1075 395 1115 relicta
419 1075 475 1115 ibi
498 1075 650 1128 praeda
667 1075 708 1114 in
728 1075 1027 1128 expeditionem
1052 1076 1218 1116 redeant
1242 1091 1317 1116 nec
1336 1083 1418 1116 tam
1438 1091 1534 1117 onc-

187 1141 319 1176 ratum
344 1150 492 1190 agmen
516 1136 765 1176 dimicationi
785 1137 1049 1177 committant.
1088 1151 1136 1177 ea
1154 1151 1400 1190 quamquam
1423 1138 1533 1178 simi-
1560 1154 1572 1167 ι’

186 1196 240 1236 lia
270 1197 375 1238 veris
413 1203 542 1245 erant,
581 1197 728 1237 certius
766 1204 901 1237 tamen
937 1197 1185 1251 exploranda
1221 1205 1332 1239 ratus
1369 1199 1533 1238 dimittit

187 1259 355 1311 equites,
377 1259 446 1310 qui
465 1272 593 1311 vagos
619 1258 881 1311 praedatores
907 1258 947 1298 in
972 1258 1080 1312 agris
1105 1259 1289 1312 palantes
1310 1260 1512 1313 excipiant
1521 1276 1531 1309 3

187 1334 237 1359 ex
273 1319 420 1372 quibus
457 1319 699 1372 inquirendo
736 1320 965 1373 cognoscit,
1008 1320 1060 1360 ad
1090 1320 1339 1361 Vulturnum
1380 1322 1532 1362 fiumen

186 1380 327 1420 sedere
352 1379 529 1428 hostem,
562 1380 655 1420 inde
681 1381 797 1421 tertia
823 1381 962 1436 vigilia
987 1388 1208 1432 moturum,
1240 1383 1315 1423 iter
1345 1383 1386 1422 in
1413 1382 1533 1423 Sam-

183 1441 297 1481 nium
323 1456 425 1482 esse.
475 1441 538 1482 his
571 1442 667 1482 satis
694 1442 912 1496 exploratis
943 1443 1151 1497 profectus
1183 1451 1293 1484 tanto
1319 1445 1530 1485 intervallo

184 1503 235 1544 ab
260 1502 447 1544 hostibus
473 1504 673 1553 consedit,
701 1510 744 1544 ut
768 1519 843 1544 nec
868 1505 1068 1545 adventus
1100 1520 1199 1546 suus
1230 1506 1531 1559 propinquitate

183 1564 309 1605 nimia
333 1565 448 1605 nosci
472 1572 611 1618 posset
630 1572 669 1605 et
694 1565 970 1619 egredientem
995 1581 1016 1606 e
1042 1567 1184 1606 castris
1210 1566 1370 1607 hostem
1396 1567 1532 1620 oppri-

184 1631 323 1666 meret.
360 1626 566 1678 aliquanto
591 1633 683 1666 ante
709 1627 842 1666 lucem
867 1627 919 1667 ad
945 1634 1076 1668 castra
1101 1628 1274 1668 accessit
1298 1642 1529 1682 gnarosque

187 1686 323 1728 Oscae
354 1687 517 1741 linguae
548 1688 801 1741 exploratum
832 1689 929 1741 quid
960 1696 1105 1743 agatur
1128 1690 1261 1729 mittit.
1310 1690 1531 1730 intermixti

185 1746 389 1797 hostibus,
421 1749 531 1801 quod
561 1749 680 1789 facilc
711 1756 795 1790 erat
824 1750 865 1789 in
891 1756 1089 1791 nocturna
1118 1751 1402 1805 trepidatione,
1434 1766 1531 1806 cog-

185 1816 374 1858 noscunt,
423 1810 692 1863 infrequentia
732 1811 897 1851 armatis
946 1811 1062 1865 signa
1104 1826 1287 1866 egressa,
1335 1813 1529 1867 praedam

185 1871 441 1925 praedaeque
466 1872 656 1911 custodes
683 1872 810 1920 exire,
837 1871 1029 1912 inmobile
1054 1888 1200 1927 agmen
1226 1880 1265 1914 et
1290 1889 1364 1914 sua
1388 1889 1530 1927 quem-

185 1946 264 1985 que
295 1932 527 1972 molientem
559 1933 669 1973 nullo
700 1933 803 1973 inter
832 1933 931 1973 alios
963 1948 1166 1974 consensu
1190 1949 1265 1975 nec
1296 1935 1393 1976 satis
1419 1943 1536 1978 certo.

185 1993 367 2046 imperio.
422 2000 582 2047 tempus
615 1994 879 2048 adgrediendi
909 1995 1167 2048 aptissimum
1202 1997 1336 2037 visum
1367 2005 1452 2046 est3
1489 2004 1528 2038 et

185 2054 266 2094 iam
296 2054 366 2093 lux
391 2054 624 2108 adpetebat:
661 2056 797 2108 itaque
829 2056 946 2110 signa
976 2071 1119 2097 cancre
1150 2057 1269 2098 iussit
1297 2073 1527 2112 agmenque

186 2115 364 2155 hostium
389 2116 637 2170 adgreditur.
683 2116 888 2157 Sanmites
913 2118 1065 2171 praeda
1089 2114 1271 2172 inpediti,
1295 2119 1528 2173 infrequen-

185 2184 245 2216 tes
272 2177 426 2225 armati,
453 2192 546 2230 pars
566 2178 715 2218 addere
739 2179 912 2232 gradum
931 2193 979 2219 ac
996 2193 1092 2232 prae
1113 2194 1156 2220 se
1175 2195 1295 2234 agere
1320 2181 1526 2235 praedam,

184 2252 278 2291 pars
315 2244 420 2278 stare
456 2239 613 2288 incerti,
653 2246 785 2279 utrum
821 2241 1012 2294 progredi
1049 2256 1098 2280 an
1128 2242 1287 2295 regredi
1325 2243 1365 2282 in
1396 2250 1529 2284 eastra

185 2300 310 2340 tutius
336 2299 457 2340 foret:
493 2301 597 2341 inter
622 2301 919 2342 cunctationem
944 2302 1239 2356 opprimuntur.
1289 2310 1326 2344 et
1352 2304 1527 2345 Romani

184 2362 265 2401 iam
291 2363 620 2402 transcenderant
644 2363 795 2403 vallum
826 2363 1052 2416 caedesque
1078 2378 1125 2404 ac
1150 2365 1346 2406 tumultus
1372 2372 1455 2406 erat
1486 2366 1527 2406 in

186 2423 342 2463 eastris.
394 2422 639 2464 Samnitium
676 2440 823 2479 agmen
860 2431 1142 2478 praeterquam
1178 2425 1314 2466 hostili
1350 2427 1525 2467 tumultu

186 2485 439 2538 captivorum
464 2486 585 2526 etiam
611 2486 820 2539 repentina
845 2486 1073 2526 defectione
1098 2486 1303 2527 turbatum
1329 2494 1430 2537 erat,
1456 2489 1526 2541 qui

184 2546 330 2600 partim
355 2547 433 2600 ipsi
459 2547 579 2587 soluti
605 2548 762 2588 vinctos
790 2547 1018 2595 solvebant,
1050 2548 1197 2601 partim
1228 2564 1340 2588 arma
1369 2549 1411 2589 in
1442 2565 1526 2590 sar-

185 2608 284 2647 cinis
311 2608 487 2663 deligata
511 2609 722 2662 rapiebant
747 2609 1045 2662 tumultumque
1076 2610 1229 2662 proelio
1254 2611 1344 2664 ipso
1369 2611 1526 2651 terribi-

184 2669 325 2710 liorem
344 2670 561 2710 intermixti
582 2671 734 2724 agmini
753 2670 1013 2724 praebebant.
1052 2672 1359 2711 memorandum
1379 2672 1524 2712 deinde

1236 2737 1304 2770 33*

1563 355 1573 382 l

1558 598 1576 627 10

1558 1164 1576 1181 ι)

1559 1338 1576 1365 6

1560 1461 1574 1488 7

1556 2134 1595 2163 10

1556 2442 1593 2470 11

1555 2503 1591 2531 12

1554 2687 1592 2715 13
