1780 3204
386 269 540 304 LIBER
564 269 659 315 1111,
685 269 729 304 25
760 270 814 305 26.
843 273 892 314 [a.
911 269 1157 314 een-431]
1370 262 1451 302 5217

96 375 345 427 nequiquam
366 373 538 414 Veiente
556 374 710 428 populo
730 380 936 427 querente,
964 374 1148 424 eandem,
1176 388 1256 428 qua
1270 373 1452 415 Fidenae

95 435 252 476 deletae
278 435 371 484 sint,
397 435 595 476 inminere
622 434 737 476 Veiis
763 436 982 477 fortunam.

179 497 350 538 Interim
380 497 538 538 Romae
568 498 772 552 principes
804 498 954 553 plebis,
992 499 1072 539 iam
1104 498 1175 539 diu
1204 498 1453 552 nequiquam
1480 512 1497 541 9

94 559 354 600 imminentes
381 559 469 614 spei
499 560 664 600 maioris
696 560 881 609 honoris,
919 561 1018 600 dum
1051 560 1150 601 foris
1177 560 1305 601 otium
1330 567 1451 610 esset,

95 630 236 662 coetus
267 621 447 662 indicere
477 622 519 662 in
550 622 695 663 domos
727 622 984 663 tribunorum
1020 622 1172 677 plebis3
1209 622 1265 663 ibi
1297 629 1453 664 secreta
1481 637 1519 665 10

95 683 265 724 consilia
290 684 463 738 agitare,
496 683 629 737 queri,
663 698 707 724 se
732 699 755 725 a
779 684 899 739 plebe
925 685 1028 725 adeo
1055 692 1232 739 spretos,
1264 691 1326 733 ut,
1359 699 1453 725 cum

93 760 166 800 per
190 752 249 786 tot
273 761 402 786 annos
428 745 580 786 tribuni
604 746 779 787 militum
806 746 1011 787 consulari
1029 753 1232 800 potestate
1251 752 1450 795 creentur,

93 808 194 848 nulli
218 823 417 861 umquam
441 807 602 862 plebeio
622 809 675 848 ad
695 823 789 849 eum
810 808 1005 849 honorem
1025 809 1159 850 aditus
1181 808 1315 849 fuerit.
1348 808 1453 848 mul·
1480 822 1514 850 11

94 878 181 910 tum
205 870 434 924 providisse
461 885 557 911 suos
584 870 770 920 maiores,
798 871 869 924 qui
893 871 1087 920 caverint,
1114 886 1165 912 ne
1191 871 1258 912 cui
1281 871 1452 925 patricio

93 931 243 986 plebeii
279 932 545 987 magistratus
581 940 767 987 paterent
802 958 858 963 -—-
894 940 963 974 aut
1005 934 1197 988 patricios
1240 933 1451 974 habendos

93 994 223 1035 fuisse
254 994 438 1036 tribunos
470 994 600 1049 plebi:
638 996 740 1036 adeo
772 1010 816 1036 se
848 996 933 1036 suis
965 996 1089 1036 etiam
1121 996 1285 1036 sordere
1322 1009 1397 1036 nec
1429 1010 1453 1035 a

92 1056 212 1110 plebe
237 1057 372 1097 minus
397 1071 521 1110 quam
546 1073 571 1098 a
592 1057 778 1112 patribus
805 1058 1023 1099 contemni.
1073 1058 1142 1098 alii
1166 1072 1343 1112 purgare
1367 1057 1453 1111 ple·
1480 1071 1517 1098 12

93 1118 206 1167 bem,
233 1118 395 1173 culpam
420 1119 463 1159 in
486 1126 623 1173 patres
649 1127 825 1161 vertere:
863 1135 1005 1160 eorum
1029 1119 1252 1160 ambitione
1277 1119 1454 1160 artibus-

92 1194 171 1232 que
195 1180 295 1230 fieri,
321 1186 366 1220 ut
390 1180 634 1235 obsaeptum
658 1181 769 1235 plebi
796 1181 848 1222 sit
873 1182 926 1222 ad
943 1181 1142 1222 honorem
1161 1180 1249 1221 iter.
1288 1181 1323 1221 si
1341 1180 1452 1235 plebi

90 1242 290 1296 respirare
316 1241 367 1282 ab
393 1257 534 1283 eorum
566 1243 704 1282 mixtis
735 1242 927 1297 precibus
959 1243 1164 1296 minisque
1190 1242 1328 1292 liceat,
1367 1258 1453 1283 me-

91 1318 245 1344 morem
270 1318 361 1344 eam
387 1318 556 1345 suorum
580 1305 772 1345 inituram
799 1305 999 1360 suffragia
1024 1319 1116 1346 esse
1141 1310 1181 1346 et
1199 1312 1316 1360 parto
1336 1305 1452 1346 auxi-

88 1365 143 1406 lio
167 1365 384 1419 imperium
409 1380 572 1419 quoque
599 1367 861 1408 adscituram.

172 1428 327 1479 Placet,
354 1429 557 1470 tollendae
582 1429 816 1471 ambitionis
843 1445 968 1472 eausa
993 1430 1178 1472 tribunos
1204 1430 1340 1486 legem
1360 1446 1453 1485 pro-
1483 1444 1520 1472 ιι),

89 1491 293 1547 mulgare,
331 1506 382 1532 ne
408 1492 474 1532 cui
505 1491 645 1533 album
675 1493 717 1533 in
743 1493 1034 1534 vestimentum
1068 1494 1218 1534 addere
1242 1493 1450 1548 petitionis

88 1553 227 1594 liceret
252 1568 389 1594 causa.
437 1568 567 1608 parva
590 1569 699 1595 nunc
729 1569 794 1596 res
827 1561 867 1595 et
897 1555 967 1595 vix
999 1555 1105 1597 serio
1130 1556 1292 1611 agenda
1323 1555 1452 1595 videri

88 1615 237 1670 possit,
269 1630 374 1670 quae
401 1622 497 1657 tunc
521 1616 679 1672 ingenti
705 1617 928 1658 certamine
958 1625 1096 1672 patres
1123 1632 1171 1658 ae
1194 1616 1359 1672 plebem
1385 1631 1452 1657 ac-

89 1678 237 1719 cendit.
285 1678 420 1719 vicere
446 1685 584 1719 tamen
609 1679 778 1729 tribuni,
811 1688 856 1720 ut
880 1680 1016 1735 legem
1046 1680 1291 1734 perferrent,
1324 1694 1450 1733 appa·
1481 1694 1519 1722 14

89 1739 299 1792 rebatque,
330 1740 504 1781 inritatis
537 1741 683 1782 animis
708 1741 873 1796 plebem
904 1743 957 1782 ad
987 1757 1084 1783 suos
1117 1742 1252 1782 studia
1281 1741 1452 1781 inclina-

90 1808 236 1842 turam.
285 1815 389 1854 quae
414 1817 465 1842 ne
490 1802 618 1843 libera
643 1810 799 1853 essent,
832 1811 999 1845 senatus
1032 1804 1265 1845 consultum
1296 1802 1453 1843 factum

91 1871 166 1913 est,
195 1870 238 1904 ut
262 1863 494 1904 consularia
519 1865 683 1905 comitia
706 1865 967 1906 haberentur.

175 1924 350 1965 XXVI.
388 1925 609 1966 Tumultus
636 1940 761 1967 causa
779 1926 869 1976 fuit,
896 1942 1019 1980 quem
1040 1926 1091 1968 ab
1114 1926 1276 1980 Aequis
1296 1934 1336 1968 et
1353 1927 1455 1969 Vol·
1483 1943 1495 1970 1

94 1987 174 2028 scis
205 1987 347 2027 Latini
384 1993 506 2040 atque
543 1987 715 2028 Hernici
750 1989 995 2030 nuntiarent.
1061 1989 1110 2030 T.
1145 1988 1365 2041 Quinctius
1396 1990 1451 2030 L.
1479 2004 1497 2033 ‘2

92 2049 201 2089 filius
218 2047 488 2089 Cincinnatus
509 2075 563 2078 —
588 2050 722 2090 eidem
747 2057 786 2091 et
804 2050 948 2092 Penno
968 2065 1199 2106 cognomen
1217 2051 1380 2092 additur
1399 2077 1452 2081 —

94 2118 134 2152 et
160 2109 330 2152 Gnaeus
356 2111 487 2151 Iulius
513 2110 658 2152 Mento
691 2112 880 2153 consules
912 2113 1023 2153 facti.
1084 2127 1160 2154 nee
1190 2112 1296 2154 ultra
1326 2119 1453 2159 terror

93 2172 190 2213 belli
215 2180 277 2214 est
301 2173 464 2214 dilatus.
496 2173 587 2228 lege
614 2181 790 2224 sacrata,
823 2189 927 2228 quae
953 2175 1133 2216 maxima
1158 2175 1268 2229 apud
1293 2190 1363 2216 eos
1388 2175 1451 2216 vis
1478 2189 1496 2218 3

94 2235 302 2290 cogendae
327 2235 495 2276 militiae
515 2243 612 2285 erat,
640 2236 790 2277 dilectu
809 2237 949 2278 habito
969 2237 1173 2291 utrimque
1193 2237 1317 2278 validi
1337 2252 1454 2279 exer-

96 2297 199 2337 citus
224 2297 398 2351 profecti
417 2298 460 2337 in
478 2297 680 2353 Algidum
701 2313 927 2341 convenere
946 2299 1085 2353 ibique
1106 2314 1292 2340 seorsum
1312 2299 1451 2354 Aequi
1478 2314 1496 2343 4

96 2373 280 2399 seorsum
292 2358 436 2400 Volsci
455 2367 589 2401 castra
607 2361 910 2403 communivere
929 2362 1203 2416 intentiorque
1224 2376 1349 2415 quam
1362 2377 1452 2403 um-

95 2436 219 2474 quam
250 2428 343 2462 ante
374 2423 582 2463 muniendi
615 2425 914 2478 exercendique
945 2425 1116 2465 militem
1147 2439 1246 2466 cura
1275 2424 1450 2466 ducibus

95 2490 193 2524 erat.
225 2497 274 2524 eo
298 2483 392 2538 plus
416 2485 549 2525 nuntii
574 2486 738 2527 terroris
758 2487 936 2528 Romam
961 2487 1156 2529 adtulere.
1190 2487 1349 2529 senatui
1368 2487 1452 2528 dic-

94 2552 266 2586 tatorem
291 2547 371 2587 diei
395 2547 566 2602 placuit,
605 2549 701 2601 quia
725 2549 802 2590 etsi
828 2565 950 2605 saepe
975 2551 1072 2591 victi
1101 2550 1261 2605 populi,
1298 2550 1451 2591 maiore
1478 2572 1495 2592 ›

94 2616 231 2648 tamen
257 2615 405 2649 conatu
430 2624 554 2663 quarn
579 2610 680 2651 alias
706 2625 901 2664 umquam
921 2611 1183 2662 rebellarent3
1210 2619 1249 2653 et
1268 2612 1452 2666 aliquan-

94 2678 182 2710 tum
211 2670 425 2712 Romanae
455 2672 677 2713 iuventutis
714 2673 858 2715 morbo
894 2674 1158 2729 absumptum
1196 2680 1294 2715 erat.
1356 2680 1449 2715 ante
1477 2688 1493 2718 G

93 2732 229 2774 omnia
253 2734 433 2787 pravitas
467 2735 683 2776 consulum
714 2735 998 2791 discordiaque
1029 2736 1134 2778 inter
1158 2737 1270 2792 ipsos
1302 2743 1341 2778 et
1366 2751 1450 2778 cer-
