1835 3226
239 889 278 918 10

242 1137 276 1165 11

267 1632 284 1659 te,

273 2436 290 2463 s)

277 2681 293 2706 ti

301 209 354 247 (36
672 213 823 247 LIBER
848 213 902 255 ΙΙ,
929 213 959 245 2.
975 212 1005 245 3,
1034 214 1079 255 [a.
1097 223 1128 245 u.
1146 223 1174 245 e.
1190 212 1271 255 ²245]

301 318 519 373 augebunt.
577 316 732 356 amicus
765 314 850 362 abi,
888 328 1065 354 exonera
1102 313 1307 354 civitatem
1344 328 1449 354 vano
1487 314 1656 356 forsitan

302 388 422 420 mem.
472 379 527 418 ita
563 391 807 431 persuasum
845 384 905 417 est
942 376 1107 423 animis,
1145 390 1238 416 cum
1275 382 1396 430 gente
1434 375 1657 430 Tarquinia

303 455 474 496 regumn
499 439 593 479 hinc
619 438 850 479 abiturum.'
1367 473 1370 476 .

387 501 561 543 Consuli
597 500 728 555 primo
766 508 850 540 tam
886 514 1018 540 novae
1060 500 1118 540 rei
1162 514 1208 540 ac
1246 500 1405 541 subitae
1443 500 1658 541 admiratio

302 565 520 607 incluserat
549 576 702 603 vocem.
752 561 887 602 dicere
913 561 1059 602 deinde
1085 561 1348 616 incipientem
1378 562 1578 616 primores
1605 562 1660 603 ci-

302 627 438 668 vitatis
465 624 782 672 circumsistunt,
809 623 954 664 eadem
978 623 1117 664 multis
1142 623 1333 678 precibus
1360 630 1487 664 orant.
1531 631 1570 664 et
1596 638 1660 664 ec-

303 689 377 730 teri
408 687 573 741 quidem
606 685 827 727 movebant
858 685 1012 726 minus:
1049 693 1269 740 postquam
1301 685 1477 740 Spurius
1501 685 1661 726 Lucre-

303 752 402 800 tius,
440 749 571 789 maior
606 754 738 788 aetate
775 762 823 788 ae
858 747 1076 802 dignitate,
1120 761 1236 789 socer
1270 756 1482 802 praeterea
1515 748 1659 802 ipsius,

304 826 426 867 agere
450 810 563 851 varie
588 809 773 864 rogando
799 809 965 850 alternis
992 809 1285 862 suadendoque
1312 810 1458 863 coepit,
1485 816 1529 849 ut
1554 808 1661 849 vinci

306 889 349 916 se
379 887 585 914 consensu
616 871 792 912 civitatis
824 878 1049 925 pateretur,
1088 871 1237 912 timens
1269 871 1431 920 consul,
1468 885 1519 911 ne
1549 877 1663 924 post-

304 936 473 977 modum
504 934 664 989 privato
696 932 775 974 sibi
806 934 951 974 eadem
980 933 1050 974 illa
1081 947 1174 974 cum
1205 932 1406 973 bonorum
1443 932 1662 973 amissione

305 998 526 1050 additaque
552 995 632 1036 alia
655 995 824 1049 insuper
847 995 1073 1050 ignominia
1103 995 1350 1043 acciderent,
1388 994 1593 1035 abdicavit
1619 1008 1663 1034 sc

306 1058 540 1106 consulam,
583 1057 789 1110 rebusque
832 1057 916 1098 suis
960 1056 1151 1098 omnibus
1187 1057 1412 1098 Lavinium
1455 1055 1662 1096 translatis

308 1122 470 1162 civitate
502 1120 637 1160 cessit.
686 1118 842 1159 Brutus
875 1134 926 1160 ex
958 1127 1124 1160 senatus
1156 1119 1344 1160 consulto
1376 1118 1427 1159 ad
1464 1117 1664 1172 populum

309 1183 411 1230 tulit,
438 1188 482 1222 ut
507 1195 648 1222 omnes
675 1180 924 1234 Tarquiniae
948 1181 1084 1235 gentis
1110 1180 1251 1221 exules
1277 1186 1434 1228 essent,
1462 1179 1662 1233 collegam

309 1244 387 1285 sibi
412 1243 586 1284 comitiis
613 1242 847 1283 centuriatis
874 1242 1026 1283 creaxit
1051 1241 1098 1282 P.
1121 1241 1345 1290 Valerium,
1372 1255 1454 1294 quo
1480 1240 1663 1281 adiutore

309 1320 428 1361 reges
454 1305 640 1346 eiecerat.

395 1367 475 1408 HI.
533 1366 641 1408 Cum
672 1366 782 1407 haud
814 1367 1004 1419 cuiquam
1035 1367 1076 1406 in
1103 1366 1228 1407 dubio
1260 1376 1387 1414 essct,
1426 1365 1580 1406 bellum
1613 1364 1664 1404 ab

311 1431 546 1484 Tarquiniis
576 1430 792 1479 inminere,
831 1429 872 1470 id
903 1429 1068 1483 quidem
1101 1443 1172 1484 spe
1205 1429 1386 1469 omnium
1419 1428 1548 1469 serius
1575 1426 1663 1468 fuit.

312 1501 505 1541 ceterum,
532 1492 574 1533 id
598 1492 709 1545 quod
734 1507 814 1532 non
839 1491 1050 1540 timebant,
1076 1506 1149 1546 per
1167 1490 1306 1532 dolum
1327 1505 1374 1531 ac
1393 1490 1664 1544 proditionem

311 1570 438 1610 prope
463 1554 628 1595 libertas
655 1554 807 1594 amissa
833 1561 907 1594 cst.

397 1617 527 1657 Erant
558 1616 599 1656 in
630 1616 819 1657 Romana
849 1616 1059 1656 iuventute
1091 1613 1375 1655 adulescentes
1407 1614 1561 1666 aliquot
1591 1628 1666 1653 nec

310 1679 339 1719 ii
370 1678 482 1719 tenui
514 1678 603 1718 loco
629 1678 723 1726 orti,
756 1691 931 1729 quorum
954 1676 997 1716 in
1020 1690 1148 1730 regno
1172 1674 1299 1716 libido
1325 1675 1495 1716 solutior
1519 1674 1665 1723 fuerat,

311 1739 503 1793 aequales
530 1738 774 1792 sodalesque
801 1737 1125 1779 adulescentium
1151 1736 1481 1789 Tarquiniorum,
1508 1735 1666 1776 adsueti

313 1816 424 1842 more
448 1801 563 1855 regio
593 1800 744 1841 vivere.
795 1815 884 1841 eam
916 1806 1022 1848 timi,
1061 1805 1235 1852 aequato
1266 1798 1352 1839 iure
1383 1797 1584 1846 omnium,
1621 1797 1669 1837 li-

313 1863 488 1904 centiam
519 1869 781 1915 quaerentes,
819 1861 1049 1902 libertatem
1080 1860 1251 1901 aliorum
1281 1860 1324 1900 in
1349 1874 1466 1900 suam
1496 1859 1668 1900 vertisse

313 1925 564 1973 servitutem,
591 1925 696 1965 inter
715 1939 758 1965 se
778 1923 1150 1977 conquerebantur:
1176 1936 1316 1977 regem
1335 1921 1544 1963 hominem
1564 1935 1668 1970 esse,

313 2003 337 2028 a
361 2002 442 2040 quo
481 1986 675 2040 inpetres,
702 1986 773 2027 ubi
798 1986 876 2034 ius,
903 1985 974 2026 ubi
998 1985 1145 2025 iniuria
1170 1999 1273 2038 opus
1300 1984 1370 2031 sit,
1397 1998 1488 2024 esse
1513 1983 1668 2038 gratiae

312 2049 466 2097 locum,
500 2063 591 2089 esse
617 2049 834 2097 beneficio,
874 2056 913 2089 et
937 2048 1058 2088 irasci
1084 2054 1121 2087 et
1147 2047 1360 2101 ignoscere
1385 2060 1528 2100 posse,
1565 2046 1670 2086 inter

313 2111 490 2152 amicum
516 2117 637 2164 atque
662 2110 874 2151 inimicum
898 2109 1119 2150 discrimen
1144 2123 1285 2157 nosse3
1318 2108 1431 2162 leges
1462 2121 1549 2148 rem
1581 2122 1669 2148 sur-

314 2174 426 2223 dam,
464 2172 761 2213 inexorabilem
787 2186 897 2220 esse,
937 2171 1205 2212 salubriorem
1236 2169 1528 2222 melioremque
1559 2168 1669 2222 inopi

314 2250 439 2288 quam
463 2234 636 2289 potenti,
673 2233 776 2274 nihil
798 2233 1022 2274 laxamenti
1047 2247 1121 2273 nec
1147 2232 1290 2273 veniae
1315 2230 1485 2278 habere,
1525 2230 1559 2270 si
1583 2244 1670 2270 mo-

315 2298 413 2338 dum
439 2296 684 2345 excesseris3
721 2295 998 2350 periculosum
1030 2309 1120 2335 csse
1151 2294 1193 2334 in
1217 2301 1274 2334 tot
1305 2292 1496 2334 humanis
1528 2291 1671 2332 errori-

315 2359 392 2400 bus
418 2358 506 2400 sola
530 2358 763 2399 innocentia
786 2357 936 2398 vivere,

400 2421 466 2461 Ita
500 2420 584 2461 iam
616 2435 691 2461 sua
722 2426 867 2474 sponte
899 2419 1033 2474 aegris
1071 2418 1218 2459 animis
1254 2416 1379 2471 legati
1415 2415 1466 2456 ab
1503 2414 1669 2470 regibus

318 2482 623 2536 superveniunt,
651 2482 738 2523 sine
764 2481 970 2522 mentione
994 2480 1150 2521 reditus
1176 2479 1284 2520 bona
1308 2485 1467 2519 tantum
1485 2482 1671 2531 repeten-

318 2553 390 2584 tes.
440 2558 581 2584 eorum
611 2543 737 2585 verba
767 2550 987 2598 postquam
1024 2542 1066 2582 in
1102 2548 1246 2582 senatu
1277 2540 1416 2580 audita
1452 2545 1563 2586 sunt,
1599 2550 1672 2590 per

318 2605 471 2658 aliquot
507 2606 594 2646 dies
632 2620 679 2646 ea
716 2605 961 2646 consultatio
997 2604 1146 2652 tenuit,
1184 2617 1234 2643 ne
1270 2616 1354 2643 non
1388 2600 1547 2642 reddita
1575 2597 1671 2638 belli

321 2680 462 2715 causa,
500 2668 656 2709 reddita
687 2667 784 2708 belli
815 2667 982 2708 materia
1015 2674 1052 2707 et
1089 2665 1370 2707 adiumentum
1407 2666 1556 2702 essent.
1611 2658 1672 2698 in-
