1835 3226
326 444 338 471 l

321 565 339 594 2

367 195 450 238 496
722 200 877 235 LIBER
900 201 953 243 x,
981 202 1010 234 1.
1029 201 1060 235 2.
1089 202 1358 247 [a.u.c‚45<2s3]

368 306 511 348 aedem
544 304 718 353 Salutis,
757 318 881 357 quam
918 303 1060 345 consul
1100 310 1286 353 voverat,
1325 318 1469 346 censor
1503 305 1719 357 locaverat,

370 368 541 408 dictator
565 365 781 406 dedicavit.

452 428 510 468 Π.
559 427 722 468 Eodem
752 443 859 468 anno
890 427 1035 469 classis
1068 426 1321 470 Graecorum
1354 427 1582 483 Cleonymo
1619 429 1722 470 duce

366 489 699 530 Lacedaemonio
725 489 776 530 ad
800 489 944 530 Italiae
969 489 1087 531 litora
1111 490 1285 545 adpulsa
1310 490 1487 531 Thurias
1514 490 1656 531 urbem
1681 491 1724 531 in

370 551 607 593 Sallentinis
635 551 754 605 cepit.
803 551 1002 592 adversus
1027 551 1136 592 hunc
1162 552 1322 593 hostem
1349 552 1492 593 consul
1516 551 1721 593 Aemilius

366 613 518 653 missus
548 612 704 667 proelio
735 628 816 653 uno
846 613 1037 668 fugatum
1069 614 1251 668 conpulit
1280 614 1322 654 in
1352 629 1492 655 naves.
1541 613 1722 655 Thuriae

322 690 340 718 3
366 674 548 715 redditae
573 674 701 715 veteri
732 674 876 715 cultori
904 674 1213 729 Sallentinoque
1239 691 1338 731 agro
1369 691 1450 730 pax
1474 682 1602 730 parta.
1652 676 1722 716 Iu-

320 877 337 903 4

319 1186 337 1213 ἴ)

318 1433 335 1460 fi

319 1620 334 1648 7

316 1804 335 1832 8

316 1992 333 2020 U

296 2363 334 2392 10

298 2611 330 2639 11

364 737 479 777 nium
504 735 740 777 Bubulcum
765 737 1006 778 dictatorem
1031 739 1204 779 missum
1229 738 1271 778 in
1291 737 1541 779 Sallentinos
1567 738 1609 778 in
1634 738 1724 791 qui-

366 799 543 840 busdam
591 798 808 840 annalibus
855 800 1020 841 invenio
1063 807 1101 841 et
1146 800 1439 855 Cleonymum,
1482 800 1720 855 priusquam

365 861 672 917 confligendum
698 868 807 903 esset
832 877 926 902 cum
951 862 1170 912 Romanis,
1203 863 1323 904 Italia
1355 863 1596 904 excessisse.
1647 862 1723 902 cir-

364 930 602 964 cumvectus
638 924 733 965 inde
763 923 976 965 Brundisii
1010 925 1339 979 promunturium
1376 925 1593 978 medioque
1631 924 1722 965 sinu

363 985 606 1027 Hadriatico
626 986 758 1027 ventis
783 986 904 1035 latus,
925 1001 1020 1027 cuni
1038 987 1156 1028 laeva
1174 987 1412 1042 inportuosa
1428 986 1570 1027 Italiae
1590 987 1721 1035 litora,

363 1047 505 1088 dextra
530 1047 659 1102 Illyrii
679 1048 939 1102 Liburnique
966 1056 1005 1090 ct
1028 1048 1176 1098 Histri,
1202 1060 1346 1104 gentes
1373 1049 1483 1089 ferae
1509 1056 1546 1089 et
1571 1064 1724 1104 magna

363 1124 414 1149 cx
444 1116 558 1163 parte
587 1109 809 1152 latrociniis
841 1111 1055 1152 maritimis
1085 1111 1280 1160 infames,
1313 1118 1526 1160 terrerent,
1558 1111 1721 1165 penitus

364 1172 415 1212 ad
446 1171 563 1212 litora
587 1171 842 1213 Venetorum
872 1174 1070 1228 pervenit.
1125 1174 1321 1228 expositis
1352 1173 1495 1228 paucis
1527 1173 1598 1226 qui
1633 1172 1723 1213 loca

364 1233 622 1288 explorarent
660 1249 754 1274 cum
790 1235 990 1284 audisset,
1030 1242 1151 1276 tenue
1187 1243 1445 1290 praetentum
1482 1235 1577 1276 litus
1615 1249 1720 1281 esse,

362 1295 474 1348 quod
509 1296 778 1350 transgressis
817 1303 963 1351 stagna
999 1296 1050 1338 ab
1087 1303 1204 1351 tergo
1235 1297 1316 1338 sint
1346 1298 1507 1352 inrigua
1538 1296 1720 1337 aestibus

362 1357 595 1406 maritimis,
628 1372 749 1412 agros
781 1357 892 1399 haud
921 1358 1063 1412 procul
1093 1359 1302 1412 proximos
1329 1358 1570 1412 campestris
1597 1358 1719 1407 cerni,

363 1419 553 1460 ulteriora
580 1419 694 1460 collis
721 1420 868 1469 videri,
901 1435 992 1461 esse
1025 1420 1176 1461 ostium
1207 1420 1386 1461 fluminis
1418 1420 1605 1474 praealti,
1639 1434 1720 1472 quo

363 1481 589 1536 circumagi
619 1496 745 1522 naves
771 1482 813 1521 in
840 1482 1057 1523 stationem
1089 1488 1218 1522 tutam
1243 1482 1439 1523 vidissent
1466 1508 1519 1511 —
1545 1481 1718 1522 Medua-

361 1557 433 1582 cus
465 1542 596 1584 amnis
628 1549 714 1583 erat
738 1560 811 1584 —2
849 1558 897 1584 eo
927 1543 1131 1584 invectam
1167 1543 1341 1585 classem
1380 1544 1515 1585 subire
1551 1544 1719 1584 flumine

362 1604 536 1645 adverso
566 1604 699 1645 iussit.
754 1605 1037 1660 gravissumas
1067 1605 1235 1646 navium
1266 1621 1347 1646 non
1377 1606 1540 1660 pertulit
1577 1605 1718 1646 alveus

361 1667 559 1708 fluminis:
597 1668 638 1707 in
668 1667 822 1709 leviora
853 1669 1020 1723 navigia
1050 1675 1309 1723 transgressa
1339 1669 1556 1709 multitudo
1588 1684 1719 1710 arma-

363 1737 495 1770 torum
522 1729 574 1770 ad
599 1729 836 1783 frequentes
863 1745 1003 1785 agros,
1030 1730 1160 1771 tribus
1187 1730 1400 1771 maritimis
1425 1729 1719 1771 Patavinorum

361 1792 463 1832 vicis
489 1791 717 1833 colentibus
744 1807 836 1833 eam
861 1807 993 1842 oram,
1025 1793 1223 1847 pervenit.
1278 1792 1335 1834 ibi
1361 1793 1535 1848 egressi,
1566 1794 1719 1848 praesi-

360 1854 427 1894 dio
447 1853 528 1894 levi
547 1853 722 1895 navibus
741 1854 894 1903 relicto,
915 1855 1029 1895 vicos
1050 1862 1301 1910 expugnant,
1322 1855 1579 1895 inflammant
1598 1861 1717 1904 tecta,

361 1915 573 1957 hominum
603 1917 893 1970 pecudumque
924 1916 1099 1971 praedas
1131 1923 1259 1972 agunt
1289 1923 1328 1957 et
1359 1917 1573 1957 dulcedine
1603 1930 1720 1970 prae-

361 1978 486 2019 dandi
511 1978 675 2033 longius
700 1993 833 2032 usque
859 1995 883 2020 a
906 1979 1082 2020 navibus
1108 1980 1347 2034 procedunt.
1384 1979 1486 2020 haec
1505 1979 1576 2020 ubi
1595 1979 1720 2020 Pata-

360 2041 472 2081 vium
499 2048 593 2081 sunt
619 2042 873 2082 nuntiata—
894 2056 1056 2096 semper
1081 2049 1218 2082 autem
1244 2057 1314 2083 eos
1339 2042 1381 2083 in
1407 2041 1529 2082 armis
1555 2041 1719 2082 accolae

362 2101 474 2144 Galli
503 2102 711 2144 habebant
737 2129 810 2152 —,
848 2103 890 2144 in
921 2103 1023 2144 duas
1059 2111 1196 2158 partes
1233 2104 1487 2144 iuventutem
1517 2103 1717 2143 dividunt.

360 2165 487 2206 altera
510 2165 553 2205 in
577 2166 806 2221 regionem,
839 2180 921 2219 qua
947 2166 1079 2206 effusa
1104 2166 1315 2220 populatio
1346 2165 1628 2214 nuntiabatur,
1661 2165 1719 2205 al-

360 2234 464 2276 tera,
490 2242 542 2268 ne
567 2228 633 2268 cui
657 2228 913 2282 praedonum
939 2227 1061 2268 obvia
1085 2228 1212 2277 fieret,
1240 2228 1366 2269 altero
1390 2227 1533 2268 itinere
1559 2227 1611 2268 ad
1637 2234 1718 2268 sta-

360 2289 512 2330 tionem
543 2289 711 2330 navium
736 2315 790 2319 ——
815 2289 926 2330 milia
957 2296 1093 2331 autem
1124 2289 1451 2343 quattuordecim
1482 2288 1533 2330 ab
1565 2289 1718 2343 oppido

360 2351 499 2393 aberat
525 2377 579 2381 —
605 2351 739 2392 ducta.
788 2352 830 2392 in
861 2366 987 2392 naves
1012 2366 1162 2406 parvas
1193 2351 1433 2393 custodibus
1463 2351 1716 2406 interemptis

358 2413 536 2468 impetus
563 2413 717 2462 factus,
751 2413 960 2466 territique
986 2420 1135 2454 nautae
1162 2420 1365 2468 coguntur
1393 2427 1521 2454 naves
1551 2413 1594 2453 in
1618 2413 1718 2453 alte-

358 2491 446 2516 ram
476 2476 608 2530 ripam
639 2476 772 2516 amnis
804 2476 987 2516 traicere.
1038 2482 1077 2516 et
1107 2476 1148 2516 in
1179 2482 1287 2516 terra
1317 2489 1559 2530 prosperum
1585 2489 1715 2528 aeque

358 2538 401 2577 in
430 2538 590 2592 palatos
620 2538 883 2592 praedatores
914 2537 1115 2592 proelium
1146 2537 1298 2587 fuerat,
1334 2537 1715 2593 refugientibusque

360 2599 412 2639 ad
438 2599 655 2640 stationem
682 2598 854 2641 Graecis
881 2599 1031 2640 Veneti
1056 2600 1273 2641 obsistunt.
1322 2600 1377 2640 ita
1407 2599 1449 2639 in
1479 2598 1614 2639 medio
1639 2597 1714 2638 cir-

360 2661 565 2701 cumventi
602 2661 742 2703 hostes
779 2661 995 2716 caesique;
1038 2677 1133 2717 pars
1171 2661 1279 2716 capti
1316 2661 1490 2703 classem
1531 2659 1713 2700 indicant
