1780 3204
479 294 628 329 LIBER
654 295 700 339 V,
726 296 756 329 9.
780 296 831 329 10.
860 298 906 339 [a.
925 294 1054 330 0402.
1074 295 1155 339 401]
1415 286 1492 327 261

143 399 349 454 extemplo
368 414 497 440 novos
516 399 701 441 tribunos
721 399 896 440 militum
916 399 1114 441 creandos
1135 413 1245 449 esse,
1272 400 1343 453 qui
1363 415 1385 440 a
1399 399 1496 440 Kal.

145 459 397 502 Octobribus
422 460 709 517 magistratum
740 461 980 516 occiperent.
1028 461 1070 501 in
1100 475 1224 515 quam
1256 461 1499 502 sententiam

144 538 238 564 cum
268 522 444 578 pedibus
474 523 618 572 iretur,
650 523 773 564 ceteri
798 522 949 565 tribuni
973 523 1149 564 militum
1173 523 1273 564 nihil
1299 523 1501 565 contradi-

145 600 248 626 cere.
303 596 345 626 at
380 585 588 626 enimvero
627 583 797 640 Sergius
835 585 1159 641 Verginiusque,
1196 592 1361 641 propter
1396 601 1499 639 quos

144 646 351 701 paenitere
364 646 680 701 magistratuum
693 647 780 688 eius
795 647 891 687 anni
906 654 1093 688 senatum
1112 647 1348 702 apparebat,
1368 648 1500 702 primo

145 708 355 763 deprecari
373 708 654 763 ignominiam,
675 708 822 750 deinde
840 709 1092 750 intercedere
1113 715 1279 750 senatus
1300 709 1499 759 consulto,

146 784 316 824 negare,
345 784 388 810 se
413 776 506 810 ante
531 770 623 811 idus
642 769 908 820 Decembris,
936 770 1176 812 sollemnem
1200 771 1390 812 ineundis
1414 786 1502 811 ma—

145 831 384 887 gistratibus
411 831 537 881 diem,
563 832 716 873 honore
741 832 923 874 abituros
950 847 1053 874 esse.
1096 833 1201 874 inter
1224 833 1326 874 haec
1351 832 1502 874 tribuni

144 893 295 948 plebis,
328 908 422 934 cum
445 893 488 934 in
513 894 730 935 concordia
753 894 966 935 hominum
993 895 1267 948 secundisque
1291 894 1415 936 rebus
1447 895 1503 935 ci-

145 955 282 996 vitatis
312 955 429 995 inviti
461 955 667 996 silentium
697 956 943 1005 tenuissent,
975 956 1134 997 feroces
1159 963 1326 1011 repente
1356 956 1503 997 minari

146 1016 319 1057 tribunis
345 1016 537 1065 militum,
570 1017 649 1058 nisi
673 1017 715 1057 in
739 1018 978 1058 auctoritate
1005 1024 1172 1059 senatus
1199 1026 1354 1067 essent,
1393 1033 1436 1059 se
1460 1018 1501 1058 in

146 1078 281 1119 vincla
317 1093 387 1120 eos
424 1078 518 1118 duci
552 1078 737 1119 iussuros
775 1093 879 1120 esse.
928 1086 1014 1119 tum
1049 1078 1098 1119 C.
1133 1078 1333 1120 Servilius
1364 1079 1503 1119 Ahala.

146 1139 333 1181 tribunus
370 1139 564 1179 militum:
609 1140 738 1193 ‘quod
773 1140 824 1180 ad
860 1154 934 1180 vos
973 1140 1134 1188 attinet,
1172 1139 1323 1180 tribuni
1354 1139 1500 1194 plebis,

144 1201 359 1254 minasque
390 1207 567 1250 vestras,
606 1215 657 1241 ne
688 1215 765 1256 ego
794 1200 969 1241 libenter
999 1201 1222 1255 experirer,
1260 1215 1385 1255 quam
1420 1216 1503 1242 non

143 1262 235 1316 plus
261 1263 303 1302 in
326 1262 390 1302 his
416 1262 514 1303 iuris
541 1276 664 1315 quam
688 1263 731 1302 in
755 1262 872 1304 vobis
898 1263 1023 1303 animi
1049 1271 1176 1313 esset3
1204 1263 1277 1304 sed
1296 1263 1414 1305 nefas
1441 1271 1503 1305 est

143 1323 308 1363 tendere
334 1323 531 1364 adversus
557 1324 840 1364 auctoritatem
867 1331 1046 1366 senatus.
1085 1325 1256 1380 proinde
1282 1332 1321 1366 et
1339 1340 1413 1367 vos
1434 1325 1503 1367 de·
1536 1342 1546 1369 j

143 1385 262 1426 sinite
292 1385 399 1425 inter
428 1393 567 1427 nostra
600 1388 823 1427 certamina
853 1386 989 1428 locum
1020 1388 1192 1430 iniuriae
1217 1403 1431 1442 quaerere,
1465 1396 1503 1430 et

143 1447 324 1502 collegae
350 1455 419 1488 aut
443 1448 596 1488 facient
621 1449 733 1502 quod
757 1455 897 1490 censet
922 1459 1088 1492 senatus
1110 1457 1180 1491 aut
1200 1451 1235 1492 si
1252 1451 1502 1505 pertinacius

144 1509 328 1559 tendent,
361 1509 600 1551 dictatorem
625 1511 830 1565 extemplo
856 1511 1010 1561 dicam,
1043 1513 1114 1566 qui
1139 1528 1209 1554 eos
1237 1513 1347 1554 abire
1373 1513 1504 1568 magi-

1525 475 1543 504 '2

1525 599 1543 628 3

143 1578 271 1613 stratu
315 1572 460 1626 cogat.'
521 1586 615 1612 cum
652 1572 834 1613 omnium
872 1574 1051 1615 adsensu
1088 1574 1337 1630 conprobata
1375 1575 1503 1615 oratio
1532 1589 1546 1617 ῖ

143 1644 251 1674 esset
277 1634 585 1688 gauderentque
609 1641 746 1688 patres
775 1635 862 1676 sine
887 1635 1128 1677 tribuniciae
1154 1637 1369 1691 potestatis
1391 1636 1505 1676 terri-

143 1695 245 1736 culis
280 1695 489 1735 inventam
528 1710 619 1736 esse
656 1696 778 1736 aliam
813 1696 896 1736 iim
933 1697 1129 1738 maiorem
1167 1698 1219 1738 ad
1255 1697 1503 1738 coercendos

143 1758 427 1812 magistratus,
465 1757 563 1798 victi
594 1772 799 1799 consensu
829 1759 1012 1799 omnium
1049 1759 1213 1800 comitia
1249 1759 1502 1800 tribunorum

145 1819 318 1859 militum
344 1818 544 1868 habuere,
577 1820 647 1873 qui
671 1820 768 1860 Kal.
800 1818 1054 1861 Octobribus
1085 1821 1373 1875 magistratum
1399 1821 1506 1862 occi-

144 1887 306 1934 perent,
333 1894 459 1933 seque
485 1888 578 1921 ante
605 1896 695 1922 eam
721 1882 828 1922 diem
854 1882 1099 1936 magistratu
1124 1882 1378 1924 abdicavere.

158 1943 160 1945 ’
231 1941 292 1982 X.
340 1942 393 1982 L.
411 1941 576 1983 Valerio
600 1942 739 1984 Potito
764 1951 974 1996 quartum,
999 1943 1061 1984 M.
1082 1944 1208 1985 Furio
1230 1943 1407 1986 Camillo
1431 1945 1505 1986 ite-

147 2019 257 2052 rum,
283 2002 356 2044 Μ’.
382 2003 564 2045 Aemilio
588 2003 802 2046 Mamerco
828 2006 1010 2055 tertium,
1044 2005 1121 2047 Cn.
1150 2005 1343 2047 Cornelio
1370 2006 1504 2048 Cosso

145 2067 309 2114 iterum,
335 2065 392 2106 Κ.
411 2065 543 2107 Fabio
563 2066 784 2116 Ambusto,
811 2067 864 2108 L.
885 2067 991 2108 Iulio
1009 2067 1102 2108 Iulo
1127 2067 1303 2109 tribunis
1330 2069 1504 2109 militum

147 2128 351 2168 consulari
375 2135 577 2182 potestate
602 2128 732 2170 multa
756 2129 866 2170 domi
891 2130 1140 2184 militiaeque
1165 2137 1295 2185 gesta.
1344 2146 1441 2171 nam
1466 2137 1506 2171 et

148 2190 299 2232 bellum
325 2191 541 2246 multiplex
564 2191 642 2231 fuit
667 2192 812 2233 eodem
837 2199 1020 2247 tempore
1045 2193 1098 2233 ad
1121 2192 1250 2234 Veios
1281 2200 1321 2233 et
1345 2193 1398 2234 ad
1425 2192 1506 2234 Ca-

146 2267 295 2307 penam
321 2261 360 2293 et
385 2253 438 2293 ad
456 2253 641 2294 Falerios
667 2260 707 2294 et
730 2254 773 2294 in
790 2253 975 2304 Volscis,
1001 2261 1045 2295 ut
1064 2254 1215 2295 Anxur
1240 2254 1291 2296 ab
1317 2254 1505 2297 hostibus

1530 1774 1549 1801 U:

1530 2145 1549 2174 ιθ

145 2322 466 2369 recuperaretur,
499 2322 538 2355 et
562 2315 721 2356 Romae
753 2315 875 2357 simul
905 2316 1056 2357 dilectu
1087 2317 1209 2357 simul
1234 2316 1384 2358 tributo
1410 2332 1506 2359 con-
1531 2332 1549 2359 :3

147 2376 316 2417 ferendo
341 2377 573 2418 laboratum
599 2384 659 2418 est
685 2384 725 2418 et
750 2378 800 2418 de
825 2377 998 2419 tribunis
1020 2378 1131 2433 plebi
1150 2379 1390 2433 cooptandis
1410 2394 1506 2421 con-

149 2439 275 2480 tentio
300 2439 378 2479 fuit
403 2447 443 2480 et
466 2439 578 2480 haud
601 2454 775 2493 parvum
798 2446 956 2480 motum
975 2440 1056 2481 duo
1076 2440 1229 2481 iudicia
1247 2455 1407 2491 eorum,
1433 2442 1504 2495 qui

146 2501 269 2556 paulo
295 2508 387 2542 ante
414 2502 618 2543 consulari
642 2508 844 2556 potestate
869 2502 1049 2552 fuerant,
1077 2503 1277 2543 excivere.

234 2561 435 2604 Omnium
454 2563 632 2618 primum
650 2563 823 2604 tribunis
843 2564 1019 2604 militum
1037 2563 1115 2604 fujt
1135 2564 1329 2605 dilectum
1347 2565 1502 2606 haberi.
1528 2579 1549 2607 4

147 2639 222 2665 nec
253 2625 432 2666 iuniores
463 2626 586 2667 modo
617 2626 856 2680 conscripti,
895 2625 968 2666 sed
998 2626 1179 2668 seniores
1216 2627 1339 2668 etiam
1375 2628 1505 2669 coacti

146 2687 313 2728 nomina
338 2687 453 2737 dare,
480 2695 524 2728 ut
548 2687 661 2730 urbis
682 2688 911 2729 custodiam
932 2695 1112 2743 agerent.
1150 2695 1347 2743 quantum
1367 2697 1504 2731 autem

148 2748 376 2805 augebatur
406 2749 581 2791 militum
606 2764 820 2800 numerus,
853 2757 965 2791 tanto
991 2750 1143 2792 maiore
1168 2752 1340 2806 pecunia
1366 2752 1406 2792 in
1433 2752 1504 2793 sti·

1530 2704 1548 2732 5
