1835 3226
367 211 446 252 1⁶24
702 215 856 249 LIBER
880 214 936 258 11,
958 213 1011 247 ‹3›
1042 215 1089 258 [a.
1106 226 1139 248 u.
1155 225 1185 248 e.
1199 215 1275 248 esc.
1292 216 1373 259 287]

361 321 530 375 equiteS‚
558 318 796 360 circumfusi
821 317 917 357 duci
941 315 1230 366 vociferantur,
1258 331 1302 357 se
1328 323 1421 358 ante
1441 318 1560 373 signa
1578 319 1718 361 ituros.

359 385 458 423 dum
483 386 698 422 cunctatur
722 379 884 428 consul,
910 379 1060 419 virtute
1084 378 1261 419 militum
1285 378 1434 429 fretus,
1459 379 1550 421 1000
1574 396 1719 435 parum

359 444 503 491 fidens,
531 441 800 490 conclamant,
828 455 872 482 se
896 441 1040 490 ituros,
1066 440 1369 494 clamoremque
1387 455 1453 481 res
1479 448 1542 482 est
1568 449 1718 483 secuta.

360 505 452 546 fixis
477 504 520 544 in
545 510 695 543 terram
719 503 833 557 pilis,
865 516 948 556 quo
972 502 1146 543 leviores
1172 503 1301 543 arduav
1326 503 1565 552 evaderent,
1598 518 1721 545 cursu

361 566 550 608 subeunt.
598 564 792 614 Volscus,
819 564 963 605 effusis
989 565 1042 605 ad
1067 564 1244 618 primum
1269 565 1470 619 impetum
1494 565 1720 607 missilibus

358 628 468 677 telis,
502 642 603 668 saxa
628 626 859 668 obiacentia
882 625 1059 680 pedibus
1085 626 1234 680 ingerit
1257 626 1301 666 in
1332 626 1556 667 subeuntes
1583 627 1721 668 turba-

359 697 503 742 tosque
528 687 677 729 ictibus
710 688 862 729 crebris
888 695 1007 743 urget
1037 702 1089 728 ex
1114 688 1321 743 superiore
1351 688 1455 730 loco.
1506 689 1564 730 sie
1594 703 1721 744 prope

360 757 572 791 oneratum
609 756 672 791 est
709 750 921 791 sinistrum
950 750 1151 791 Romanis
1189 764 1333 800 cornu,
1371 751 1414 790 ni
1447 750 1720 792 referentibus

362 814 443 853 iam
468 813 645 868 gradum
670 812 833 862 consul,
870 812 1122 867 increpando
1155 812 1276 852 simul
1302 812 1572 853 temeritatem
1599 812 1720 852 simul

320 891 329 902 v*
362 876 582 931 ignaviam,
609 875 766 929 pudore
790 881 948 916 metum
973 875 1237 915 excussisset.
1274 875 1465 916 resistere
1489 875 1622 929 primo
1648 875 1720 916 ob-

361 938 519 979 stinatis
546 938 713 988 animis,
746 938 913 987 deinde,
946 944 991 978 ut
1016 937 1248 979 obtinentes
1273 937 1409 979 locum
1433 937 1541 978 vires
1567 937 1721 978 refece-

360 1006 467 1050 rant,
505 1001 658 1041 audent
693 999 799 1041 ultro
835 1000 1011 1055 gradum
1046 999 1197 1041 inferre
1235 1006 1275 1040 et
1311 1000 1489 1041 clamore
1523 1005 1720 1041 renovato

361 1068 621 1103 commovent
645 1062 787 1102 aciem.
825 1069 913 1102 tum
937 1077 1081 1103 rursus
1105 1063 1263 1116 impetu
1289 1068 1408 1116 capto
1434 1062 1643 1102 enituntur
1661 1068 1721 1102 at-

329 1141 334 1165 ;
361 1139 440 1177 que
471 1130 720 1178 exsuperant
749 1124 1007 1177 iniquitatem
1036 1125 1128 1166 loci.
1178 1125 1260 1165 iam
1297 1139 1425 1179 prope
1462 1131 1566 1174 erat,
1604 1130 1649 1164 ut
1678 1122 1720 1164 111

361 1201 569 1227 summum
594 1186 689 1227 clivi
712 1187 857 1242 iugum
883 1187 1115 1236 evaderent,
1143 1201 1235 1227 cum
1262 1195 1379 1241 terga
1403 1186 1544 1227 hostes
1571 1186 1720 1226 dedere

360 1248 575 1302 effusoque
601 1263 725 1289 eursu
747 1262 879 1303 paene
904 1248 1069 1303 agmine
1087 1263 1170 1289 uno
1192 1248 1398 1303 fugientes
1418 1253 1719 1301 sequentesque

360 1311 503 1351 castris
528 1310 719 1351 incidere.
768 1311 812 1351 in
837 1325 885 1351 eo
909 1325 1062 1364 pavore
1088 1311 1222 1351 'castra
1247 1310 1474 1364 capiuntm.
1524 1310 1594 1363 qui
1619 1309 1720 1350 Vol-

361 1386 524 1413 scorum
550 1371 733 1426 effugere
758 1378 980 1427 potuerunt
1001 1372 1175 1412 Antium
1200 1378 1357 1426 petunt,
1383 1370 1558 1412 Antium
1579 1371 1721 1412 01110-

318 1449 331 1454 ·
362 1449 509 1474 manus
543 1435 745 1475 exercitus
777 1434 938 1475 ductus.
994 1448 1147 1489 paucos
1180 1434 1499 1475 circumsessum
1531 1434 1618 1474 dies
1651 1433 1720 1473 dc-

359 1496 468 1536 ditur
503 1496 616 1536 nulla
651 1496 981 1551 oppugnantium
1016 1511 1126 1537 nova
1161 1495 1221 1545 vi,
1261 1496 1334 1536 sed
1364 1496 1475 1549 quod
1504 1496 1586 1535 iam
1622 1495 1716 1535 inde

359 1556 410 1597 ab
436 1556 591 1598 infelici
615 1571 758 1612 pugna
783 1558 1010 1611 castrisque
1035 1558 1198 1598 amissis
1225 1557 1453 1598 ceciderant
1480 1557 1615 1598 animi.

750 1732 1039 1783 [PERIOCHA
1061 1734 1203 1771 LIBRI
1225 1731 1326 1784 111]

428 1818 658 1863 [Seditiones
680 1819 725 1853 de
746 1818 904 1864 agrariis
925 1818 1073 1863 legibus
1092 1818 1208 1854 fuere.
1235 1818 1460 1864 Capitolium
1481 1819 1529 1854 ab
1550 1818 1720 1854 exulibus

359 1873 397 1904 et
413 1869 529 1904 servis
545 1873 780 1914 occupatum,
804 1869 923 1904 caesis
937 1869 981 1903 iis
995 1874 1188 1914 receptum
1203 1874 1272 1904 est.
1301 1880 1434 1903 census
1448 1869 1506 1903 bis
1526 1876 1632 1903 aetus
1647 1874 1719 1904 est:

358 1920 480 1965 priore
495 1921 613 1955 lustro
629 1931 743 1955 censa
758 1924 845 1954 sunt
858 1920 992 1954 civium
1007 1921 1262 1965 capita†V111
1271 1920 1372 1954 milia
1384 1919 1601 1954 DCCXIIII
1616 1931 1719 1965 prae-

358 1976 415 2005 ter
434 1971 547 2005 orbos
568 1971 776 2016 orbasque‚
803 1971 976 2016 sequenti
996 1970 1139 2006 CXVII
1163 1972 1266 2005 milia
1292 1970 1514 2006 CCXVIIIL
1548 1982 1630 2005 cum
1654 1971 1719 2005 ad·

358 2033 486 2056 versus
499 2020 655 2066 Aequos
676 2022 772 2056 male
793 2027 902 2067 gesta
919 2033 980 2056 res
1000 2026 1116 2066 esset,
1142 2022 1185 2056 L.
1201 2021 1374 2063 Quintius
1390 2021 1630 2056 Cincinnatus
1645 2022 1719 2055 die—

360 2076 459 2106 tator
473 2071 616 2117 faetus,
645 2084 727 2107 eum
740 2084 824 2107 rure
844 2072 1009 2107 intentus
1025 2072 1129 2117 operi
1148 2072 1288 2107 rustico
1310 2077 1428 2117 esset,
1455 2073 1501 2106 ad
1523 2073 1561 2106 id
1580 2072 1719 2107 bellum

359 2123 564 2167 gerendum
586 2123 790 2157 arcessitus
805 2127 872 2157 est.
907 2123 939 2157 is
954 2123 1075 2157 victos
1091 2123 1217 2157 hostes
1233 2123 1301 2156 sub
1316 2123 1444 2168 iugum
1457 2122 1566 2156 misit.
1603 2122 1718 2157 tribu-

357 2185 487 2208 norum
502 2174 625 2218 plebis
640 2186 814 2209 numerus
830 2174 1029 2218 ampliatus
1045 2178 1120 2218 est,
1147 2178 1189 2207 ut
1209 2177 1336 2208 essent
1356 2175 1502 2217 decem,
1531 2173 1718 2207 tricesimo

358 2228 462 2259 sexto
477 2236 576 2259 anno
592 2236 614 2260 a
627 2225 754 2270 primis
774 2225 934 2259 tribunis
954 2225 1089 2269 plebis.
1125 2225 1252 2269 petitis
1272 2235 1340 2268 per
1359 2225 1506 2269 legatos
1527 2229 1564 2259 et
1583 2224 1719 2259 adlatis

357 2275 495 2310 Atticis
509 2276 679 2321 legibus,
706 2277 755 2310 ad
771 2276 1054 2310 constituendas
1074 2286 1138 2310 eas
1157 2275 1498 2320 proponendasque
1521 2274 1718 2309 decemviri

356 2337 424 2371 pro
440 2327 659 2361 consulibus
674 2326 752 2361 sine
766 2326 851 2360 ullis
866 2326 947 2360 aliis
962 2325 1244 2371 magistratibus
1259 2326 1374 2360 creati
1396 2327 1513 2360 altero
1529 2329 1565 2360 et
1577 2329 1719 2360 trecen-

358 2376 487 2410 tesimo
504 2388 600 2411 anno
617 2388 727 2422 quam
740 2377 861 2411 Roma
876 2377 1026 2411 condita
1040 2380 1136 2420 erat,
1164 2380 1201 2411 et
1213 2380 1255 2410 ut
1268 2388 1290 2411 a
1302 2376 1455 2421 regibus
1471 2377 1519 2411 ad
1533 2377 1718 2421 eonsules,

357 2427 410 2461 ita
435 2439 456 2461 a
483 2428 703 2462 consulibus
725 2429 772 2462 ad
792 2428 1051 2462 decemviros'
1042 2427 1235 2472 lmperium
1259 2428 1491 2462 translatum.
1527 2427 1566 2461 hi
1591 2428 1719 2462 decem

357 2477 496 2511 tabulis
521 2478 646 2523 legum
666 2479 799 2522 positis
821 2489 902 2513 eum
921 2479 1088 2513 modeste
1110 2489 1148 2512 se
1169 2478 1206 2512 in
1226 2489 1270 2512 eo
1291 2478 1434 2513 honore
1455 2478 1663 2523 gessissent
1682 2481 1720 2511 et

359 2528 406 2562 ob
433 2528 471 2562 id
494 2529 534 2562 111
558 2529 715 2563 alterum
736 2540 885 2574 quoque
907 2540 1043 2564 annum
1069 2529 1229 2563 eundem
1254 2540 1335 2563 esse
1360 2529 1619 2574 magistratum
1637 2518 1726 2572 pla-

360 2577 515 2623 cuisset,
543 2580 689 2614 duabus
710 2580 849 2614 tabulis
869 2581 917 2615 ad
944 2581 1072 2614 decem
1098 2579 1256 2614 adiectis
1283 2590 1364 2613 eum
1391 2580 1583 2624 compluia
1602 2578 1717 2621 impo-

358 2632 479 2662 tenter
498 2628 694 2674 fecissent,
720 2630 980 2675 magistratum
1005 2631 1208 2664 noluerunt
1233 2629 1421 2674 deponere
1448 2634 1484 2663 et
1507 2629 1546 2662 in
1569 2627 1714 2662 tertium

361 2689 497 2712 annum
527 2680 776 2725 retinuerunt,
809 2681 930 2716 donee
959 2681 1079 2715 inviso
1107 2691 1235 2715 eorum
1263 2679 1418 2726 imperio
1450 2679 1559 2713 finem
1591 2677 1717 2711 attulit
