1780 3204
403 266 556 301 LIBER
580 266 690 310 VIII,
715 265 768 299 32.
789 264 843 299 33.
872 266 920 308 [a.
935 262 1104 307 C.325s4]
1350 252 1430 294 431

81 386 219 414 tamen
248 371 322 413 tibi
353 370 406 412 ad
435 370 657 411 voluntatis
682 368 1058 423 interpretationem
1082 381 1197 408 meae
1223 366 1437 421 dirigenda

82 444 152 476 tua
177 434 378 476 sententia
401 433 541 474 fuerit:
568 457 622 461 —
647 432 746 485 quin
771 437 814 471 tu
838 429 1081 484 respondes,
1112 429 1365 470 vetuerimne
1397 434 1435 468 te
1463 441 1480 470 6

82 498 302 551 quicquam
337 495 395 536 rci
431 509 495 535 me
532 493 701 535 absente
733 507 872 548 agere,
910 491 1162 532 vetuerimne
1194 491 1313 546 signa
1343 505 1437 531 eum

82 559 269 600 hostibus
302 557 511 598 conferre?
546 571 627 609 quo
664 562 709 596 tu
743 554 913 609 imperio
951 568 1042 594 meo
1079 559 1234 608 spreto,
1272 552 1436 593 incertis
1464 566 1480 594 7

83 621 294 675 auspiciis,
328 618 498 660 turbatis
524 617 790 672 religionibus
817 617 1014 657 adversus
1040 630 1197 656 morem
1221 615 1437 655 militarem

83 683 422 737 disciplinamque
453 681 655 721 maiorum
686 687 726 720 et
749 694 903 719 numen
927 679 1097 718 deorum
1122 692 1248 718 ausus
1275 691 1318 718 es
1345 691 1438 717 cum

83 746 200 786 hoste
231 745 460 799 confligere.
509 743 562 784 ad
591 743 692 783 haec
718 757 822 795 quae
847 742 1123 796 interrogatus
1149 755 1193 781 es
1219 739 1436 794 responde,
1463 751 1482 780 8
1504 787 1513 795 .

84 814 125 848 at
150 814 264 847 extra
289 821 337 847 ea
361 821 459 847 cave
485 820 629 847 vocem
653 805 804 845 mittas.
854 804 1021 852 accede,
1047 803 1189 844 lictor.'
1238 803 1436 844 adversus
1464 815 1481 844 9

85 869 248 925 singula
283 867 510 923 quae[que]
549 882 643 908 cum
677 867 926 921 respondere
962 866 1074 906 haud
1109 865 1229 906 facile
1261 872 1368 906 esset
1400 872 1440 905 et

83 945 191 970 nunc
218 937 466 983 quereretur,
499 930 673 970 eundem
699 936 980 970 accusatorem
1005 928 1149 982 capitis
1176 927 1240 968 sui
1264 942 1312 968 ae
1335 927 1441 967 iudi-

85 1006 175 1032 cem
206 1006 316 1041 esse,
353 992 476 1033 modo
509 992 634 1032 vitam
660 990 738 1032 sibi
763 991 864 1045 eripi
888 990 1006 1031 citius
1032 1004 1156 1043 quam
1180 990 1354 1044 gloriam
1377 1004 1441 1030 re-

85 1069 176 1094 rum
196 1060 406 1108 gestarum
430 1068 554 1108 posse
579 1053 871 1094 vociferaretur
894 1059 1168 1107 purgaretque
1196 1066 1238 1092 se
1263 1051 1440 1092 invicem
1468 1063 1508 1093 10

85 1122 207 1168 atque
233 1116 337 1156 ultro
363 1121 592 1163 accusaret,
619 1122 715 1155 tunc
740 1114 932 1168 Papirius
957 1114 1235 1168 redintegrata
1258 1113 1319 1153 ira
1345 1127 1440 1166 spo-

83 1177 172 1217 liari
213 1177 457 1232 magistrum
499 1177 682 1229 equitum
718 1190 766 1216 ac
802 1176 940 1230 virgas
977 1181 1017 1216 et
1053 1189 1217 1215 secures
1256 1173 1439 1228 expediri

82 1239 213 1279 iussit.
250 1239 405 1279 Fabius
425 1239 549 1278 fidem
567 1238 741 1278 militum
760 1237 968 1291 inplorans
987 1236 1261 1277 lacerantibus
1281 1244 1440 1276 vestem
1468 1249 1504 1277 11

82 1300 293 1341 lictoribus
325 1301 377 1340 ad
407 1300 566 1340 triarios
597 1299 818 1339 tumultum
852 1296 1032 1353 [ultima]
1066 1298 1148 1338 iam
1178 1298 1220 1338 in
1250 1298 1439 1338 contione

82 1362 301 1402 miscentes
334 1376 425 1402 sese
454 1361 619 1416 recepit.
670 1361 764 1402 inde
795 1360 949 1401 clamor
978 1361 1020 1401 in
1052 1367 1179 1401 totam
1211 1360 1440 1401 contionem
1470 1371 1507 1400 12

83 1430 145 1464 est
173 1423 373 1478 perlatus:
411 1423 509 1464 alibi
538 1438 698 1478 preces,
738 1423 836 1464 alibi
866 1423 1000 1464 minae
1031 1422 1314 1464 audiebantur.
1371 1422 1442 1476 qui

81 1485 258 1540 proximi
287 1485 392 1526 forte
423 1485 616 1526 tribunali
647 1491 858 1534 steterant,
892 1485 988 1538 quia
1013 1484 1187 1526 subiecti
1213 1484 1341 1525 oculis
1367 1484 1443 1524 im-

81 1548 280 1603 peratoris
305 1548 498 1589 noscitari
521 1554 726 1602 poterant,
754 1547 942 1597 orabant,
970 1554 1013 1587 ut
1032 1554 1217 1602 parceret
1243 1547 1442 1601 magistro

83 1609 266 1663 equitum
290 1624 372 1650 neu
396 1625 490 1651 cum
515 1625 563 1651 eo
589 1610 814 1651 exercitum
839 1610 1071 1650 damnaret:
1099 1616 1281 1649 extrema
1306 1608 1440 1648 contio
1469 1621 1508 1650 13

84 1679 124 1712 et
154 1672 260 1713 circa
284 1672 461 1713 Fabium
491 1672 640 1727 globus
666 1671 933 1726 increpabant
957 1671 1245 1712 inclementem
1271 1670 1442 1710 dictato-

82 1749 170 1775 rem
205 1749 281 1775 nee
315 1734 459 1788 procul
496 1734 694 1775 seditione
731 1733 912 1774 aberant.
973 1748 1024 1773 ne
1061 1732 1239 1773 tribunal
1275 1731 1441 1785 quidem

85 1796 183 1836 satis
215 1796 398 1849 quietum
429 1802 526 1836 erat.
585 1795 711 1850 legati
742 1795 1052 1835 circumstantes
1085 1794 1227 1835 sellam
1258 1793 1440 1842 orabant,
1470 1807 1509 1835 14

84 1864 130 1898 ut
153 1872 239 1897 rem
264 1857 306 1897 in
330 1863 540 1912 posterum
566 1857 674 1897 diem
701 1857 881 1897 differret
907 1863 946 1896 et
970 1856 1053 1897 irae
1080 1870 1178 1896 suae
1199 1856 1375 1910 spatium
1402 1863 1441 1896 et

86 1919 256 1960 consilio
275 1925 436 1973 tempus
456 1919 581 1959 daret.
610 1919 708 1959 satis
730 1918 972 1973 castigatam
987 1918 1308 1958 adulescentiam
1322 1917 1442 1958 Fabii
1470 1930 1510 1960 15

86 1995 195 2030 esse,
229 1981 327 2022 satis
353 1980 624 2021 deformatam
649 1980 880 2021 victoriam:
912 1995 962 2020 ne
988 1980 1040 2020 ad
1066 1987 1294 2020 extremum
1319 1979 1443 2020 finem

87 2042 277 2097 supplicii
297 2042 479 2083 tenderet
497 2057 578 2083 neu
596 2042 717 2083 unico
736 2041 874 2083 iuveni
893 2056 971 2082 neu
985 2042 1091 2096 patri
1110 2042 1196 2082 eius
1215 2041 1442 2082 clarissimo

85 2104 173 2144 viro
203 2119 284 2144 neu
308 2103 463 2145 Fabiae
493 2104 606 2159 genti
637 2118 728 2144 eam
757 2104 989 2158 iniungeret
1018 2103 1299 2158 ignominiam.
1349 2118 1441 2149 cum
1470 2118 1508 2147 16

85 2180 230 2220 parum
255 2166 464 2220 precibus,
491 2181 636 2220 parum
662 2180 785 2206 causa
805 2166 1065 2220 proficerent,
1092 2166 1239 2206 intueri
1259 2165 1444 2206 saevien-

86 2234 169 2267 tem
195 2228 425 2268 contionem
450 2227 658 2268 iubebant.
695 2227 751 2268 ita
775 2228 947 2268 inritatis
973 2228 1148 2268 militum
1173 2227 1319 2268 animis
1346 2227 1444 2268 sub-

87 2289 182 2330 dere
217 2290 355 2344 ignem
386 2305 433 2331 ac
463 2290 674 2331 materiam
707 2290 895 2331 seditioni
925 2305 1008 2331 non
1038 2305 1129 2332 esse
1160 2290 1322 2339 aetatis,
1360 2304 1442 2330 non
1530 2337 1533 2341 Ι

86 2351 327 2405 prudentiae
354 2352 454 2393 eius.
491 2352 697 2392 neminem
721 2352 764 2392 id
785 2351 836 2405 Q.
856 2352 987 2393 Fabio
1006 2367 1180 2407 poenam
1206 2352 1442 2406 deprecanti
1470 2367 1507 2395 17

88 2428 206 2453 suam
248 2413 345 2454 vitio
389 2429 621 2463 versurum,
666 2415 739 2455 sed
775 2415 980 2464 dictatori,
1030 2415 1064 2455 si
1106 2421 1346 2455 occaecatus
1382 2414 1442 2454 ira.

86 2475 279 2516 infestam
315 2476 617 2517 multitudinem
652 2477 694 2517 in
731 2491 774 2518 se
810 2492 937 2531 pravo
974 2477 1194 2518 certamine
1230 2477 1440 2517 movisset.

86 2544 314 2592 postremo,
341 2553 392 2578 ne
417 2538 459 2578 id
485 2553 527 2579 se
552 2539 707 2594 gratiae
734 2539 830 2579 (lare
857 2538 909 2591 Q.
935 2539 1055 2580 Fabii
1080 2539 1280 2588 crederet,
1308 2553 1351 2579 se
1376 2539 1439 2579 ius
1470 2553 1508 2583 15

87 2600 305 2640 iurandum
341 2600 437 2641 dare
466 2608 630 2655 paratos
663 2616 772 2650 esse,
809 2616 891 2642 non
922 2601 1050 2642 videri
1081 2616 1102 2642 e
1131 2616 1175 2642 re
1205 2601 1370 2656 publica
1400 2602 1441 2641 in

90 2662 142 2715 Q.
168 2662 344 2704 Fabium
371 2678 419 2704 eo
444 2670 625 2718 tempore
651 2664 931 2705 animadverti.

173 2726 401 2767 XXXIII.
455 2726 535 2768 His
573 2726 743 2768 vocibus
780 2741 873 2768 cum
910 2727 952 2767 in
989 2727 1195 2782 semagis
1226 2727 1440 2768 incitarent
1470 2741 1481 2769 1
