<?xml version="1.0" encoding="UTF-8"?>
<!DOCTYPE html PUBLIC "-//W3C//DTD XHTML 1.0 Transitional//EN"
    "http://www.w3.org/TR/xhtml1/DTD/xhtml1-transitional.dtd">
<html xmlns="http://www.w3.org/1999/xhtml" xml:lang="en" lang="en">
 <head>
  <title>
</title>
<meta http-equiv="Content-Type" content="text/html;charset=utf-8" />
  <meta name='ocr-system' content='tesseract 3.04.00' />
  <meta name='ocr-capabilities' content='ocr_page ocr_carea ocr_par ocr_line ocrx_word'/>
</head>
<body>
  <div class='ocr_page' id='page_1' title='image "./aburbeconditalib01livyuoft_0178.png"; bbox 0 0 1835 3226; ppageno 0'>
   <div class='ocr_carea' id='block_1_1' title="bbox 305 271 1357 318">
    <p class='ocr_par' dir='ltr' id='par_1_1' title="bbox 305 271 1357 318">
     <span class='ocr_line' id='line_1_1' title="bbox 305 271 1357 318; baseline -0.005 -7"><span class='ocrx_word' id='word_1_1' title='bbox 305 271 360 311; x_wconf 72' lang='lat'><strong>54</strong></span> <span class='ocrx_word' id='word_1_2' title='bbox 610 275 764 310; x_wconf 74' lang='lat' dir='ltr'>LIBER</span> <span class='ocrx_word' id='word_1_3' title='bbox 789 275 824 318; x_wconf 93' lang='lat'><strong>1,</strong></span> <span class='ocrx_word' id='word_1_4' title='bbox 850 275 904 310; x_wconf 73' lang='lat'><strong>51.</strong></span> <span class='ocrx_word' id='word_1_5' title='bbox 923 275 976 307; x_wconf 71' lang='lat'><strong>52.</strong></span> <span class='ocrx_word' id='word_1_6' title='bbox 1005 277 1052 317; x_wconf 78' lang='lat' dir='ltr'><strong>[a.</strong></span> <span class='ocrx_word' id='word_1_7' title='bbox 1068 285 1101 307; x_wconf 87' lang='lat' dir='ltr'><strong>u.</strong></span> <span class='ocrx_word' id='word_1_8' title='bbox 1116 285 1146 308; x_wconf 67' lang='grc' dir='ltr'><strong>ο.</strong></span> <span class='ocrx_word' id='word_1_9' title='bbox 1159 273 1357 314; x_wconf 60' lang='lat' dir='ltr'><strong>seo—244]</strong></span> 
     </span>
    </p>
   </div>
   <div class='ocr_carea' id='block_1_2' title="bbox 264 377 1689 2781">
    <p class='ocr_par' dir='ltr' id='par_1_2' title="bbox 307 377 1661 434">
     <span class='ocr_line' id='line_1_2' title="bbox 307 377 1661 434; baseline -0.002 -9"><span class='ocrx_word' id='word_1_10' title='bbox 307 399 399 424; x_wconf 89' lang='lat' dir='ltr'><strong>eum</strong></span> <span class='ocrx_word' id='word_1_11' title='bbox 420 387 674 423; x_wconf 72' lang='lat' dir='ltr'><strong>convectum.</strong></span> <span class='ocrx_word' id='word_1_12' title='bbox 712 378 755 418; x_wconf 88' lang='lat' dir='ltr'><strong>id</strong></span> <span class='ocrx_word' id='word_1_13' title='bbox 773 392 924 418; x_wconf 72' lang='lat' dir='ltr'><strong>vanum</strong></span> <span class='ocrx_word' id='word_1_14' title='bbox 944 391 1072 418; x_wconf 86' lang='lat' dir='ltr'><strong>necne</strong></span> <span class='ocrx_word' id='word_1_15' title='bbox 1093 377 1163 425; x_wconf 85' lang='lat' dir='ltr'><strong>sit,</strong></span> <span class='ocrx_word' id='word_1_16' title='bbox 1189 377 1394 432; x_wconf 86' lang='lat' dir='ltr'><strong>extemplo</strong></span> <span class='ocrx_word' id='word_1_17' title='bbox 1415 379 1507 420; x_wconf 90' lang='lat' dir='ltr'><strong>seiri</strong></span> <span class='ocrx_word' id='word_1_18' title='bbox 1526 394 1661 434; x_wconf 87' lang='lat' dir='ltr'><strong>posse.</strong></span> 
     </span>
    </p>

    <p class='ocr_par' dir='ltr' id='par_1_3' title="bbox 264 438 1666 744">
     <span class='ocr_line' id='line_1_3' title="bbox 264 438 1663 500; baseline -0.004 -13"><span class='ocrx_word' id='word_1_19' title='bbox 264 462 279 489; x_wconf 87' lang='lat'><em>7</em></span> <span class='ocrx_word' id='word_1_20' title='bbox 307 459 450 500; x_wconf 85' lang='lat' dir='ltr'><strong>rogare</strong></span> <span class='ocrx_word' id='word_1_21' title='bbox 476 458 565 491; x_wconf 90' lang='lat' dir='ltr'><strong>eos,</strong></span> <span class='ocrx_word' id='word_1_22' title='bbox 591 448 634 482; x_wconf 85' lang='lat' dir='ltr'><strong>ut</strong></span> <span class='ocrx_word' id='word_1_23' title='bbox 660 441 754 480; x_wconf 90' lang='lat' dir='ltr'><strong>inde</strong></span> <span class='ocrx_word' id='word_1_24' title='bbox 776 454 915 480; x_wconf 90' lang='lat' dir='ltr'><strong>secum</strong></span> <span class='ocrx_word' id='word_1_25' title='bbox 935 439 988 479; x_wconf 88' lang='lat' dir='ltr'><strong>ad</strong></span> <span class='ocrx_word' id='word_1_26' title='bbox 1007 438 1193 479; x_wconf 89' lang='lat' dir='ltr'><strong>Turnum</strong></span> <span class='ocrx_word' id='word_1_27' title='bbox 1215 439 1390 480; x_wconf 83' lang='lat' dir='ltr'><strong>veniant.</strong></span> <span class='ocrx_word' id='word_1_28' title='bbox 1429 448 1663 494; x_wconf 80' lang='lat' dir='ltr'>suspectam</span> 
     </span>
     <span class='ocr_line' id='line_1_4' title="bbox 307 500 1664 558; baseline -0.004 -10"><span class='ocrx_word' id='word_1_29' title='bbox 307 508 404 548; x_wconf 85' lang='lat' dir='ltr'><strong>fecit</strong></span> <span class='ocrx_word' id='word_1_30' title='bbox 440 520 526 546; x_wconf 89' lang='lat' dir='ltr'><strong>rem</strong></span> <span class='ocrx_word' id='word_1_31' title='bbox 557 510 597 545; x_wconf 88' lang='lat' dir='ltr'><strong>et</strong></span> <span class='ocrx_word' id='word_1_32' title='bbox 626 502 838 558; x_wconf 84' lang='lat' dir='ltr'>ingenium</span> <span class='ocrx_word' id='word_1_33' title='bbox 869 501 999 542; x_wconf 87' lang='lat' dir='ltr'><strong>Turni</strong></span> <span class='ocrx_word' id='word_1_34' title='bbox 1029 500 1147 541; x_wconf 78' lang='lat' dir='ltr'><strong>ferox</strong></span> <span class='ocrx_word' id='word_1_35' title='bbox 1177 507 1217 541; x_wconf 90' lang='lat' dir='ltr'><strong>et</strong></span> <span class='ocrx_word' id='word_1_36' title='bbox 1247 501 1384 549; x_wconf 28' lang='lat' dir='ltr'><strong>oratio-</strong></span> <span class='ocrx_word' id='word_1_37' title='bbox 1404 501 1596 543; x_wconf 80' lang='lat' dir='ltr'><strong>hesterna</strong></span> <span class='ocrx_word' id='word_1_38' title='bbox 1626 509 1664 543; x_wconf 81' lang='grc'><strong>01</strong></span> 
     </span>
     <span class='ocr_line' id='line_1_5' title="bbox 309 562 1665 619; baseline -0.004 -9"><span class='ocrx_word' id='word_1_39' title='bbox 309 584 423 609; x_wconf 87' lang='lat' dir='ltr'><strong>mora</strong></span> <span class='ocrx_word' id='word_1_40' title='bbox 455 565 688 619; x_wconf 84' lang='lat' dir='ltr'><strong>Tarquinii,</strong></span> <span class='ocrx_word' id='word_1_41' title='bbox 725 564 836 617; x_wconf 88' lang='lat' dir='ltr'><strong>quod</strong></span> <span class='ocrx_word' id='word_1_42' title='bbox 867 563 1084 604; x_wconf 84' lang='lat' dir='ltr'><strong>videbatur</strong></span> <span class='ocrx_word' id='word_1_43' title='bbox 1121 562 1173 604; x_wconf 90' lang='lat' dir='ltr'><strong>ob</strong></span> <span class='ocrx_word' id='word_1_44' title='bbox 1210 577 1301 603; x_wconf 87' lang='lat' dir='ltr'><strong>eam</strong></span> <span class='ocrx_word' id='word_1_45' title='bbox 1337 563 1491 604; x_wconf 86' lang='lat' dir='ltr'><strong>differri</strong></span> <span class='ocrx_word' id='word_1_46' title='bbox 1529 564 1665 605; x_wconf 79' lang='lat' dir='ltr'><strong>caedis</strong></span> 
     </span>
     <span class='ocr_line' id='line_1_6' title="bbox 308 624 1665 684; baseline -0.004 -13"><span class='ocrx_word' id='word_1_47' title='bbox 308 630 504 684; x_wconf 86' lang='lat' dir='ltr'><strong>potuisse.</strong></span> <span class='ocrx_word' id='word_1_48' title='bbox 553 635 652 669; x_wconf 87' lang='grc'><strong>011111</strong></span> <span class='ocrx_word' id='word_1_49' title='bbox 687 625 890 666; x_wconf 90' lang='lat' dir='ltr'><strong>inclinatis</strong></span> <span class='ocrx_word' id='word_1_50' title='bbox 927 625 1094 678; x_wconf 90' lang='lat' dir='ltr'><strong>quidem</strong></span> <span class='ocrx_word' id='word_1_51' title='bbox 1130 624 1184 665; x_wconf 89' lang='lat' dir='ltr'><strong>ad</strong></span> <span class='ocrx_word' id='word_1_52' title='bbox 1219 625 1469 666; x_wconf 87' lang='lat' dir='ltr'><strong>credendum</strong></span> <span class='ocrx_word' id='word_1_53' title='bbox 1505 626 1665 675; x_wconf 89' lang='lat' dir='ltr'><strong>animis,</strong></span> 
     </span>
     <span class='ocr_line' id='line_1_7' title="bbox 309 687 1666 744; baseline -0.002 -12"><span class='ocrx_word' id='word_1_54' title='bbox 309 699 464 740; x_wconf 87' lang='lat' dir='ltr'><strong>tamen,</strong></span> <span class='ocrx_word' id='word_1_55' title='bbox 491 689 572 731; x_wconf 87' lang='lat' dir='ltr'><strong>nisi</strong></span> <span class='ocrx_word' id='word_1_56' title='bbox 596 688 746 744; x_wconf 79' lang='lat' dir='ltr'>gladiis</span> <span class='ocrx_word' id='word_1_57' title='bbox 772 687 1060 741; x_wconf 72' lang='lat' dir='ltr'><strong>deprehensis,</strong></span> <span class='ocrx_word' id='word_1_58' title='bbox 1094 693 1228 727; x_wconf 88' lang='lat' dir='ltr'><strong>cetera</strong></span> <span class='ocrx_word' id='word_1_59' title='bbox 1251 701 1359 727; x_wconf 71' lang='lat' dir='ltr'><strong>vana</strong></span> <span class='ocrx_word' id='word_1_60' title='bbox 1384 688 1666 729; x_wconf 75' lang='lat' dir='ltr'><strong>existimaturi.</strong></span> 
     </span>
    </p>

    <p class='ocr_par' dir='ltr' id='par_1_4' title="bbox 264 748 1672 1053">
     <span class='ocr_line' id='line_1_8' title="bbox 264 748 1667 798; baseline -0.004 -2"><span class='ocrx_word' id='word_1_61' title='bbox 264 769 283 796; x_wconf 72' lang='grc' dir='ltr'>ὅ</span> <span class='ocrx_word' id='word_1_62' title='bbox 394 752 482 794; x_wconf 89' lang='lat' dir='ltr'><strong>Ubi</strong></span> <span class='ocrx_word' id='word_1_63' title='bbox 517 757 579 792; x_wconf 88' lang='lat' dir='ltr'><strong>est</strong></span> <span class='ocrx_word' id='word_1_64' title='bbox 615 765 663 791; x_wconf 92' lang='grc'><strong>00</strong></span> <span class='ocrx_word' id='word_1_65' title='bbox 694 755 881 798; x_wconf 81' lang='lat' dir='ltr'><strong>ventum,</strong></span> <span class='ocrx_word' id='word_1_66' title='bbox 920 748 1126 797; x_wconf 84' lang='lat' dir='ltr'><strong>Turnum,</strong></span> <span class='ocrx_word' id='word_1_67' title='bbox 1164 762 1216 789; x_wconf 80' lang='lat' dir='ltr'><strong>ex</strong></span> <span class='ocrx_word' id='word_1_68' title='bbox 1252 763 1396 790; x_wconf 88' lang='lat' dir='ltr'><strong>somno</strong></span> <span class='ocrx_word' id='word_1_69' title='bbox 1433 749 1667 798; x_wconf 75' lang='lat' dir='ltr'><strong>excitatum,</strong></span> 
     </span>
     <span class='ocr_line' id='line_1_9' title="bbox 311 810 1670 865; baseline -0.002 -10"><span class='ocrx_word' id='word_1_70' title='bbox 311 814 617 855; x_wconf 84' lang='lat' dir='ltr'><strong>circumsistunt</strong></span> <span class='ocrx_word' id='word_1_71' title='bbox 641 811 852 860; x_wconf 81' lang='lat' dir='ltr'><strong>custodes,</strong></span> <span class='ocrx_word' id='word_1_72' title='bbox 894 810 1268 865; x_wconf 82' lang='lat' dir='ltr'><strong>conprehensisque</strong></span> <span class='ocrx_word' id='word_1_73' title='bbox 1293 811 1442 861; x_wconf 81' lang='lat' dir='ltr'><strong>servis,</strong></span> <span class='ocrx_word' id='word_1_74' title='bbox 1474 812 1544 864; x_wconf 91' lang='lat' dir='ltr'><strong>qui</strong></span> <span class='ocrx_word' id='word_1_75' title='bbox 1569 812 1670 852; x_wconf 87' lang='lat' dir='ltr'><strong>cari-</strong></span> 
     </span>
     <span class='ocr_line' id='line_1_10' title="bbox 311 872 1669 928; baseline -0.003 -10"><span class='ocrx_word' id='word_1_76' title='bbox 311 883 393 918; x_wconf 87' lang='lat' dir='ltr'><strong>tate</strong></span> <span class='ocrx_word' id='word_1_77' title='bbox 424 875 579 917; x_wconf 86' lang='lat' dir='ltr'><strong>domini</strong></span> <span class='ocrx_word' id='word_1_78' title='bbox 609 875 693 915; x_wconf 70' lang='lat' dir='ltr'><strong>vim</strong></span> <span class='ocrx_word' id='word_1_79' title='bbox 724 873 942 928; x_wconf 85' lang='lat' dir='ltr'><strong>parabant,</strong></span> <span class='ocrx_word' id='word_1_80' title='bbox 974 887 1068 914; x_wconf 90' lang='lat' dir='ltr'><strong>cum</strong></span> <span class='ocrx_word' id='word_1_81' title='bbox 1098 872 1226 927; x_wconf 83' lang='lat' dir='ltr'><strong>gladii</strong></span> <span class='ocrx_word' id='word_1_82' title='bbox 1251 872 1378 913; x_wconf 85' lang='lat' dir='ltr'><strong>abditi</strong></span> <span class='ocrx_word' id='word_1_83' title='bbox 1403 888 1456 914; x_wconf 83' lang='lat' dir='ltr'><strong>ex</strong></span> <span class='ocrx_word' id='word_1_84' title='bbox 1480 873 1669 915; x_wconf 88' lang='lat' dir='ltr'><strong>omnibus</strong></span> 
     </span>
     <span class='ocr_line' id='line_1_11' title="bbox 311 934 1671 989; baseline -0.003 -9"><span class='ocrx_word' id='word_1_85' title='bbox 311 939 411 980; x_wconf 88' lang='lat' dir='ltr'><strong>locis</strong></span> <span class='ocrx_word' id='word_1_86' title='bbox 449 936 687 979; x_wconf 78' lang='lat' dir='ltr'><strong>deverticuli</strong></span> <span class='ocrx_word' id='word_1_87' title='bbox 723 934 1069 989; x_wconf 78' lang='lat' dir='ltr'><strong>protraherentur,</strong></span> <span class='ocrx_word' id='word_1_88' title='bbox 1107 934 1315 975; x_wconf 79' lang='lat' dir='ltr'><strong>enimvero</strong></span> <span class='ocrx_word' id='word_1_89' title='bbox 1351 935 1571 976; x_wconf 85' lang='lat' dir='ltr'><strong>manifesta</strong></span> <span class='ocrx_word' id='word_1_90' title='bbox 1605 950 1671 976; x_wconf 86' lang='lat' dir='ltr'><strong>res</strong></span> 
     </span>
     <span class='ocr_line' id='line_1_12' title="bbox 311 996 1672 1053; baseline -0.003 -11"><span class='ocrx_word' id='word_1_91' title='bbox 311 1001 401 1042; x_wconf 74' lang='lat' dir='ltr'><strong>visa</strong></span> <span class='ocrx_word' id='word_1_92' title='bbox 430 1000 684 1053; x_wconf 80' lang='lat' dir='ltr'><strong>iniectaeque</strong></span> <span class='ocrx_word' id='word_1_93' title='bbox 716 997 858 1038; x_wconf 87' lang='lat' dir='ltr'><strong>Turno</strong></span> <span class='ocrx_word' id='word_1_94' title='bbox 890 1003 1076 1046; x_wconf 88' lang='lat' dir='ltr'><strong>catenae,</strong></span> <span class='ocrx_word' id='word_1_95' title='bbox 1115 1003 1155 1037; x_wconf 90' lang='lat' dir='ltr'><strong>et</strong></span> <span class='ocrx_word' id='word_1_96' title='bbox 1185 996 1402 1038; x_wconf 82' lang='lat' dir='ltr'><strong>confestim</strong></span> <span class='ocrx_word' id='word_1_97' title='bbox 1427 998 1672 1038; x_wconf 87' lang='lat' dir='ltr'><strong>Latinorum</strong></span> 
     </span>
    </p>

    <p class='ocr_par' dir='ltr' id='par_1_5' title="bbox 270 1058 1674 1302">
     <span class='ocr_line' id='line_1_13' title="bbox 270 1058 1674 1115; baseline -0.002 -12"><span class='ocrx_word' id='word_1_98' title='bbox 270 1078 286 1103; x_wconf 68' lang='grc'><strong>11</strong></span> <span class='ocrx_word' id='word_1_99' title='bbox 314 1062 534 1103; x_wconf 88' lang='lat' dir='ltr'><strong>concilium</strong></span> <span class='ocrx_word' id='word_1_100' title='bbox 564 1075 716 1115; x_wconf 90' lang='lat' dir='ltr'><strong>magno</strong></span> <span class='ocrx_word' id='word_1_101' title='bbox 748 1074 842 1100; x_wconf 89' lang='lat' dir='ltr'><strong>cum</strong></span> <span class='ocrx_word' id='word_1_102' title='bbox 874 1059 1053 1099; x_wconf 87' lang='lat' dir='ltr'><strong>tumultu</strong></span> <span class='ocrx_word' id='word_1_103' title='bbox 1083 1058 1317 1099; x_wconf 82' lang='lat' dir='ltr'><strong>advocatur.</strong></span> <span class='ocrx_word' id='word_1_104' title='bbox 1366 1059 1425 1100; x_wconf 87' lang='lat' dir='ltr'><strong>ibi</strong></span> <span class='ocrx_word' id='word_1_105' title='bbox 1449 1065 1533 1100; x_wconf 88' lang='lat' dir='ltr'><strong>tam</strong></span> <span class='ocrx_word' id='word_1_106' title='bbox 1559 1071 1674 1100; x_wconf 86' lang='lat' dir='ltr'><strong>atrox</strong></span> 
     </span>
     <span class='ocr_line' id='line_1_14' title="bbox 314 1120 1673 1176; baseline -0.002 -12"><span class='ocrx_word' id='word_1_107' title='bbox 314 1124 469 1164; x_wconf 71' lang='lat' dir='ltr'><strong>invidia</strong></span> <span class='ocrx_word' id='word_1_108' title='bbox 493 1129 583 1164; x_wconf 89' lang='lat' dir='ltr'><strong>orta</strong></span> <span class='ocrx_word' id='word_1_109' title='bbox 608 1128 671 1162; x_wconf 88' lang='lat' dir='ltr'><strong>cst</strong></span> <span class='ocrx_word' id='word_1_110' title='bbox 695 1121 843 1176; x_wconf 81' lang='lat' dir='ltr'><strong>gladiis</strong></span> <span class='ocrx_word' id='word_1_111' title='bbox 868 1121 911 1161; x_wconf 90' lang='lat' dir='ltr'><strong>in</strong></span> <span class='ocrx_word' id='word_1_112' title='bbox 929 1120 1065 1161; x_wconf 89' lang='lat' dir='ltr'><strong>medio</strong></span> <span class='ocrx_word' id='word_1_113' title='bbox 1085 1120 1249 1174; x_wconf 83' lang='lat' dir='ltr'><strong>positis,</strong></span> <span class='ocrx_word' id='word_1_114' title='bbox 1294 1127 1339 1161; x_wconf 92' lang='grc'><strong>111</strong></span> <span class='ocrx_word' id='word_1_115' title='bbox 1364 1121 1517 1162; x_wconf 88' lang='lat' dir='ltr'><strong>indicta</strong></span> <span class='ocrx_word' id='word_1_116' title='bbox 1536 1136 1673 1169; x_wconf 88' lang='lat' dir='ltr'><strong>eausa,</strong></span> 
     </span>
     <span class='ocr_line' id='line_1_15' title="bbox 315 1182 1674 1240; baseline -0.003 -13"><span class='ocrx_word' id='word_1_117' title='bbox 315 1201 422 1227; x_wconf 85' lang='lat' dir='ltr'><strong>novo</strong></span> <span class='ocrx_word' id='word_1_118' title='bbox 447 1199 598 1240; x_wconf 80' lang='lat' dir='ltr'><strong>genere</strong></span> <span class='ocrx_word' id='word_1_119' title='bbox 623 1183 693 1224; x_wconf 89' lang='lat' dir='ltr'><strong>leti</strong></span> <span class='ocrx_word' id='word_1_120' title='bbox 719 1183 900 1223; x_wconf 86' lang='lat' dir='ltr'><strong>deiectus</strong></span> <span class='ocrx_word' id='word_1_121' title='bbox 927 1182 979 1222; x_wconf 88' lang='lat' dir='ltr'><strong>ad</strong></span> <span class='ocrx_word' id='word_1_122' title='bbox 1004 1189 1128 1236; x_wconf 85' lang='lat' dir='ltr'><strong>eaput</strong></span> <span class='ocrx_word' id='word_1_123' title='bbox 1153 1196 1283 1235; x_wconf 89' lang='lat' dir='ltr'><strong>aquae</strong></span> <span class='ocrx_word' id='word_1_124' title='bbox 1302 1182 1546 1224; x_wconf 82' lang='lat' dir='ltr'><strong>Ferentinae</strong></span> <span class='ocrx_word' id='word_1_125' title='bbox 1566 1188 1674 1223; x_wconf 84' lang='lat' dir='ltr'><strong>crate</strong></span> 
     </span>
     <span class='ocr_line' id='line_1_16' title="bbox 317 1243 1408 1302; baseline -0.005 -14"><span class='ocrx_word' id='word_1_126' title='bbox 317 1261 491 1302; x_wconf 81' lang='lat' dir='ltr'><strong>superne</strong></span> <span class='ocrx_word' id='word_1_127' title='bbox 517 1246 663 1286; x_wconf 87' lang='lat' dir='ltr'><strong>iniecta</strong></span> <span class='ocrx_word' id='word_1_128' title='bbox 690 1244 884 1296; x_wconf 79' lang='lat' dir='ltr'><strong>saxisque</strong></span> <span class='ocrx_word' id='word_1_129' title='bbox 910 1243 1117 1298; x_wconf 72' lang='lat' dir='ltr'><strong>congestis</strong></span> <span class='ocrx_word' id='word_1_130' title='bbox 1143 1250 1408 1298; x_wconf 86' lang='lat' dir='ltr'><strong>mergeretur.</strong></span> 
     </span>
    </p>

    <p class='ocr_par' dir='ltr' id='par_1_6' title="bbox 275 1304 1677 1487">
     <span class='ocr_line' id='line_1_17' title="bbox 275 1304 1676 1359; baseline -0.003 -10"><span class='ocrx_word' id='word_1_131' title='bbox 275 1326 288 1353; x_wconf 93' lang='lat'>1</span> <span class='ocrx_word' id='word_1_132' title='bbox 399 1307 500 1349; x_wconf 86' lang='lat' dir='ltr'><strong>LII.</strong></span> <span class='ocrx_word' id='word_1_133' title='bbox 550 1306 770 1347; x_wconf 80' lang='lat' dir='ltr'><strong>Revocatis</strong></span> <span class='ocrx_word' id='word_1_134' title='bbox 802 1305 949 1346; x_wconf 84' lang='lat' dir='ltr'><strong>deinde</strong></span> <span class='ocrx_word' id='word_1_135' title='bbox 980 1305 1033 1346; x_wconf 85' lang='lat' dir='ltr'><strong>ad</strong></span> <span class='ocrx_word' id='word_1_136' title='bbox 1063 1304 1279 1346; x_wconf 90' lang='lat' dir='ltr'><strong>concilium</strong></span> <span class='ocrx_word' id='word_1_137' title='bbox 1310 1305 1475 1346; x_wconf 85' lang='lat' dir='ltr'><strong>Latinis</strong></span> <span class='ocrx_word' id='word_1_138' title='bbox 1501 1305 1676 1359; x_wconf 86' lang='lat' dir='ltr'><strong>Tarqui-</strong></span> 
     </span>
     <span class='ocr_line' id='line_1_18' title="bbox 316 1367 1677 1422; baseline -0.002 -11"><span class='ocrx_word' id='word_1_139' title='bbox 316 1371 409 1411; x_wconf 88' lang='lat' dir='ltr'><strong>nius</strong></span> <span class='ocrx_word' id='word_1_140' title='bbox 436 1369 786 1421; x_wconf 84' lang='lat' dir='ltr'><strong>conlaudatisque,</strong></span> <span class='ocrx_word' id='word_1_141' title='bbox 812 1367 883 1421; x_wconf 86' lang='lat' dir='ltr'><strong>qui</strong></span> <span class='ocrx_word' id='word_1_142' title='bbox 908 1367 1095 1407; x_wconf 88' lang='lat' dir='ltr'><strong>Turnum</strong></span> <span class='ocrx_word' id='word_1_143' title='bbox 1120 1374 1340 1408; x_wconf 81' lang='lat' dir='ltr'><strong>novantem</strong></span> <span class='ocrx_word' id='word_1_144' title='bbox 1364 1382 1429 1408; x_wconf 87' lang='lat' dir='ltr'><strong>res</strong></span> <span class='ocrx_word' id='word_1_145' title='bbox 1449 1382 1522 1422; x_wconf 91' lang='lat' dir='ltr'><strong>pro</strong></span> <span class='ocrx_word' id='word_1_146' title='bbox 1547 1368 1677 1408; x_wconf 85' lang='lat' dir='ltr'><strong>mani-</strong></span> 
     </span>
     <span class='ocr_line' id='line_1_19' title="bbox 318 1429 1675 1487; baseline -0.003 -14"><span class='ocrx_word' id='word_1_147' title='bbox 318 1433 425 1473; x_wconf 86' lang='lat' dir='ltr'><strong>festo</strong></span> <span class='ocrx_word' id='word_1_148' title='bbox 450 1431 668 1487; x_wconf 83' lang='lat' dir='ltr'><strong>parricidio</strong></span> <span class='ocrx_word' id='word_1_149' title='bbox 693 1430 839 1471; x_wconf 84' lang='lat' dir='ltr'><strong>merita</strong></span> <span class='ocrx_word' id='word_1_150' title='bbox 862 1444 995 1484; x_wconf 87' lang='lat' dir='ltr'><strong>poena</strong></span> <span class='ocrx_word' id='word_1_151' title='bbox 1025 1429 1293 1479; x_wconf 84' lang='lat' dir='ltr'><strong>adfecissent,</strong></span> <span class='ocrx_word' id='word_1_152' title='bbox 1325 1429 1382 1470; x_wconf 89' lang='lat' dir='ltr'><strong>ita</strong></span> <span class='ocrx_word' id='word_1_153' title='bbox 1405 1429 1531 1470; x_wconf 65' lang='lat' dir='ltr'><strong>verba</strong></span> <span class='ocrx_word' id='word_1_154' title='bbox 1561 1429 1675 1470; x_wconf 85' lang='lat' dir='ltr'><strong>fecit:</strong></span> 
     </span>
    </p>

    <p class='ocr_par' dir='ltr' id='par_1_7' title="bbox 274 1492 1680 1658">
     <span class='ocr_line' id='line_1_20' title="bbox 274 1492 1676 1549; baseline -0.004 -13"><span class='ocrx_word' id='word_1_155' title='bbox 274 1509 292 1538; x_wconf 77' lang='lat'>2</span> <span class='ocrx_word' id='word_1_156' title='bbox 319 1509 442 1549; x_wconf 88' lang='lat' dir='ltr'><strong>posse</strong></span> <span class='ocrx_word' id='word_1_157' title='bbox 478 1493 645 1547; x_wconf 89' lang='lat' dir='ltr'><strong>quidem</strong></span> <span class='ocrx_word' id='word_1_158' title='bbox 677 1507 720 1533; x_wconf 88' lang='lat' dir='ltr'><strong>se</strong></span> <span class='ocrx_word' id='word_1_159' title='bbox 751 1498 913 1533; x_wconf 74' lang='lat' dir='ltr'><strong>vetusto</strong></span> <span class='ocrx_word' id='word_1_160' title='bbox 943 1492 1030 1532; x_wconf 92' lang='lat' dir='ltr'><strong>iure</strong></span> <span class='ocrx_word' id='word_1_161' title='bbox 1062 1505 1202 1546; x_wconf 86' lang='lat' dir='ltr'><strong>agere,</strong></span> <span class='ocrx_word' id='word_1_162' title='bbox 1243 1492 1372 1544; x_wconf 88' lang='lat' dir='ltr'><strong>quod,</strong></span> <span class='ocrx_word' id='word_1_163' title='bbox 1411 1506 1505 1532; x_wconf 90' lang='lat' dir='ltr'><strong>cum</strong></span> <span class='ocrx_word' id='word_1_164' title='bbox 1535 1506 1676 1533; x_wconf 80' lang='lat' dir='ltr'><strong>omnes</strong></span> 
     </span>
     <span class='ocr_line' id='line_1_21' title="bbox 320 1552 1680 1606; baseline -0.001 -10"><span class='ocrx_word' id='word_1_165' title='bbox 320 1556 461 1596; x_wconf 83' lang='lat' dir='ltr'><strong>Latini</strong></span> <span class='ocrx_word' id='word_1_166' title='bbox 486 1555 537 1595; x_wconf 87' lang='lat' dir='ltr'><strong>ab</strong></span> <span class='ocrx_word' id='word_1_167' title='bbox 563 1554 675 1595; x_wconf 75' lang='lat' dir='ltr'><strong>Alba</strong></span> <span class='ocrx_word' id='word_1_168' title='bbox 699 1554 860 1595; x_wconf 90' lang='lat' dir='ltr'><strong>oriundi</strong></span> <span class='ocrx_word' id='word_1_169' title='bbox 886 1553 984 1602; x_wconf 86' lang='lat' dir='ltr'><strong>sint,</strong></span> <span class='ocrx_word' id='word_1_170' title='bbox 1010 1553 1052 1592; x_wconf 88' lang='lat' dir='ltr'><strong>in</strong></span> <span class='ocrx_word' id='word_1_171' title='bbox 1077 1567 1126 1593; x_wconf 92' lang='lat' dir='ltr'><strong>eo</strong></span> <span class='ocrx_word' id='word_1_172' title='bbox 1151 1552 1317 1593; x_wconf 87' lang='lat' dir='ltr'><strong>foedere</strong></span> <span class='ocrx_word' id='word_1_173' title='bbox 1342 1559 1570 1602; x_wconf 80' lang='lat' dir='ltr'><strong>tencantur,</strong></span> <span class='ocrx_word' id='word_1_174' title='bbox 1597 1567 1680 1606; x_wconf 87' lang='lat' dir='ltr'><strong>quo</strong></span> 
     </span>
     <span class='ocr_line' id='line_1_22' title="bbox 320 1614 1677 1658; baseline -0.003 0"><span class='ocrx_word' id='word_1_175' title='bbox 320 1617 371 1658; x_wconf 84' lang='lat' dir='ltr'><strong>ab</strong></span> <span class='ocrx_word' id='word_1_176' title='bbox 392 1616 513 1657; x_wconf 84' lang='lat' dir='ltr'><strong>Tullo</strong></span> <span class='ocrx_word' id='word_1_177' title='bbox 538 1630 603 1657; x_wconf 89' lang='lat' dir='ltr'><strong>res</strong></span> <span class='ocrx_word' id='word_1_178' title='bbox 629 1616 761 1656; x_wconf 88' lang='lat' dir='ltr'><strong>omnis</strong></span> <span class='ocrx_word' id='word_1_179' title='bbox 782 1614 950 1655; x_wconf 84' lang='lat' dir='ltr'><strong>Albana</strong></span> <span class='ocrx_word' id='word_1_180' title='bbox 975 1628 1069 1654; x_wconf 88' lang='lat' dir='ltr'><strong>cum</strong></span> <span class='ocrx_word' id='word_1_181' title='bbox 1088 1614 1257 1655; x_wconf 90' lang='lat' dir='ltr'><strong>coloniis</strong></span> <span class='ocrx_word' id='word_1_182' title='bbox 1279 1614 1364 1655; x_wconf 89' lang='lat' dir='ltr'><strong>suis</strong></span> <span class='ocrx_word' id='word_1_183' title='bbox 1385 1615 1426 1655; x_wconf 90' lang='lat' dir='ltr'><strong>in</strong></span> <span class='ocrx_word' id='word_1_184' title='bbox 1444 1615 1677 1656; x_wconf 81' lang='lat' dir='ltr'><strong>Romanum</strong></span> 
     </span>
    </p>

    <p class='ocr_par' dir='ltr' id='par_1_8' title="bbox 276 1675 1685 2043">
     <span class='ocr_line' id='line_1_23' title="bbox 276 1675 1680 1731; baseline -0.004 -11"><span class='ocrx_word' id='word_1_185' title='bbox 276 1695 294 1723; x_wconf 78' lang='lat'>3</span> <span class='ocrx_word' id='word_1_186' title='bbox 321 1679 489 1720; x_wconf 88' lang='lat' dir='ltr'><strong>cesserit</strong></span> <span class='ocrx_word' id='word_1_187' title='bbox 518 1678 755 1731; x_wconf 83' lang='lat' dir='ltr'><strong>imperium3</strong></span> <span class='ocrx_word' id='word_1_188' title='bbox 788 1683 968 1717; x_wconf 86' lang='lat' dir='ltr'><strong>ceterum</strong></span> <span class='ocrx_word' id='word_1_189' title='bbox 996 1690 1039 1715; x_wconf 86' lang='lat' dir='ltr'><strong>se</strong></span> <span class='ocrx_word' id='word_1_190' title='bbox 1064 1675 1248 1716; x_wconf 78' lang='lat' dir='ltr'><strong>utilitatis</strong></span> <span class='ocrx_word' id='word_1_191' title='bbox 1274 1676 1316 1715; x_wconf 90' lang='lat' dir='ltr'><strong>id</strong></span> <span class='ocrx_word' id='word_1_192' title='bbox 1339 1676 1473 1730; x_wconf 88' lang='lat' dir='ltr'><strong>magis</strong></span> <span class='ocrx_word' id='word_1_193' title='bbox 1498 1676 1680 1717; x_wconf 91' lang='lat' dir='ltr'><strong>omnium</strong></span> 
     </span>
     <span class='ocr_line' id='line_1_24' title="bbox 321 1738 1680 1793; baseline -0.002 -11"><span class='ocrx_word' id='word_1_194' title='bbox 321 1755 447 1782; x_wconf 87' lang='lat' dir='ltr'><strong>causa</strong></span> <span class='ocrx_word' id='word_1_195' title='bbox 477 1754 662 1788; x_wconf 89' lang='lat' dir='ltr'><strong>censere,</strong></span> <span class='ocrx_word' id='word_1_196' title='bbox 700 1746 745 1779; x_wconf 91' lang='lat' dir='ltr'><strong>ut</strong></span> <span class='ocrx_word' id='word_1_197' title='bbox 776 1745 995 1780; x_wconf 77' lang='lat' dir='ltr'><strong>renovetur</strong></span> <span class='ocrx_word' id='word_1_198' title='bbox 1019 1738 1061 1778; x_wconf 90' lang='lat' dir='ltr'><strong>id</strong></span> <span class='ocrx_word' id='word_1_199' title='bbox 1085 1738 1232 1778; x_wconf 80' lang='lat' dir='ltr'><strong>foedus</strong></span> <span class='ocrx_word' id='word_1_200' title='bbox 1259 1738 1521 1791; x_wconf 86' lang='lat' dir='ltr'><strong>secundaque</strong></span> <span class='ocrx_word' id='word_1_201' title='bbox 1545 1739 1680 1793; x_wconf 88' lang='lat' dir='ltr'><strong>potius</strong></span> 
     </span>
     <span class='ocr_line' id='line_1_25' title="bbox 321 1800 1682 1857; baseline -0.002 -14"><span class='ocrx_word' id='word_1_202' title='bbox 321 1803 486 1844; x_wconf 83' lang='lat' dir='ltr'><strong>fortuna</strong></span> <span class='ocrx_word' id='word_1_203' title='bbox 509 1802 651 1857; x_wconf 91' lang='lat' dir='ltr'><strong>populi</strong></span> <span class='ocrx_word' id='word_1_204' title='bbox 670 1801 848 1842; x_wconf 85' lang='lat' dir='ltr'><strong>Romani</strong></span> <span class='ocrx_word' id='word_1_205' title='bbox 869 1807 913 1841; x_wconf 84' lang='lat' dir='ltr'><strong>ut</strong></span> <span class='ocrx_word' id='word_1_206' title='bbox 931 1800 1151 1855; x_wconf 83' lang='lat' dir='ltr'><strong>participes</strong></span> <span class='ocrx_word' id='word_1_207' title='bbox 1171 1800 1314 1841; x_wconf 90' lang='lat' dir='ltr'><strong>Latini</strong></span> <span class='ocrx_word' id='word_1_208' title='bbox 1333 1800 1532 1850; x_wconf 87' lang='lat' dir='ltr'><strong>fruantur,</strong></span> <span class='ocrx_word' id='word_1_209' title='bbox 1559 1815 1682 1854; x_wconf 87' lang='lat' dir='ltr'><strong>quam</strong></span> 
     </span>
     <span class='ocr_line' id='line_1_26' title="bbox 322 1861 1682 1918; baseline -0.002 -12"><span class='ocrx_word' id='word_1_210' title='bbox 322 1864 486 1906; x_wconf 90' lang='lat' dir='ltr'><strong>urbium</strong></span> <span class='ocrx_word' id='word_1_211' title='bbox 506 1864 667 1905; x_wconf 84' lang='lat' dir='ltr'><strong>excidia</strong></span> <span class='ocrx_word' id='word_1_212' title='bbox 686 1863 1020 1916; x_wconf 81' lang='lat' dir='ltr'><strong>vastationesque</strong></span> <span class='ocrx_word' id='word_1_213' title='bbox 1040 1877 1245 1917; x_wconf 87' lang='lat' dir='ltr'><strong>agrorum,</strong></span> <span class='ocrx_word' id='word_1_214' title='bbox 1290 1878 1394 1918; x_wconf 87' lang='lat' dir='ltr'><strong>quas</strong></span> <span class='ocrx_word' id='word_1_215' title='bbox 1415 1861 1536 1904; x_wconf 88' lang='lat' dir='ltr'><strong>Anco</strong></span> <span class='ocrx_word' id='word_1_216' title='bbox 1556 1863 1682 1917; x_wconf 83' lang='lat' dir='ltr'><strong>prius,</strong></span> 
     </span>
     <span class='ocr_line' id='line_1_27' title="bbox 323 1925 1685 1982; baseline -0.001 -15"><span class='ocrx_word' id='word_1_217' title='bbox 323 1933 437 1982; x_wconf 87' lang='lat' dir='ltr'><strong>patre</strong></span> <span class='ocrx_word' id='word_1_218' title='bbox 463 1927 611 1967; x_wconf 87' lang='lat' dir='ltr'><strong>deinde</strong></span> <span class='ocrx_word' id='word_1_219' title='bbox 637 1940 712 1967; x_wconf 88' lang='lat' dir='ltr'><strong>suo</strong></span> <span class='ocrx_word' id='word_1_220' title='bbox 737 1931 936 1980; x_wconf 85' lang='lat' dir='ltr'><strong>regnante</strong></span> <span class='ocrx_word' id='word_1_221' title='bbox 986 1925 1175 1980; x_wconf 86' lang='lat' dir='ltr'><strong>perpessi</strong></span> <span class='ocrx_word' id='word_1_222' title='bbox 1200 1925 1300 1975; x_wconf 86' lang='lat' dir='ltr'><strong>sint,</strong></span> <span class='ocrx_word' id='word_1_223' title='bbox 1333 1939 1495 1980; x_wconf 85' lang='lat' dir='ltr'><strong>semper</strong></span> <span class='ocrx_word' id='word_1_224' title='bbox 1520 1931 1590 1966; x_wconf 83' lang='lat' dir='ltr'><strong>aut</strong></span> <span class='ocrx_word' id='word_1_225' title='bbox 1615 1939 1685 1965; x_wconf 79' lang='lat' dir='ltr'><strong>ex-</strong></span> 
     </span>
     <span class='ocr_line' id='line_1_28' title="bbox 325 1988 848 2043; baseline -0.004 -13"><span class='ocrx_word' id='word_1_226' title='bbox 325 1995 510 2043; x_wconf 87' lang='lat' dir='ltr'><strong>spectent</strong></span> <span class='ocrx_word' id='word_1_227' title='bbox 534 1994 605 2029; x_wconf 89' lang='lat' dir='ltr'><strong>aut</strong></span> <span class='ocrx_word' id='word_1_228' title='bbox 629 1988 848 2042; x_wconf 87' lang='lat' dir='ltr'><strong>patiantur.</strong></span> 
     </span>
    </p>

    <p class='ocr_par' dir='ltr' id='par_1_9' title="bbox 280 2049 1687 2291">
     <span class='ocr_line' id='line_1_29' title="bbox 280 2049 1685 2104; baseline -0.002 -12"><span class='ocrx_word' id='word_1_229' title='bbox 280 2065 298 2092; x_wconf 68' lang='grc'><strong>4</strong></span> <span class='ocrx_word' id='word_1_230' title='bbox 408 2051 526 2092; x_wconf 87' lang='lat' dir='ltr'><strong>Haut</strong></span> <span class='ocrx_word' id='word_1_231' title='bbox 562 2050 785 2095; x_wconf 88' lang='lat' dir='ltr'><strong>difficulter</strong></span> <span class='ocrx_word' id='word_1_232' title='bbox 808 2064 1054 2104; x_wconf 87' lang='lat' dir='ltr'><strong>persuasum</strong></span> <span class='ocrx_word' id='word_1_233' title='bbox 1079 2049 1262 2099; x_wconf 88' lang='lat' dir='ltr'><strong>Latinis,</strong></span> <span class='ocrx_word' id='word_1_234' title='bbox 1294 2063 1545 2102; x_wconf 88' lang='lat' dir='ltr'><strong>quamquam</strong></span> <span class='ocrx_word' id='word_1_235' title='bbox 1570 2049 1612 2089; x_wconf 94' lang='lat' dir='ltr'><strong>in</strong></span> <span class='ocrx_word' id='word_1_236' title='bbox 1637 2063 1685 2089; x_wconf 92' lang='grc'><strong>00</strong></span> 
     </span>
     <span class='ocr_line' id='line_1_30' title="bbox 324 2111 1686 2167; baseline -0.003 -13"><span class='ocrx_word' id='word_1_237' title='bbox 324 2114 490 2155; x_wconf 80' lang='lat' dir='ltr'><strong>foedere</strong></span> <span class='ocrx_word' id='word_1_238' title='bbox 517 2113 703 2167; x_wconf 86' lang='lat' dir='ltr'><strong>superior</strong></span> <span class='ocrx_word' id='word_1_239' title='bbox 726 2112 916 2153; x_wconf 82' lang='lat' dir='ltr'><strong>Romana</strong></span> <span class='ocrx_word' id='word_1_240' title='bbox 939 2126 1004 2153; x_wconf 89' lang='lat' dir='ltr'><strong>res</strong></span> <span class='ocrx_word' id='word_1_241' title='bbox 1031 2118 1128 2152; x_wconf 86' lang='lat' dir='ltr'><strong>erat.</strong></span> <span class='ocrx_word' id='word_1_242' title='bbox 1184 2118 1365 2152; x_wconf 87' lang='lat' dir='ltr'><strong>ceterum</strong></span> <span class='ocrx_word' id='word_1_243' title='bbox 1390 2117 1430 2151; x_wconf 89' lang='lat' dir='ltr'><strong>et</strong></span> <span class='ocrx_word' id='word_1_244' title='bbox 1455 2111 1589 2165; x_wconf 86' lang='lat' dir='ltr'><strong>capita</strong></span> <span class='ocrx_word' id='word_1_245' title='bbox 1613 2125 1686 2151; x_wconf 93' lang='lat' dir='ltr'><strong>no-</strong></span> 
     </span>
     <span class='ocr_line' id='line_1_31' title="bbox 326 2172 1685 2227; baseline -0.003 -11"><span class='ocrx_word' id='word_1_246' title='bbox 326 2175 446 2216; x_wconf 86' lang='lat' dir='ltr'><strong>minis</strong></span> <span class='ocrx_word' id='word_1_247' title='bbox 466 2175 608 2216; x_wconf 84' lang='lat' dir='ltr'><strong>Latini</strong></span> <span class='ocrx_word' id='word_1_248' title='bbox 635 2180 742 2215; x_wconf 87' lang='lat' dir='ltr'><strong>stare</strong></span> <span class='ocrx_word' id='word_1_249' title='bbox 767 2189 814 2215; x_wconf 85' lang='lat' dir='ltr'><strong>ac</strong></span> <span class='ocrx_word' id='word_1_250' title='bbox 840 2174 990 2215; x_wconf 87' lang='lat' dir='ltr'><strong>sentire</strong></span> <span class='ocrx_word' id='word_1_251' title='bbox 1015 2188 1110 2214; x_wconf 90' lang='grc'><strong>011111</strong></span> <span class='ocrx_word' id='word_1_252' title='bbox 1130 2187 1228 2227; x_wconf 88' lang='lat' dir='ltr'><strong>rege</strong></span> <span class='ocrx_word' id='word_1_253' title='bbox 1247 2172 1441 2213; x_wconf 67' lang='lat' dir='ltr'><strong>videbant</strong></span> <span class='ocrx_word' id='word_1_254' title='bbox 1460 2180 1499 2212; x_wconf 92' lang='grc'><strong>01</strong></span> <span class='ocrx_word' id='word_1_255' title='bbox 1518 2172 1685 2213; x_wconf 85' lang='lat' dir='ltr'><strong>Turnus</strong></span> 
     </span>
     <span class='ocr_line' id='line_1_32' title="bbox 328 2234 1687 2291; baseline -0.003 -13"><span class='ocrx_word' id='word_1_256' title='bbox 328 2237 391 2279; x_wconf 86' lang='lat' dir='ltr'><strong>sui</strong></span> <span class='ocrx_word' id='word_1_257' title='bbox 416 2237 565 2290; x_wconf 87' lang='lat' dir='ltr'><strong>cuique</strong></span> <span class='ocrx_word' id='word_1_258' title='bbox 589 2236 780 2291; x_wconf 88' lang='lat' dir='ltr'><strong>periculi,</strong></span> <span class='ocrx_word' id='word_1_259' title='bbox 807 2236 842 2276; x_wconf 85' lang='lat' dir='ltr'><strong>si</strong></span> <span class='ocrx_word' id='word_1_260' title='bbox 867 2236 1108 2277; x_wconf 85' lang='lat' dir='ltr'><strong>adversatus</strong></span> <span class='ocrx_word' id='word_1_261' title='bbox 1129 2240 1256 2284; x_wconf 88' lang='lat' dir='ltr'><strong>esset,</strong></span> <span class='ocrx_word' id='word_1_262' title='bbox 1282 2249 1425 2275; x_wconf 86' lang='lat' dir='ltr'><strong>recens</strong></span> <span class='ocrx_word' id='word_1_263' title='bbox 1451 2241 1537 2275; x_wconf 86' lang='lat' dir='ltr'><strong>erat</strong></span> <span class='ocrx_word' id='word_1_264' title='bbox 1561 2234 1687 2275; x_wconf 84' lang='lat' dir='ltr'><strong>docu-</strong></span> 
     </span>
    </p>

    <p class='ocr_par' dir='ltr' id='par_1_10' title="bbox 284 2296 1688 2413">
     <span class='ocr_line' id='line_1_33' title="bbox 284 2296 1686 2350; baseline -0.004 -9"><span class='ocrx_word' id='word_1_265' title='bbox 284 2314 302 2342; x_wconf 79' lang='grc'>5</span> <span class='ocrx_word' id='word_1_266' title='bbox 327 2306 524 2341; x_wconf 79' lang='lat' dir='ltr'><strong>mentum.</strong></span> <span class='ocrx_word' id='word_1_267' title='bbox 584 2300 643 2340; x_wconf 89' lang='lat' dir='ltr'><strong>ita</strong></span> <span class='ocrx_word' id='word_1_268' title='bbox 682 2304 922 2339; x_wconf 76' lang='lat' dir='ltr'><strong>renovatum</strong></span> <span class='ocrx_word' id='word_1_269' title='bbox 960 2297 1107 2338; x_wconf 88' lang='lat' dir='ltr'><strong>foedus</strong></span> <span class='ocrx_word' id='word_1_270' title='bbox 1143 2297 1423 2350; x_wconf 86' lang='lat' dir='ltr'><strong>indictumque</strong></span> <span class='ocrx_word' id='word_1_271' title='bbox 1458 2296 1686 2337; x_wconf 88' lang='lat' dir='ltr'><strong>iunioribus</strong></span> 
     </span>
     <span class='ocr_line' id='line_1_34' title="bbox 327 2359 1688 2413; baseline -0.004 -9"><span class='ocrx_word' id='word_1_272' title='bbox 327 2363 593 2413; x_wconf 87' lang='lat' dir='ltr'><strong>Latinorum,</strong></span> <span class='ocrx_word' id='word_1_273' title='bbox 629 2368 675 2402; x_wconf 91' lang='lat' dir='ltr'><strong>ut</strong></span> <span class='ocrx_word' id='word_1_274' title='bbox 706 2376 758 2403; x_wconf 89' lang='lat' dir='ltr'><strong>ex</strong></span> <span class='ocrx_word' id='word_1_275' title='bbox 786 2361 952 2402; x_wconf 86' lang='lat' dir='ltr'><strong>foedere</strong></span> <span class='ocrx_word' id='word_1_276' title='bbox 977 2361 1043 2402; x_wconf 89' lang='lat' dir='ltr'><strong>die</strong></span> <span class='ocrx_word' id='word_1_277' title='bbox 1068 2367 1178 2401; x_wconf 86' lang='lat' dir='ltr'><strong>certa</strong></span> <span class='ocrx_word' id='word_1_278' title='bbox 1203 2360 1255 2401; x_wconf 86' lang='lat' dir='ltr'><strong>ad</strong></span> <span class='ocrx_word' id='word_1_279' title='bbox 1279 2359 1419 2400; x_wconf 90' lang='lat' dir='ltr'><strong>lucum</strong></span> <span class='ocrx_word' id='word_1_280' title='bbox 1442 2359 1688 2400; x_wconf 87' lang='lat' dir='ltr'><strong>Ferentinae</strong></span> 
     </span>
    </p>

    <p class='ocr_par' dir='ltr' id='par_1_11' title="bbox 285 2420 1689 2781">
     <span class='ocr_line' id='line_1_35' title="bbox 285 2420 1688 2478; baseline -0.004 -12"><span class='ocrx_word' id='word_1_281' title='bbox 285 2436 302 2466; x_wconf 84' lang='grc'><strong>6</strong></span> <span class='ocrx_word' id='word_1_282' title='bbox 330 2425 476 2466; x_wconf 86' lang='lat' dir='ltr'><strong>armati</strong></span> <span class='ocrx_word' id='word_1_283' title='bbox 504 2424 740 2478; x_wconf 85' lang='lat' dir='ltr'><strong>frequentes</strong></span> <span class='ocrx_word' id='word_1_284' title='bbox 773 2423 978 2464; x_wconf 87' lang='lat' dir='ltr'><strong>adessent.</strong></span> <span class='ocrx_word' id='word_1_285' title='bbox 1027 2422 1098 2476; x_wconf 87' lang='lat' dir='ltr'><strong>qui</strong></span> <span class='ocrx_word' id='word_1_286' title='bbox 1128 2421 1198 2463; x_wconf 93' lang='lat' dir='ltr'><strong>ubi</strong></span> <span class='ocrx_word' id='word_1_287' title='bbox 1228 2422 1281 2462; x_wconf 89' lang='lat' dir='ltr'><strong>ad</strong></span> <span class='ocrx_word' id='word_1_288' title='bbox 1306 2422 1485 2462; x_wconf 82' lang='lat' dir='ltr'><strong>edictum</strong></span> <span class='ocrx_word' id='word_1_289' title='bbox 1510 2420 1688 2462; x_wconf 85' lang='lat' dir='ltr'><strong>Romani</strong></span> 
     </span>
     <span class='ocr_line' id='line_1_36' title="bbox 328 2484 1688 2542; baseline -0.004 -14"><span class='ocrx_word' id='word_1_290' title='bbox 328 2487 438 2542; x_wconf 85' lang='lat' dir='ltr'><strong>regis</strong></span> <span class='ocrx_word' id='word_1_291' title='bbox 463 2501 515 2528; x_wconf 79' lang='lat' dir='ltr'><strong>ex</strong></span> <span class='ocrx_word' id='word_1_292' title='bbox 539 2486 729 2528; x_wconf 89' lang='lat' dir='ltr'><strong>omnibus</strong></span> <span class='ocrx_word' id='word_1_293' title='bbox 754 2485 917 2540; x_wconf 90' lang='lat' dir='ltr'><strong>populis</strong></span> <span class='ocrx_word' id='word_1_294' title='bbox 937 2499 1182 2534; x_wconf 79' lang='lat' dir='ltr'><strong>convenere,</strong></span> <span class='ocrx_word' id='word_1_295' title='bbox 1209 2498 1259 2525; x_wconf 88' lang='lat' dir='ltr'><strong>ne</strong></span> <span class='ocrx_word' id='word_1_296' title='bbox 1279 2484 1427 2525; x_wconf 89' lang='lat' dir='ltr'><strong>ducem</strong></span> <span class='ocrx_word' id='word_1_297' title='bbox 1446 2498 1567 2524; x_wconf 91' lang='lat' dir='ltr'><strong>suum</strong></span> <span class='ocrx_word' id='word_1_298' title='bbox 1585 2495 1688 2522; x_wconf 81' lang='lat' dir='ltr'><strong>neve</strong></span> 
     </span>
     <span class='ocr_line' id='line_1_37' title="bbox 331 2543 1688 2603; baseline -0.005 -14"><span class='ocrx_word' id='word_1_299' title='bbox 331 2555 533 2589; x_wconf 85' lang='lat' dir='ltr'><strong>secretum</strong></span> <span class='ocrx_word' id='word_1_300' title='bbox 579 2548 798 2603; x_wconf 90' lang='lat' dir='ltr'><strong>imperium</strong></span> <span class='ocrx_word' id='word_1_301' title='bbox 843 2547 1060 2602; x_wconf 72' lang='lat' dir='ltr'><strong>propriave</strong></span> <span class='ocrx_word' id='word_1_302' title='bbox 1104 2546 1223 2601; x_wconf 85' lang='lat' dir='ltr'><strong>signa</strong></span> <span class='ocrx_word' id='word_1_303' title='bbox 1263 2545 1478 2594; x_wconf 86' lang='lat' dir='ltr'><strong>haberent,</strong></span> <span class='ocrx_word' id='word_1_304' title='bbox 1525 2543 1688 2584; x_wconf 86' lang='lat' dir='ltr'><strong>miscuit</strong></span> 
     </span>
     <span class='ocr_line' id='line_1_38' title="bbox 332 2603 1687 2664; baseline -0.004 -15"><span class='ocrx_word' id='word_1_305' title='bbox 332 2610 562 2664; x_wconf 88' lang='lat' dir='ltr'><strong>manipulos</strong></span> <span class='ocrx_word' id='word_1_306' title='bbox 595 2624 646 2651; x_wconf 81' lang='lat' dir='ltr'><strong>cx</strong></span> <span class='ocrx_word' id='word_1_307' title='bbox 676 2609 840 2650; x_wconf 87' lang='lat' dir='ltr'><strong>Latinis</strong></span> <span class='ocrx_word' id='word_1_308' title='bbox 871 2609 1173 2661; x_wconf 81' lang='lat' dir='ltr'><strong>Romanisque,</strong></span> <span class='ocrx_word' id='word_1_309' title='bbox 1209 2614 1255 2648; x_wconf 87' lang='lat' dir='ltr'><strong>ut</strong></span> <span class='ocrx_word' id='word_1_310' title='bbox 1285 2622 1336 2648; x_wconf 84' lang='lat' dir='ltr'><strong>ex</strong></span> <span class='ocrx_word' id='word_1_311' title='bbox 1366 2606 1472 2648; x_wconf 89' lang='lat' dir='ltr'><strong>binis</strong></span> <span class='ocrx_word' id='word_1_312' title='bbox 1504 2603 1687 2659; x_wconf 82' lang='lat' dir='ltr'><strong>singulos</strong></span> 
     </span>
     <span class='ocr_line' id='line_1_39' title="bbox 333 2660 1689 2720; baseline -0.004 -16"><span class='ocrx_word' id='word_1_313' title='bbox 333 2665 485 2706; x_wconf 74' lang='lat' dir='ltr'><strong>faceret</strong></span> <span class='ocrx_word' id='word_1_314' title='bbox 509 2665 711 2719; x_wconf 85' lang='lat' dir='ltr'><strong>binosque</strong></span> <span class='ocrx_word' id='word_1_315' title='bbox 737 2680 788 2706; x_wconf 79' lang='lat' dir='ltr'><strong>ex</strong></span> <span class='ocrx_word' id='word_1_316' title='bbox 813 2665 1005 2720; x_wconf 88' lang='lat' dir='ltr'><strong>singulis,</strong></span> <span class='ocrx_word' id='word_1_317' title='bbox 1032 2664 1088 2706; x_wconf 85' lang='lat' dir='ltr'><strong>ita</strong></span> <span class='ocrx_word' id='word_1_318' title='bbox 1107 2664 1325 2720; x_wconf 85' lang='lat' dir='ltr'><strong>geminatis</strong></span> <span class='ocrx_word' id='word_1_319' title='bbox 1351 2660 1569 2715; x_wconf 85' lang='lat' dir='ltr'><strong>manipulis</strong></span> <span class='ocrx_word' id='word_1_320' title='bbox 1595 2674 1689 2700; x_wconf 87' lang='lat' dir='ltr'><strong>een-</strong></span> 
     </span>
     <span class='ocr_line' id='line_1_40' title="bbox 335 2726 746 2781; baseline 0.007 -16"><span class='ocrx_word' id='word_1_321' title='bbox 335 2726 513 2766; x_wconf 82' lang='lat' dir='ltr'><strong>turioncs</strong></span> <span class='ocrx_word' id='word_1_322' title='bbox 552 2728 746 2781; x_wconf 82' lang='lat' dir='ltr'><strong>inposuit.</strong></span> 
     </span>
    </p>
   </div>
  </div>
 </body>
</html>
