1780 3204
455 280 608 315 LIBER
634 280 679 324 v,
705 279 758 313 51.
777 278 833 312 52.
863 280 910 321 [a.
926 276 1059 320 0390]
1352 265 1431 305 301

85 395 213 428 terrae
239 385 475 433 celavimus,
503 384 582 425 alia
606 389 749 424 avecta
773 382 814 422 in
839 381 1032 422 finitimas
1058 379 1180 420 urbes
1207 377 1436 419 amovimus

85 443 135 484 a'o
166 442 347 483 hostium
377 441 526 490 oculis3
563 441 731 480 deorum
763 438 917 479 cultum
947 436 1098 477 deserti
1122 435 1173 476 ab
1199 435 1276 475 diis
1306 433 1439 474 homi-

84 499 288 551 nibusque
318 504 456 537 tamen
485 511 567 536 non
597 495 902 536 intermisimus.
961 493 1174 534 reddidere
1210 491 1334 546 igitur
1368 505 1440 544 pa-

85 555 202 595 triam
228 560 268 594 et
292 553 504 593 victoriam
530 559 570 592 et
594 552 807 604 antiquum
832 550 928 591 belli
952 550 1077 590 decus
1098 548 1308 595 amissum,
1336 553 1374 586 et
1398 546 1440 586 in

86 612 236 659 hostes,
264 609 333 662 qui
358 608 470 649 caeci
493 608 664 648 avaritia
687 608 730 648 in
754 607 934 661 pondere
960 605 1048 646 auri
1073 605 1218 645 foedus
1245 617 1293 644 ac
1316 603 1440 643 fidem

85 667 330 713 fefellerunt,
358 670 568 705 verterunt
592 671 787 704 terrorem
812 663 1037 717 fugamque
1063 667 1103 701 et
1127 660 1307 701 eaedem.

169 722 269 763 LII.
307 720 427 761 Haec
452 720 550 760 culti
577 720 834 774 neglectique
855 719 1032 758 numinis
1054 723 1168 758 tanta
1190 716 1442 757 monimenta

86 780 128 820 in
145 778 268 819 rebus
288 776 479 817 humanis
500 783 712 816 cernentes
727 775 874 828 ecquid
893 775 1065 823 sentitis,
1093 773 1288 826 Quirites,
1315 786 1443 824 quan-

88 843 175 876 tum
206 834 373 874 vixdum
405 847 426 873 e
457 832 683 886 naufragiis
714 832 860 886 prioris
892 831 1036 884 eulpae
1067 829 1277 882 cladisque
1313 842 1442 868 emer-

88 897 230 946 gentes
262 904 453 944 paremus
490 888 633 928 nefas?
690 888 833 928 urbem
870 887 1080 941 auspicato
1117 886 1443 939 inauguratoque

90 947 294 988 conditam
331 945 551 994 habemus3
594 944 731 984 nullus
770 944 885 984 locus
922 944 963 983 in
999 957 1048 983 ea
1082 957 1165 982 non
1200 941 1445 995 religionum

89 1004 341 1055 deorumque
367 1007 429 1042 est
447 1001 606 1055 plenus,
634 1000 843 1041 sacrifieiis
864 999 1129 1040 sollemnibus
1149 1012 1231 1037 non
1252 997 1339 1037 dies
1360 1011 1447 1036 ma-

1469 503 1507 531 lo

1470 895 1487 923 10

89 1060 153 1115 gis
180 1059 273 1099 stati
298 1073 421 1111 quam
446 1058 536 1098 loca
562 1063 668 1106 sunt,
695 1057 736 1096 in
761 1056 911 1109 quibus
936 1055 1047 1095 fiant.
1085 1054 1160 1094 hos
1182 1068 1324 1093 omnes
1345 1052 1444 1092 deos
1472 1063 1489 1091 3

90 1115 276 1170 publicos
301 1114 584 1168 privatosque,
613 1112 813 1165 Quirites,
841 1111 1041 1152 deserturi
1065 1110 1189 1150 estis?
1225 1123 1348 1162 quam
1373 1122 1448 1161 par

91 1178 273 1212 vestrum
297 1172 452 1210 factum
478 1176 539 1210 est
567 1168 656 1223 [ei]‚
683 1170 792 1221 quod
817 1168 859 1208 in
884 1167 1096 1208 obsidione
1121 1179 1252 1219 nuper
1270 1165 1311 1203 in
1332 1177 1447 1217 egre-

91 1228 159 1282 gio
185 1227 445 1267 adulescente
467 1224 515 1265 C.
529 1225 565 1265 F
568 1225 661 1265 abio
685 1239 768 1264 non
793 1224 949 1264 minore
973 1222 1154 1262 hostium
1179 1220 1446 1261 admiratione

92 1299 214 1336 quam
239 1289 376 1322 vestra
406 1288 673 1334 conspectum
703 1286 783 1327 est,
821 1294 915 1319 eum
945 1279 1049 1318 inter
1075 1276 1236 1318 Gralliea
1267 1276 1347 1316 tela
1378 1276 1448 1315 de-

91 1353 259 1394 gressus
286 1353 336 1378 ex
361 1351 454 1377 arce
480 1336 676 1377 sollemne
701 1335 857 1377 Fabiae
881 1335 1016 1389 gentis
1047 1334 1088 1374 in
1115 1333 1216 1374 00110
1244 1331 1448 1384 Quirinali

91 1395 215 1436 obiit?
257 1409 309 1434 an
339 1393 547 1448 gentilicia
578 1407 694 1433 sacra
723 1406 774 1432 ne
804 1392 847 1431 in
877 1391 984 1431 bello
1022 1390 1189 1443 quidem
1222 1388 1446 1436 intermitti,

92 1451 255 1506 publiea
280 1465 396 1490 sacra
421 1456 460 1490 et
484 1449 695 1490 Romanos
721 1449 820 1489 deos
853 1448 975 1488 etiam
1005 1447 1047 1487 in
1072 1461 1173 1501 paee
1204 1445 1338 1486 deseri
1362 1444 1450 1498 pla-

93 1508 180 1549 cet?
221 1514 260 1547 et
289 1505 502 1561 pontifices
533 1505 801 1558 flaminesque
832 1503 1160 1559 neglegentiores
1191 1502 1449 1557 publicarum

93 1563 335 1618 religionum
361 1576 452 1603 esse
477 1576 601 1615 quam
631 1561 815 1616 privatus
846 1561 889 1601 in
920 1560 1107 1601 sollemni
1138 1559 1272 1614 gentis
1304 1557 1452 1598 fuerit?

95 1621 266 1661 forsitan
299 1618 445 1672 aliquis
476 1619 602 1668 dieat,
642 1624 711 1658 aut
734 1617 851 1658 Veiis
884 1632 931 1657 ea
962 1632 1036 1657 nos
1069 1615 1250 1656 facturos
1277 1620 1346 1654 aut
1370 1614 1449 1653 hue

95 1677 188 1717 inde
208 1676 406 1716 missuros
428 1675 659 1714 sacerdotes
679 1682 855 1722 nostros,
882 1673 952 1726 qui
965 1672 1137 1721 faeiant3
1164 1685 1337 1724 quorum
1352 1684 1452 1709 neu-

97 1739 202 1772 trum
227 1732 314 1772 fieri
339 1731 463 1771 salvis
489 1730 745 1771 caerimoniis
770 1736 917 1783 potest.
973 1735 1013 1768 et
1037 1743 1087 1768 nc
1113 1727 1251 1768 omnia
1282 1739 1452 1780 genera-

98 1789 169 1828 tim
196 1802 312 1828 saera
336 1800 560 1839 omnesque
583 1800 850 1840 percenseam
875 1786 988 1832 (1000,
1014 1785 1057 1824 111
1075 1784 1187 1824 Iovis
1214 1783 1334 1836 epulo
1354 1796 1450 1821 num

99 1843 196 1884 alibi
221 1857 345 1894 quam
368 1842 410 1881 in
436 1841 641 1895 Capitolio
671 1841 862 1895 pulvinar
892 1840 1046 1894 suscipi
1070 1839 1231 1893 potest?
1273 1838 1373 1891 quid
1403 1837 1452 1877 de

101 1898 275 1939 aeternis
312 1897 465 1938 Vestae
501 1897 665 1951 ignibus
703 1897 923 1951 signoque,
962 1896 1074 1948 quod
1108 1895 1268 1949 imperii
1303 1894 1453 1948 pignus

102 1954 289 1995 custodia
319 1953 406 1993 eius
437 1953 578 2006 templi
608 1959 785 2001 tenetur,
822 1952 990 2005 loquar?
1042 1951 1141 2004 quid
1172 1951 1223 1991 de
1254 1950 1454 1990 ancilibus

103 2010 267 2058 vestris,
303 2008 420 2049 Mars
448 2007 628 2049 Gradive
654 2015 777 2062 tuque
805 2008 977 2061 Quirine
1002 2007 1141 2062 pater?
1187 2007 1289 2047 haec
1320 2006 1457 2047 omnia

103 2067 145 2106 in
169 2066 341 2120 profano
367 2065 500 2105 deseri
524 2065 657 2119 placet
682 2079 798 2105 sacra
823 2064 1010 2118 aequalia
1028 2064 1131 2113 urbi,
1158 2063 1362 2117 quaedam
1386 2077 1457 2103 ve-

105 2122 276 2163 tustiora
301 2121 456 2175 origine
481 2121 619 2162 urbis?
662 2127 701 2161 ct
725 2121 879 2170 videte,
906 2121 1005 2174 quid
1028 2121 1133 2161 inter
1157 2135 1231 2161 nos
1257 2133 1305 2160 ac
1330 2118 1476 2159 maio-.

105 2193 169 2219 res
193 2178 368 2218 intersit:
394 2177 451 2217 illi
477 2192 592 2218 sacra
617 2177 820 2230 quaedam
844 2177 886 2217 in
911 2182 1048 2217 monte
1072 2176 1239 2217 Albano
1258 2175 1458 2216 Lavinio-

106 2248 186 2287 que
210 2233 327 2274 nobis
354 2233 542 2274 facienda
567 2234 835 2274 tradiderunt:
862 2258 916 2262 —
941 2249 993 2274 an
1018 2248 1069 2273 ex
1087 2232 1268 2273 hostium
1286 2231 1457 2272 urbibus

106 2290 282 2331 Romam
308 2290 358 2330 ad
384 2304 458 2330 nos
484 2289 695 2330 transferri
721 2304 837 2330 saera
860 2289 1099 2344 religiosum
1123 2289 1219 2338 fuit,
1246 2288 1342 2328 hinc
1368 2287 1455 2327 sine

107 2345 268 2399 piaculo
297 2345 340 2385 in
370 2345 549 2386 hostium
578 2345 722 2386 urbem
752 2345 879 2386 Veios
911 2345 1231 2386 transferemus?
1271 2344 1459 2385 reeorda-

109 2402 219 2449 mini,
256 2402 478 2456 agitedum,
515 2402 701 2454 quotiens
728 2416 843 2442 sacra
865 2402 1159 2451 instaurentur,
1185 2401 1282 2454 quia
1306 2400 1459 2453 aliquid

109 2473 160 2498 ex
185 2459 314 2511 patrio
330 2457 413 2497 ritu
430 2454 689 2512 neglegentia
708 2473 858 2498 casuve
876 2458 1211 2512 praetermissum
1231 2464 1305 2498 est.
1336 2457 1458 2497 modo

109 2528 214 2567 quae
238 2528 302 2554 res
328 2520 422 2567 post
444 2514 678 2568 prodigium
701 2514 857 2554 Albani
880 2515 994 2554 lacus
1025 2514 1105 2554 nisi
1129 2514 1369 2554 instauratio
1395 2528 1460 2554 sa-

110 2584 271 2610 crorum
301 2569 658 2623 auspiciorumque
688 2570 899 2611 renovatio
935 2570 1121 2611 adfectae
1151 2570 1317 2611 Veienti
1352 2569 1459 2610 bello

110 2626 166 2666 rei
190 2625 380 2679 publicae
403 2626 583 2667 remedio
608 2626 710 2666 fuit?
733 2633 774 2666 at
799 2626 933 2675 etiam,
960 2633 1170 2680 tamquam
1194 2633 1378 2667 veterum
1396 2640 1459 2666 rc-

110 2681 308 2736 ligionum
338 2696 559 2731 memores,
597 2688 636 2723 et
665 2683 903 2736 peregrinos
934 2683 1033 2723 deos
1065 2682 1346 2723 transtulimus
1376 2682 1462 2723 Ro-

111 2753 220 2778 mam
246 2744 283 2778 et
308 2737 558 2779 instituimus
583 2753 725 2779 novos.
763 2739 868 2779 Iuno
893 2739 1035 2794 regina
1053 2745 1283 2780 transvecta
1302 2754 1325 2780 a
1344 2738 1458 2780 Veiis

1481 1852 1496 1879 *l

1486 2638 1526 2668 10
