1835 3226
358 218 440 261 382
691 215 844 251 mBER
867 213 958 256 VH,
984 212 1037 245 31.
1057 210 1110 244 3‘2.
1138 211 1186 253 [a.
1200 219 1234 242 u.
1251 218 1281 242 ο.
1294 206 1376 250 411]

359 331 505 384 dignos
532 328 672 367 censet
697 324 882 366 senatus,
910 315 983 356 sed
1002 315 1059 354 ita
1077 311 1294 353 vobiscum
1313 307 1535 349 amicitiam
1557 304 1715 346 institui

359 406 433 446 par
463 394 543 437 est,
580 399 632 426 ne
662 398 745 437 qua
779 378 979 421 vetustior
1015 374 1194 417 amicitia
1229 386 1277 413 ac
1315 369 1489 413 societas
1524 367 1712 408 violetur.

363 450 571 494 Samnites
608 445 826 487 nobiseum
867 439 1034 482 foedere
1075 436 1203 478 iuncti
1246 439 1352 475 sunt.
1411 432 1550 484 itaque
1591 443 1716 477 arma,

362 515 462 555 deos
499 510 613 566 prius
645 521 770 562 quam
800 502 987 545 homines
1020 499 1240 546 violatura,
1279 495 1477 536 adversus
1512 489 1719 533 Samnites

318 591 337 621 3
363 575 481 617 vobis
507 585 728 627 negamus:
766 567 945 622 legatos,
986 563 1091 604 sicut
1122 561 1185 601 fas
1216 559 1364 612 iusque
1395 562 1475 604 est,
1508 554 1559 595 ad
1587 551 1719 593 socios

364 644 487 690 atque
513 634 667 676 amieos
692 636 905 686 precatum
936 627 1165 673 mittemus,
1201 636 1253 662 ne
1284 625 1365 674 qua
1395 617 1513 659 vobis
1538 616 1601 657 vis
1626 613 1722 655 fiat?

366 700 420 742 ad
455 714 504 740 ea
538 696 729 752 princeps
765 689 984 747 legationis
1015 713 1069 718 --
1102 686 1160 727 sic
1191 684 1300 725 enim
1331 682 1454 722 domo
1484 677 1725 720 mandatum

367 761 587 804 attulerant
611 783 665 788 —-
692 754 875 809 ‘quando
901 749 1085 805 quidem'
1111 747 1243 801 inquit
1269 749 1429 785 ‘nostra
1454 740 1558 782 tueri
1583 739 1727 780 adver-

369 839 440 866 sus
465 822 549 863 vim
575 826 697 873 atque
727 815 917 857 iniuriam
949 813 1057 853 iusta
1085 810 1128 851 vi
1157 823 1241 850 non
1271 806 1414 854 vultis,
1452 808 1589 844 vestra
1619 806 1728 841 certe

324 901 344 930 4
369 883 618 928 defendetis:
666 881 805 933 itaque
847 876 1047 933 populum
1085 872 1347 926 Campanum
1383 865 1610 918 urbemque
1647 861 1730 903 Ca-

371 963 516 1004 puam,
543 959 684 1001 agros,
710 940 883 983 delubra
907 939 1048 986 deum,
1076 935 1215 976 divina
1238 932 1501 983 humanaque
1527 924 1664 967 onmia
1687 923 1731 964 in

372 1016 569 1058 vestram,
607 1012 745 1062 patres
783 1000 1022 1055 conscripti,
1065 996 1288 1053 populique
1321 990 1500 1034 Romani
1536 988 1732 1029 ditionem

374 1072 581 1119 dedimus,
619 1065 819 1122 quidquid
849 1063 997 1105 deinde
1028 1060 1233 1116 patiemur
1263 1054 1445 1097 dediticii
1474 1051 1600 1093 vestri
1635 1063 1731 1104 pas-

331 1151 349 1179 5
376 1133 484 1177 suri?
522 1131 598 1172 sub
623 1131 725 1170 haee
751 1128 860 1168 dicta
885 1139 1026 1167 omnes
1051 1136 1199 1164 manus
1225 1119 1278 1161 ad
1303 1115 1492 1159 eonsules
1517 1112 1732 1154 tendentes

333 1212 350 1241 ss
378 1195 490 1252 pleni
512 1193 773 1235 lacrimarum
798 1190 840 1230 in
864 1185 1068 1228 vestibulo
1095 1183 1231 1225 euriae
1255 1178 1574 1236 procubuerunt.
1624 1187 1736 1214 com-

380 1257 479 1299 moti
502 1261 639 1311 patres
664 1253 753 1293 viee
779 1251 1037 1291 fortunarum
1066 1246 1360 1290 humanarum,
1400 1240 1435 1281 si
1464 1238 1530 1279 ille
1561 1248 1734 1291 praepo-

380 1327 470 1361 tens
502 1316 650 1372 opibus
681 1313 878 1370 populus,
916 1310 1079 1351 luxuria
1110 1305 1383 1361 superbiaque
1414 1301 1566 1347 clarus,
1600 1313 1624 1338 a
1654 1310 1736 1350 quo

380 1381 505 1437 paulo
538 1386 631 1420 ante
657 1375 854 1418 auxilium
882 1371 1042 1413 finitimi
1065 1369 1284 1425 petissent,
1317 1365 1420 1406 adeo
1444 1362 1641 1403 infractos
1667 1372 1738 1412 gc-

381 1449 489 1486 reret
519 1441 697 1488 animos,
735 1443 779 1477 ut
810 1451 853 1477 se
878 1435 966 1489 ipse
999 1445 1154 1485 suaque
1181 1428 1318 1471 omnia
1341 1423 1556 1481 potestatis
1583 1420 1739 1462 alienae

339 1523 355 1550 7
382 1507 547 1547 faceret.
608 1508 694 1542 tum
726 1500 807 1540 iam
830 1497 933 1538 fides
960 1495 1027 1550 agi
1051 1494 1159 1542 visa,
1192 1490 1354 1532 deditos
1386 1502 1468 1528 non
1498 1483 1632 1540 prodi,
1664 1495 1740 1521 nee

385 1568 591 1608 facturum
617 1576 749 1616 aequa
770 1558 1018 1601 Samnitium
1042 1554 1241 1610 populum
1267 1549 1506 1595 censebant,
1535 1545 1569 1587 si
1594 1557 1739 1599 agrum

383 1628 609 1679 urbemque
633 1639 707 1679 per
731 1621 980 1662 deditionem
1005 1618 1156 1658 factam
1176 1613 1317 1669 populi
1330 1609 1506 1653 Romani
1527 1620 1742 1662 oppugna-

340 1705 359 1736 8
385 1695 486 1731 rent.
534 1688 692 1742 legatos
718 1685 856 1736 itaque
881 1678 1088 1733 extemplo
1120 1676 1226 1717 mitti
1256 1675 1308 1716 ad
1333 1671 1541 1715 Sanmites
1572 1666 1738 1723 placuit.

386 1754 483 1794 data
503 1749 715 1796 mandata,
743 1753 787 1787 ut
806 1758 948 1799 preces
965 1741 1286 1795 Campanorum,
1311 1748 1556 1789 responsum
1577 1737 1743 1772 senatus

388 1814 592 1857 amicitiae
615 1809 864 1853 Samnitium
889 1819 1058 1853 memor,
1086 1802 1334 1843 deditionem
1358 1803 1566 1852 postremo
1591 1793 1744 1834 factam

345 1895 362 1923 9
392 1874 648 1920 Samnitibus
671 1874 934 1927 exponerent,
959 1871 1145 1922 peterent
1164 1878 1237 1919 pro
1258 1861 1452 1904 societate
1473 1855 1746 1908 amicitiaque,

391 1947 436 1981 ut
461 1937 663 1980 dediticiis
691 1935 776 1977 suis
802 1936 1013 1988 parcerent
1039 1942 1172 1981 neque
1197 1927 1240 1966 in
1264 1939 1359 1965 eum
1384 1935 1549 1976 agrum,
1581 1917 1652 1971 qui
1675 1929 1749 1970 po-

328 2020 366 2047 10
392 2002 477 2058 puli
496 1999 674 2042 Romani
698 1997 834 2038 faetus
860 2000 988 2042 esset,
1013 1990 1180 2032 hostilia
1205 2003 1315 2029 arma
1342 1985 1550 2026 inferrent.
1590 1980 1623 2021 si
1648 1977 1748 2019 leni-

392 2074 454 2106 ter
489 2062 650 2118 agendo
685 2073 831 2115 parum
868 2055 1131 2111 proficerent,
1169 2048 1455 2091 denuntiarent
1494 2039 1750 2085 Samnitibus

393 2126 536 2183 populi
560 2122 740 2166 Romani
772 2126 1020 2171 senatusque
1054 2114 1210 2163 verbis,
1248 2119 1292 2152 ut
1324 2109 1470 2163 Capua
1499 2104 1601 2146 urbe
1627 2102 1753 2143 Cam-

331 2206 365 2234 11
394 2201 586 2245 panoque
611 2200 711 2241 agro
737 2182 1001 2224 abstinerent.
1043 2177 1147 2218 haec
1170 2173 1318 2230 legatis
1344 2167 1563 2226 agentibus
1588 2165 1630 2206 in
1656 2178 1753 2205 con-

397 2251 489 2292 eilio
528 2247 778 2291 Samnitium
820 2243 923 2284 adeo
960 2247 1023 2282 est
1058 2237 1250 2280 ferociter
1284 2244 1549 2287 responsum,
1592 2232 1636 2267 ut
1674 2239 1755 2265 non

400 2312 533 2354 solum
558 2315 749 2366 gesturos
776 2321 819 2347 se
845 2318 936 2346 esse
962 2303 1144 2343 dicerent
1167 2298 1210 2339 id
1234 2295 1407 2343 bellum,
1442 2291 1514 2333 sed
1539 2288 1755 2344 magistra-

336 2391 373 2421 1⁶2
401 2382 466 2416 tus
504 2387 646 2414 eorum
677 2385 698 2412 e
730 2369 842 2411 curia
872 2364 1047 2421 egressi,
1086 2360 1288 2404 stantibus
1319 2356 1486 2412 legatis,
1523 2350 1755 2408 praefectos

403 2436 633 2479 cohortium
660 2436 852 2474 vocarent
877 2430 1009 2482 iisque
1034 2426 1143 2467 clara
1161 2438 1262 2464 voce
1287 2422 1552 2475 imperarent,
1578 2419 1620 2455 ut
1639 2425 1756 2467 prae-

401 2500 541 2541 datum
566 2498 609 2538 in
634 2510 779 2551 agrum
807 2492 1068 2546 Campanum
1093 2484 1299 2539 extemplo
1324 2480 1690 2537 proficiscerentur.

363 2578 372 2605 ι
488 2558 692 2602 XXXII.
746 2555 841 2597 Hac
871 2552 1076 2608 legatione
1106 2549 1284 2590 Romam
1314 2544 1459 2591 relata,
1495 2537 1640 2594 positis
1673 2549 1759 2575 om-

405 2625 517 2665 nium
548 2622 718 2664 aliarum
749 2632 885 2660 rerum
917 2615 1025 2656 euris
1057 2618 1212 2667 patres,
1244 2606 1452 2649 fetialibus
1478 2603 1530 2645 ad
1553 2615 1618 2642 res
1645 2612 1760 2652 repe-

407 2686 549 2727 tendas
586 2683 722 2725 missis
760 2680 968 2732 belloque,
1007 2676 1102 2730 quia
1132 2688 1214 2714 non
1250 2669 1535 2714 redderentur,
1575 2659 1763 2704 sollemni
