1780 3204
427 291 580 327 LIBER
604 291 713 336 vm,
740 292 883 326 25-27.
912 294 959 336 [a.
975 290 1013 327 c,
1027 292 1108 336 326]
1365 285 1448 326 425

95 400 151 441 ait
185 398 348 440 moenia.
385 396 588 438 statuisse.
638 411 685 437 eo
721 396 831 438 facto
867 403 1004 437 utrum
1040 396 1092 437 ab
1129 411 1173 438 se
1202 396 1364 451 prodita
1395 412 1447 437 an

97 470 258 503 servata
284 461 413 516 patria
439 460 636 508 videatur,
662 460 704 499 in
723 459 802 500 fide
815 459 1004 501 Romana
1022 460 1200 514 positum
1227 475 1331 502 esse.
1369 460 1447 502 sibi

95 524 285 578 privatim
311 538 385 563 nec
409 522 563 577 pacisci
588 522 807 575 quicquam
833 537 908 562 nec
932 529 1088 576 petere,
1120 522 1283 576 publice
1308 530 1446 577 petere

95 600 218 639 quam
244 584 396 639 pacisci
421 584 570 639 magis,
598 590 658 632 ut,
687 584 721 624 si
741 584 1010 625 successisset
1028 584 1221 638 inceptis,
1249 585 1446 639 cogitaret

95 647 273 701 populus
299 646 511 687 Romanus
537 646 691 700 potius,
726 660 818 686 cum
843 653 996 699 quanto
1023 646 1156 687 studio
1182 646 1445 700 periculoque

94 710 270 749 reditum
306 709 348 749 in
384 708 602 749 amicitiam
642 723 758 748 suam
796 714 905 748 esset
940 723 1063 761 quam
1094 723 1175 761 qua
1207 708 1376 748 stultitia
1406 714 1446 748 et

95 770 320 811 temeritate
347 770 396 810 de
428 769 564 810 officio
596 770 825 810 decessum.
887 770 1155 810 conlaudatus
1188 769 1238 810 ab
1271 770 1446 824 impera-

93 845 179 875 tore
206 835 281 874 tria
307 834 417 874 milia
442 833 615 873 militum
641 834 693 874 ad
717 834 997 887 occupandam
1024 848 1113 874 eam
1139 840 1296 887 partem
1317 832 1443 882 urbis,

94 910 218 949 quam
238 895 444 937 Samnites
463 894 709 944 insidebant,
736 895 912 949 accepit:
938 895 1143 950 praesidio
1164 895 1200 935 ei
1219 895 1272 935 L.
1289 893 1445 947 Quine-

94 958 174 998 tius
201 958 388 999 tribunus
415 957 588 997 militum
613 957 884 1011 praepositus.

178 1019 352 1060 XXVI.
388 1019 549 1060 Eodem
570 1026 751 1073 tempore
772 1026 810 1060 et
828 1019 1060 1074 Nymphius
1081 1026 1309 1073 praetorem
1326 1017 1446 1059 Sam-

91 1082 237 1122 nitium
263 1089 346 1122 arte
372 1082 594 1136 adgressus
620 1081 870 1136 perpulerat,
896 1089 957 1129 ut,
985 1081 1177 1134 quoniam
1204 1081 1335 1121 omnis
1360 1080 1446 1120 Ro-

94 1159 241 1185 manus
269 1145 470 1185 exereitus
497 1151 564 1184 aut
585 1144 691 1184 eirca
709 1143 964 1197 Palaepolim
985 1150 1053 1183 aut
1073 1144 1114 1183 in
1131 1142 1301 1184 Samnio
1323 1149 1444 1192 esset,

96 1206 245 1246 sineret
282 1222 326 1247 se
363 1206 493 1246 classe
531 1205 779 1245 circumvehi
815 1206 866 1245 ad
896 1205 1130 1245 Romanum
1162 1220 1325 1260 agrum,
1362 1219 1446 1245 non

92 1282 205 1308 oram
237 1268 358 1308 modo
390 1267 532 1314 maris,
572 1267 644 1307 sed
674 1267 753 1321 ipsi
779 1266 869 1307 urbi
894 1267 1124 1321 propinqua
1148 1267 1238 1307 loca
1262 1267 1446 1321 depopu-

89 1329 278 1369 laturum.
341 1330 414 1370 sed
444 1336 485 1369 ut
519 1328 694 1377 falleret,
732 1335 851 1369 nocte
882 1329 1225 1384 proficiscendum
1257 1343 1349 1369 esse
1375 1343 1445 1369 ex-

89 1391 323 1444 temploque
354 1406 480 1430 naves
513 1390 787 1431 deducendas.
838 1391 948 1444 quod
979 1405 1060 1444 quo
1091 1391 1290 1432 maturius
1315 1391 1442 1440 ficret,

89 1452 221 1493 omnis
242 1452 432 1492 iuventus
450 1450 698 1493 Samnitium
719 1459 879 1506 praeter
898 1453 1174 1493 necessarium
1196 1452 1307 1494 urbis
1327 1467 1444 1507 prae-

90 1514 238 1554 sidium
265 1514 317 1554 ad
341 1513 437 1554 litus
464 1514 603 1555 missa.
654 1513 724 1554 ubi
749 1514 847 1554 dum
873 1513 1106 1568 Nymphius
1133 1515 1174 1554 in
1200 1514 1377 1555 tenebris
1404 1520 1442 1554 et

88 1575 347 1616 multitudine
374 1583 503 1616 semet
528 1576 619 1630 ipsa
644 1576 875 1630 inpediente
903 1576 1045 1616 sedulo
1066 1576 1156 1617 aliis
1177 1576 1256 1617 alia
1274 1576 1445 1630 imperia

90 1637 259 1679 turbans
285 1638 377 1678 terit
404 1647 583 1692 tempus,
619 1637 836 1679 Charilaus
862 1653 912 1678 ex
938 1638 1150 1692 conposito
1177 1638 1228 1678 ab
1255 1638 1376 1678 sociis
1402 1638 1444 1677 in

88 1699 232 1740 urbem
258 1707 445 1754 receptus
475 1714 568 1740 eum
595 1715 757 1740 summa
781 1699 894 1740 urbis
921 1700 1110 1740 Romano
1137 1699 1263 1739 milite
1294 1699 1445 1753 inples-

90 1769 170 1810 set,
204 1762 290 1801 tolli
316 1762 533 1802 clamorem
560 1762 697 1810 iussit,
730 1762 782 1801 ad
807 1776 929 1814 quem
957 1760 1105 1802 Graeci
1132 1761 1249 1815 signo
1275 1767 1443 1814 accepto

89 1839 111 1863 a
136 1823 389 1877 principibus
416 1824 619 1876 quievere.
670 1822 816 1863 Nolani
836 1838 909 1878 per
934 1838 1121 1863 aversam
1146 1830 1303 1876 partem
1331 1822 1441 1863 urbis

89 1886 155 1925 via
174 1885 319 1925 Nolam
341 1885 496 1925 ferente
517 1886 731 1940 effugiunt.
784 1884 1039 1926 Samnitibus
1061 1885 1238 1925 exclusis
1266 1885 1317 1925 ab
1342 1884 1442 1925 urbe

89 1953 132 1986 ut
171 1947 397 2000 expeditior
432 1947 472 1988 in
509 1947 740 2001 praesentia
776 1947 877 2001 fuga
912 1947 968 1987 ita
1004 1947 1179 1996 foedior,
1222 1953 1443 2001 postquam

88 2008 270 2062 periculo
297 2016 531 2057 evaserunt,
561 2009 665 2057 visa,
698 2009 848 2063 quippe
874 2009 944 2061 qui
970 2009 1144 2048 inermes
1170 2008 1282 2049 nulla
1306 2023 1441 2049 rerum

91 2086 257 2112 suarum
289 2086 370 2111 non
401 2071 540 2111 relicta
571 2071 675 2111 inter
704 2071 862 2119 hostes,
900 2070 1121 2111 ludibrium
1152 2086 1233 2111 non
1264 2071 1441 2111 externis

89 2133 231 2181 modo,
265 2139 325 2173 set
351 2133 471 2172 etiam
498 2132 784 2186 popularibus,
823 2133 985 2187 spoliati
1017 2140 1137 2185 atque
1170 2139 1337 2188 egentes
1370 2133 1445 2173 do-'

88 2209 178 2234 mos
210 2194 378 2234 rediere.
433 2194 543 2234 haud
574 2194 742 2248 ignarus
774 2194 976 2248 opinionis
1009 2194 1192 2243 alterius,
1229 2209 1310 2247 qua
1341 2194 1441 2235 haec

88 2256 262 2309 proditio
289 2255 339 2296 ab
362 2254 618 2297 Samnitibus
639 2256 747 2296 faeta
772 2256 955 2305 traditur,
984 2271 1076 2296 cum
1103 2255 1338 2297 auctoribus
1364 2255 1441 2296 hoc

90 2318 203 2366 (ledi,
230 2318 379 2370 quibus
406 2319 571 2373 dignius
597 2319 706 2359 credi
732 2325 811 2367 est,
840 2325 926 2359 tum
952 2318 1098 2359 foedus
1124 2318 1439 2373 Neapolitanum

91 2405 144 2408 W
171 2394 217 2419 eo
250 2379 357 2419 enim
389 2380 535 2420 deinde
568 2396 729 2420 summa
752 2380 810 2420 rei
836 2379 1089 2421 Graecorum
1114 2381 1226 2420 venit
1250 2406 1303 2410 -
1330 2380 1442 2420 simi-

89 2441 167 2481 lius
194 2456 290 2481 vero
316 2441 413 2482 facit
438 2442 549 2496 ipsos
576 2443 617 2482 in
642 2442 861 2483 amicitiam
888 2443 1056 2483 redisse.
1099 2442 1280 2483 Publilio
1300 2442 1441 2483 trium-

88 2503 195 2558 phus
227 2504 433 2553 decretus,
472 2505 582 2558 quod
613 2505 711 2546 satis
739 2504 992 2554 credebatur,
1026 2504 1237 2546 obsidione
1264 2505 1439 2546 domitos

90 2566 229 2606 hostes
255 2566 296 2606 in
322 2566 445 2607 fidem
470 2567 646 2608 venisse.
697 2567 778 2607 duo
811 2567 1035 2622 singularia
1060 2567 1161 2607 haec
1186 2567 1223 2607 ei
1247 2567 1334 2607 viro
1359 2567 1440 2621 pri-

88 2643 201 2668 mum
228 2629 434 2683 contigere
444 2646 453 2678 3
485 2629 721 2684 prorogatio
746 2629 905 2684 imperii
930 2644 1012 2670 non
1037 2636 1130 2670 ante
1156 2629 1198 2669 in
1223 2628 1305 2669 ullo
1331 2629 1440 2669 facta

88 2696 128 2730 et
153 2696 242 2730 aeto
268 2690 421 2731 honore
448 2691 692 2746 triumphus.

171 2752 369 2793 XXVII.
430 2752 559 2794 Aliud
603 2753 777 2795 subinde
820 2753 972 2795 bellum
1009 2768 1102 2795 eum
1138 2753 1305 2795 alterius
1342 2767 1436 2794 orae

1473 417 1511 447 11

1474 541 1513 571 12

1473 789 1512 819 13

1470 1346 1488 1375 2

1464 2766 1478 2796 1
