1780 3204
442 250 594 284 LIBER
619 249 748 294 VIIII,
773 249 804 284 S.
832 251 880 293 [a.
895 247 933 284 C.
947 249 1023 283 321.
1036 248 1119 292 320]
1382 238 1464 280 449

115 354 186 408 qui
210 353 281 395 ubi
307 354 491 403 surrexit,
519 353 663 394 codem
687 353 756 393 illo
781 352 908 402 vultu,
935 367 1016 406 quo
1043 351 1118 393 sub
1144 351 1287 407 iugum
1311 351 1464 393 missus

116 422 218 456 erat:
248 415 376 456 ‘haud
396 431 487 456 sum
506 415 699 470 ignarus,'
724 415 855 468 inquit
873 414 1092 463 ‘eonsules,
1107 414 1366 468 ignominiae,
1381 428 1463 454 non

116 478 280 518 honoris
300 492 424 518 eausa
442 492 507 518 me
525 477 702 531 primum
722 477 942 517 excitatum
960 476 1200 529 iussumque
1221 476 1366 524 dicere,
1382 491 1464 516 non

117 545 327 593 tamquam
353 546 594 588 senatorem,
619 539 691 579 sed
710 545 918 591 tamquam
936 552 1050 578 reum
1070 552 1151 590 qua
1169 537 1342 578 infelicis
1369 537 1465 578 belli

1489 422 1507 451 3

117 614 197 653 qua
216 601 512 655 ignominiosae
531 601 656 655 pacis.
695 615 771 655 ego
791 610 938 649 tamen,
953 600 1117 653 quando
1136 614 1268 653 neque
1287 599 1337 640 de
1356 614 1465 640 noxa
1488 613 1509 642 4

116 668 255 702 nostra
280 676 412 715 neque
437 662 487 702 de
511 677 644 716 poena
668 661 893 710 rettulistis,
914 661 1068 702 omissa
1086 661 1338 709 defensione,
1359 675 1464 714 quae

117 738 197 763 non
219 723 458 764 difficillima
476 730 585 764 esset
604 724 713 777 apud
731 723 841 763 haud
865 723 1029 777 ignaros
1049 722 1302 763 fortunarum
1322 722 1466 762 huma-

117 800 262 825 narum
286 786 693 838 necessitatiumque,
722 785 964 825 sententiam
990 785 1039 825 de
1065 799 1132 834 eo,
1159 785 1208 825 de
1234 799 1316 838 quo
1340 792 1466 825 rettu-

117 846 240 896 listis,
272 847 413 901 paucis
438 862 646 901 peragam.
696 861 801 899 quae
828 847 1028 887 sententia
1054 846 1169 888 testis
1195 847 1287 896 erit,
1314 846 1466 887 mihine

119 923 171 947 an
195 908 426 962 legionibus
453 909 597 948 vestris
628 909 897 962 pepercerim,
930 923 1024 949 cum
1054 923 1119 949 me
1151 923 1224 949 seu
1254 909 1360 963 turpi
1393 922 1465 948 seu

115 970 346 1010 necessaria
372 970 590 1024 sponsione
611 969 826 1018 obstrinxi3
848 985 928 1022 qua
947 977 1096 1019 tamen,
1117 970 1281 1023 quando
1305 970 1466 1010 iniussu

115 1032 255 1085 populi
280 1031 389 1072 faeta
414 1039 486 1081 est,
513 1047 595 1072 non
620 1038 778 1072 tenetur
802 1031 978 1086 populus
998 1032 1226 1081 Romanus,
1252 1046 1328 1072 nee
1354 1032 1467 1085 quic-

115 1107 238 1145 quam
264 1108 314 1134 ex
339 1108 387 1134 ea
410 1100 696 1147 praeterquam
721 1108 891 1147 corpora
914 1099 1054 1134 nostra
1079 1093 1278 1133 debentur
1304 1091 1468 1134 Samni-

115 1154 238 1194 tibus
293 1155 491 1195 dedamur
520 1169 593 1208 per
623 1155 782 1195 fetiales
814 1154 913 1194 nudi
944 1154 1168 1207 vinctique,
1202 1153 1464 1194 exsolvamus

114 1216 308 1269 religione
333 1216 543 1270 populum,
571 1216 605 1256 si
631 1230 712 1269 qua
731 1215 1018 1270 obligavimus,
1045 1230 1096 1256 ne
1116 1216 1214 1268 quid
1239 1215 1366 1255 divini
1390 1215 1466 1255 hu-

114 1278 276 1317 manive
313 1277 465 1326 obstet,
502 1291 584 1329 quo
620 1277 756 1317 minus
793 1277 947 1317 iustum
987 1277 1184 1330 piumque
1221 1277 1271 1317 (le
1306 1276 1465 1331 integro

113 1337 272 1377 ineatur
295 1337 460 1378 bellum.
510 1337 664 1378 interea
695 1338 886 1378 eonsules
920 1338 1144 1378 exereitum
1175 1337 1370 1387 seribere,
1404 1353 1467 1378 ar-

113 1414 236 1447 mare,
263 1399 435 1440 educere
460 1399 593 1453 placet
613 1414 688 1440 nee
706 1400 819 1454 prius
840 1400 1001 1455 ingredi
1021 1400 1201 1441 hostium
1220 1401 1322 1442 fines
1342 1415 1466 1454 quam

113 1461 250 1501 onmia
279 1461 387 1501 iusta
417 1461 460 1501 in
489 1461 740 1502 deditionem
771 1468 955 1503 nostram
986 1463 1169 1517 perfecta
1199 1470 1327 1503 erunt.
1376 1478 1464 1511 vos,

113 1522 167 1562 dii
192 1522 446 1572 inmortales,
478 1537 623 1577 precor
647 1538 900 1577 quaesoque,
929 1524 963 1564 si
987 1524 1105 1565 *cobis
1130 1539 1213 1565 non
1237 1524 1314 1564 fuit
1339 1525 1463 1573 cordi,

114 1582 186 1638 Sp.
195 1583 468 1633 Postumium,
484 1584 533 1625 T.
544 1584 761 1626 Veturium
776 1585 965 1626 eonsules
987 1600 1080 1626 eum
1096 1584 1350 1627 Samnitibus
1371 1600 1465 1639 pro-

113 1660 229 1700 spere
254 1646 407 1686 bellum
432 1661 585 1701 gerere,
609 1654 650 1687 at
668 1662 742 1687 vos
764 1647 861 1687 satis
887 1647 1086 1696 habeatis,
1108 1647 1260 1688 vidisse
1285 1662 1359 1688 nos
1386 1647 1462 1688 sub

111 1707 255 1762 iugum
280 1708 449 1757 missos,
476 1708 629 1749 vidisse
656 1709 876 1763 sponsione
907 1709 1052 1750 infami
1077 1709 1299 1764 obligatos,
1325 1709 1464 1750 videre

112 1770 245 1810 nudos
271 1770 512 1822 vinctosque
536 1770 725 1811 hostibus
752 1771 930 1819 deditos,
964 1786 1128 1812 omnem
1157 1772 1259 1811 iram
1283 1771 1464 1812 hostium

112 1831 261 1871 nostris
289 1831 489 1884 capitibus
517 1832 778 1885 excipientes.
827 1847 956 1873 novos
983 1832 1172 1873 eonsules
1197 1833 1463 1887 legionesque

112 1892 322 1932 Romanas
347 1893 403 1932 ita
427 1907 521 1932 eum
537 1891 721 1933 Samnite
747 1908 888 1948 gerere
914 1893 1066 1934 bellum
1091 1894 1238 1943 velitis,
1259 1901 1303 1935 ut
1327 1895 1464 1936 onmia

114 1959 206 1993 ante
231 1968 306 1993 nos
332 1953 519 1994 eonsules
545 1953 651 1994 bella
676 1962 794 2008 gesta
819 1955 938 1996 sunt?
985 1969 1090 2008 quae
1115 1955 1185 1997 ubi
1211 1956 1324 2005 dixit,
1352 1963 1464 1997 tanta

114 2015 236 2054 simul
262 2015 476 2055 admiratio
502 2015 791 2069 miseratioque
811 2017 886 2056 viri
910 2017 1077 2058 incessit
1103 2032 1257 2067 omnes,
1278 2024 1322 2058 ut
1340 2018 1462 2059 modo

112 2077 182 2116 vix
204 2077 425 2125 crederent,
446 2077 560 2117 illum
581 2078 756 2118 eundem
775 2092 866 2119 esse
888 2077 961 2133 Sp.
976 2078 1248 2128 Postumium,
1275 2080 1344 2133 qui
1369 2094 1464 2132 aue-

113 2144 276 2178 tortam
302 2138 447 2178 foedae
471 2139 584 2192 pacis
611 2138 770 2188 suisset,
798 2140 920 2180 modo
946 2140 1246 2190 miserarentur,
1267 2141 1377 2194 quod
1401 2141 1463 2182 vir

113 2199 204 2240 talis
230 2200 350 2240 etiam
381 2200 648 2254 praecipuum
678 2201 788 2254 apud
818 2201 958 2242 hostes
986 2201 1232 2256 supplicium
1262 2217 1460 2256 passurus

113 2267 221 2301 esset
247 2261 298 2301 ob
323 2261 425 2301 iram
450 2262 675 2315 diremptae
699 2263 826 2316 pacis.
871 2277 965 2303 eum
989 2278 1131 2304 omnes
1156 2263 1347 2305 laudibus
1372 2279 1459 2305 mo-

113 2322 165 2362 do
196 2329 490 2375 prosequentes
517 2323 649 2364 virum
679 2323 722 2364 in
753 2325 996 2366 sententiam
1027 2325 1113 2365 eius
1144 2325 1318 2379 pedibus
1344 2325 1459 2374 irent,

113 2390 309 2437 temptata
333 2384 541 2438 paulisper
564 2385 802 2427 intercessio
828 2393 890 2427 est
915 2386 965 2427 ab
990 2387 1043 2427 L.
1063 2387 1187 2427 Livio
1212 2394 1252 2427 et
1271 2386 1323 2439 Q.
1343 2386 1462 2428 Mae-

112 2444 165 2484 lio
197 2445 368 2486 tribunis
399 2446 549 2499 plebis,
581 2447 651 2500 qui
681 2463 814 2501 neque
845 2449 1004 2490 exsolvi
1032 2449 1229 2504 religione
1260 2450 1457 2504 populum

113 2506 276 2547 aiebant
318 2508 523 2548 deditione
567 2524 660 2558 sua,
704 2511 783 2551 nisi
825 2511 962 2551 omnia
1000 2509 1280 2561 Samnitibus,
1323 2512 1459 2566 qualia

1493 1168 1510 1197 6

1492 1846 1531 1875 10

1491 1971 1528 1999 11

1488 2273 1526 2302 13

1488 2465 1527 2493 14

113 2570 222 2623 apud
250 2569 456 2610 Caudium
480 2571 674 2621 fuissent,
705 2573 1026 2623 restituerentur,
1057 2588 1190 2627 neque
1222 2588 1265 2615 se
1295 2589 1369 2629 pro
1395 2590 1455 2624 eo,
1483 2589 1525 2618 15

113 2631 224 2682 quod
272 2632 510 2686 spondendo
557 2648 701 2687 pacem
755 2641 988 2675 servassent
1040 2636 1264 2677 exereitum
1317 2637 1459 2692 populi

113 2691 307 2742 Romani,
345 2707 521 2748 poenam
558 2694 684 2735 ullam
722 2695 887 2737 meritos
924 2710 1033 2746 esse,
1071 2711 1203 2751 neque
1240 2698 1293 2739 ad
1328 2705 1459 2740 extre-

182 2769 243 2795 Liri
265 2770 317 2796 rol.
334 2769 354 2795 Ῑ.
1189 2764 1232 2797 ‘29
