1780 3204
401 258 554 293 LissER
580 259 613 302 1,
640 259 693 292 24.
714 259 767 291 23.
796 257 1106 302 [acm-640]
1383 247 1435 288 27

77 363 241 413 referre,
263 362 434 418 peragit.
466 361 629 417 legibus
644 362 792 403 deinde
806 361 985 402 recitatis
1009 360 1148 409 ‘audi‚'
1167 360 1299 414 inquit
1320 360 1436 415 ‘'Iup-
1464 376 1479 403 7

77 427 200 481 piter,
226 425 341 473 audi,
367 431 483 479 pater
506 430 664 478 patrate
688 423 831 478 populi
856 422 1023 471 Albani,
1050 422 1146 463 audi
1171 428 1232 471 tn,
1258 422 1436 476 populus

78 487 286 528 Albanus:
313 493 357 526 ut
381 486 450 526 illa
473 485 611 540 palam
635 485 768 540 prima
792 491 1002 539 postrema
1027 500 1078 525 ex
1102 484 1181 525 illis
1202 484 1352 525 tabulis
1372 499 1438 525 ce-

78 563 174 590 rave
198 548 367 589 recitata
394 554 486 588 sunt
513 547 600 587 sine
626 546 720 588 dolo
745 547 853 587 malo
879 546 1020 599 utique
1046 561 1095 587 ea
1119 546 1185 586 hic
1205 545 1327 586 hodie
1350 560 1438 587 rec-

79 611 236 651 tissime
277 609 484 650 intellecta
527 616 639 658 sunt,
682 609 763 649 illis
807 608 970 663 legibus
1006 608 1185 662 populus
1222 608 1436 649 Romanus

78 674 188 728 prior
218 687 301 713 non
330 671 503 712 deficiet.
554 672 589 712 si
619 671 730 725 prior
759 670 916 711 defexit
944 670 1111 725 publico
1142 670 1312 711 consilio
1343 670 1437 711 dolo
1464 684 1482 713 S

78 735 205 784 malo,
238 742 343 783 tum,
375 734 443 774 ille
467 733 699 788 Diespiter,
731 732 931 786 populum
956 732 1194 774 Romanum
1220 731 1279 772 sic
1305 732 1436 781 ferito,

77 804 123 837 ut
153 811 231 852 ego
261 796 372 837 hunc
401 809 573 850 porcum
604 795 671 835 hic
707 794 829 835 hodie
866 793 1030 842 feriam,
1069 800 1264 847 tantoque
1302 794 1436 849 magis

77 859 216 908 ferito,
248 865 402 911 quanto
428 857 561 911 magis
586 862 703 910 potes
728 855 970 910 pollesque.'
1016 856 1059 896 id
1089 856 1161 896 ubi
1191 856 1312 905 dixit,
1344 871 1438 910 por·
1465 875 1473 899 ι

78 935 172 961 cun]
198 935 298 961 saxo
324 919 435 960 silice
455 918 669 973 percussit.
709 932 784 958 sua
802 918 901 958 item
921 917 1103 958 carmina
1121 917 1277 958 Albani
1299 932 1439 958 suum-

76 996 156 1035 que
171 982 232 1022 ius
247 981 463 1022 iurandum
487 994 561 1035 per
585 994 706 1021 suum
731 979 976 1020 dictatorem
1002 993 1183 1032 suosque
1204 979 1437 1020 sacerdotes

76 1050 334 1099 peregerunt.

159 1104 311 1147 XXV.
353 1105 539 1146 Foedere
564 1105 645 1145 icto
670 1103 878 1158 trigemini
909 1103 1015 1144 sicut
1045 1111 1294 1144 convenerat
1325 1118 1438 1144 arma
1470 1118 1477 1145 1

76 1168 255 1222 capiunt,
305 1181 400 1207 cum
431 1166 495 1207 sui
525 1172 722 1219 utrosque
759 1165 1092 1214 adhortarentur,
1131 1165 1230 1206 deos
1268 1166 1437 1220 patrios,

74 1229 248 1283 patriam
274 1242 321 1268 ac
345 1234 556 1282 parentes,
593 1227 790 1282 quidquid
821 1227 974 1268 civium
1006 1227 1137 1276 domi,
1176 1227 1373 1281 quidquid
1397 1228 1438 1267 in

74 1290 256 1331 exercitu
292 1290 362 1338 sit,
400 1289 563 1330 illorum
599 1296 697 1329 tunc
727 1304 859 1338 arma,
896 1289 1059 1330 illorum
1095 1289 1244 1330 intueri
1276 1304 1435 1337 manus,

74 1352 233 1394 feroces
265 1359 305 1393 et
337 1358 483 1406 suopte
512 1351 679 1407 ingenio
711 1358 751 1393 et
779 1351 890 1406 pleni
922 1351 1228 1392 adhortantium
1265 1350 1437 1392 vocibus

73 1415 114 1454 in
138 1414 320 1466 medium
345 1414 450 1454 inter
469 1413 573 1454 duas
593 1413 702 1454 acies
722 1413 964 1468 procedunt.
1002 1413 1273 1454 consederant
1297 1413 1439 1454 utrim-

73 1491 152 1530 que
188 1492 262 1531 pro
293 1477 437 1518 castris
469 1477 552 1518 duo
583 1477 805 1526 exercitus,
842 1476 1013 1531 periculi
1044 1476 1178 1531 magis
1208 1476 1438 1531 praesentis

73 1554 198 1592 quam
223 1554 344 1580 curae
370 1547 578 1594 expertes,
616 1539 769 1594 quippe
801 1539 1018 1594 imperium
1051 1539 1252 1594 agebatur
1280 1539 1323 1580 in
1354 1546 1438 1579 tam

72 1615 298 1655 paucorum
340 1601 489 1642 virtute
531 1608 655 1655 atque
696 1602 861 1643 fortuna
903 1601 1096 1656 positum.
1157 1601 1296 1655 itaque
1339 1616 1438 1655 ergo

74 1663 197 1703 erecti
223 1663 495 1717 suspensique
526 1663 569 1703 in
599 1664 767 1704 minime
800 1670 965 1719 gratum
991 1663 1275 1718 spectaculum
1301 1663 1438 1704 animo

73 1724 350 1765 intenduntur.

158 1786 296 1827 Datur
320 1788 497 1842 signum,
524 1788 768 1842 infestisque
794 1789 931 1838 armis,
959 1789 1071 1830 velut
1097 1789 1220 1837 acies,
1248 1788 1352 1828 terni
1377 1788 1438 1828 iu·
1465 1801 1482 1827 :3

74 1862 213 1897 venes,
238 1864 483 1903 magnorum
496 1850 749 1891 exercituum
770 1851 928 1892 animos
948 1857 1151 1906 gerentes,
1179 1857 1436 1891 concurrunt.

74 1923 149 1950 nec
173 1909 237 1950 his
263 1924 340 1951 nec
363 1910 444 1951 illis
469 1911 696 1964 periculum
724 1927 864 1961 suum,
891 1937 944 1941 ——
975 1911 1189 1965 publicum
1220 1911 1438 1965 imperium

75 1971 368 2025 servitiumque
400 1971 643 2014 obversatur
673 1973 810 2014 animo
841 1973 1064 2027 futuraque
1095 1987 1144 2014 ea
1180 1973 1329 2014 deinde
1366 1987 1438 2027 pa-

74 2033 174 2073 triae
199 2033 376 2083 fortuna,
402 2048 528 2087 quam
558 2035 638 2088 ipsi
668 2034 878 2076 fecissent.
933 2042 977 2075 ut
1008 2035 1140 2089 primo
1173 2035 1312 2076 statim
1342 2049 1438 2075 con·
1464 2051 1481 2076 4

74 2110 197 2136 cursu
222 2095 461 2150 increpuere
487 2111 601 2137 arma
625 2096 906 2150 micantesque
932 2097 1086 2138 fulsere
1111 2097 1258 2152 gladii,
1296 2097 1439 2138 horror

73 2157 221 2212 ingens
247 2157 471 2211 spectantis
496 2158 754 2214 perstringit,
787 2165 827 2199 et
851 2165 997 2200 neutro
1026 2159 1221 2200 inclinata
1253 2173 1326 2214 spe
1357 2166 1438 2200 tor-

73 2218 197 2272 pebat
222 2233 304 2259 vox
324 2219 586 2273 spiritusque.
626 2220 824 2261 consertis
844 2220 991 2261 deinde
1011 2220 1215 2270 manibus,
1243 2235 1337 2261 cum
1355 2221 1436 2261 iam
1464 2238 1476 2262 J

74 2295 156 2321 non
186 2287 321 2321 motus
353 2287 511 2322 tantum
543 2297 760 2336 corporum
791 2283 1042 2338 agitatioque
1079 2297 1231 2337 anceps
1262 2283 1435 2324 telorum

74 2356 380 2395 armorumque,
419 2343 494 2384 scd
525 2344 694 2385 vulnera
724 2359 888 2398 quoque
920 2352 961 2386 et
991 2345 1162 2400 sanguis
1200 2345 1435 2400 spectaculo

75 2410 232 2453 essent,
271 2405 353 2446 duo
378 2404 557 2446 Romani
583 2421 707 2461 super
731 2407 856 2448 alium
887 2407 1011 2457 alius,
1049 2407 1272 2449 vulneratis
1304 2406 1434 2448 tribus

75 2465 264 2515 Albanis,
291 2466 548 2520 exspirantes
575 2476 825 2510 corruerunt.

157 2527 228 2568 Ad
252 2542 429 2581 quorum
454 2543 596 2570 casum
622 2545 715 2571 cum
741 2531 1041 2572 conclamasset
1064 2532 1217 2586 gaudio
1243 2531 1434 2573 Albanus
1462 2547 1478 2576 c

73 2589 295 2638 exercitus,
334 2589 545 2632 Romanas
570 2591 755 2647 legiones
786 2593 868 2634 iam
901 2608 995 2648 spes
1027 2600 1131 2643 tota,
1167 2594 1351 2634 nondum
1376 2600 1437 2635 ta-

72 2666 167 2691 men
192 2666 289 2692 cura
314 2651 562 2703 deseruerat,
591 2655 800 2696 exanimes
827 2656 917 2696 vice
942 2656 1077 2705 unius,
1104 2670 1227 2710 quem
1247 2663 1328 2697 trcs
1351 2655 1436 2697 Cu-

1473 2248 1482 2263 )

71 2713 176 2753 riatii
208 2714 572 2756 circumsteterant.
623 2716 728 2758 forte
759 2717 793 2757 is
825 2717 985 2772 integer
1015 2718 1111 2765 fuit,
1150 2726 1192 2758 ut
1231 2718 1433 2759 universis
1462 2733 1477 2762 7
