1835 3226
314 389 332 415 ἵ)

314 512 331 539 6

300 1314 336 1340 lt)

301 1499 333 1526 11

298 1807 335 1835 13

300 2055 337 2082 11

300 2303 336 2331 15)

302 2610 338 2635 1ιὶ

303 2670 337 2696 l?

357 202 438 243 466
661 206 811 239 Limzu
839 205 967 248 vnn,
994 205 1046 238 23.
1075 207 1169 247 [ειη.
1187 205 1403 249 e.439.440]

358 312 523 359 caedes,
558 324 639 349 non
670 308 771 362 suga.
802 307 967 347 alterius
999 307 1146 360 partis,
1179 307 1252 347 sed
1282 323 1364 347 nox
1388 308 1583 358 incertos,
1614 310 1711 351 victi

358 374 586 413 victoresne
612 377 761 418 essent,
789 369 962 409 diremit.
1005 369 1168 409 invenio
1194 369 1302 423 apud
1328 370 1541 422 quosdam,
1569 371 1713 412 adver-

359 450 447 475 sam
478 448 568 473 eam
599 446 781 486 pugnam
813 430 1012 471 Romanis
1044 430 1173 471 fuisse
1205 438 1326 484 atque
1357 431 1397 471 in
1430 446 1477 472 ea
1514 432 1711 473 cecidisse

359 496 410 548 Q.
437 495 610 535 Aulium
636 494 878 547 magistrum
906 493 1101 546 equitum.
1152 493 1350 534 suffectus
1383 494 1423 533 in
1449 493 1585 534 locum
1609 493 1710 535 Auli

359 558 406 598 C.
428 557 584 598 Fabius
610 556 808 610 magister
833 555 1015 608 equitum
1042 570 1135 595 cum
1163 556 1476 603 exercitunovo
1501 555 1553 596 ab
1578 556 1712 597 Roma

359 619 524 660 advenit
551 625 589 659 et
614 633 687 673 per
716 618 964 672 praemissos
991 618 1155 658 nuntios
1182 617 1368 658 consulto
1395 619 1609 667 dictatore,
1643 618 1713 659 ubi

360 681 601 722 subsisteret
626 694 759 733 quove
786 687 968 733 tempore
993 686 1031 719 ct
1057 694 1139 732 qua
1164 694 1215 719 ex
1239 687 1352 733 parte
1384 680 1543 720 hostem
1569 680 1714 735 adgre-

357 744 530 791 deretur,
559 741 738 783 substitit
764 741 947 782 oceultus
975 741 1026 782 ad
1052 741 1188 782 onmia
1214 742 1312 783 satis
1333 742 1553 796 exploratis
1580 742 1714 783 eonsi-

360 806 436 846 liis.
481 805 655 845 dictator
673 819 766 845 cum
786 818 859 858 per
878 804 1031 857 aliquot
1051 804 1138 844 dies
1164 812 1258 858 post
1282 819 1465 858 pugnam
1491 805 1714 845 continuis-

361 874 420 908 set
442 882 538 907 suos
559 867 663 907 iutra
681 866 847 915 vallum,
862 865 1023 906 obsessi
1044 866 1176 920 magis
1196 880 1319 918 quam
1335 865 1559 906 obsidentis
1579 866 1714 914 modo,

359 929 522 984 signum
554 935 719 983 repente
750 942 914 982 pugnae
945 927 1157 982 proposuit
1190 935 1247 976 et,
1280 927 1488 969 efficacius
1519 934 1630 969 ratus
1663 928 1715 968 ad

360 991 643 1033 accendendos
668 990 849 1031 virorum
873 990 1042 1030 fortium
1071 990 1248 1039 animos,
1281 990 1434 1030 nullam
1466 989 1562 1030 alibi
1592 1004 1715 1043 quam

360 1054 400 1094 in
427 1060 555 1094 semet
579 1053 670 1107 ipso
700 1052 891 1105 cuiquam
923 1052 1105 1092 relictam
1138 1066 1272 1106 spem,
1305 1052 1354 1092 (le
1381 1052 1578 1106 magistro
1604 1052 1716 1105 equi-

316 1126 327 1153 ί
362 1122 448 1156 tum
479 1129 668 1168 novoque
701 1114 881 1154 exercitu
907 1114 1077 1154 militem
1103 1113 1249 1154 celavit
1275 1121 1331 1162 et,
1365 1121 1573 1167 tamquam
1604 1113 1715 1153 nulla

359 1177 439 1217 nisi
465 1177 505 1216 in
530 1176 742 1230 eruptione
769 1191 863 1229 spes
890 1182 1016 1216 essct:
1057 1175 1193 1216 ‘loeis’
1223 1176 1354 1229 inquit
1387 1175 1609 1230 ‘angustis,
1642 1175 1716 1215 mi-

360 1238 471 1286 lites,
504 1237 766 1291 deprehensi,
799 1237 877 1278 nisi
908 1252 1031 1289 quam
1057 1237 1223 1277 victoria
1253 1237 1568 1291 patesccerimus
1594 1237 1714 1283 viam,

361 1300 513 1340 nullam
534 1299 748 1339 habemus.
787 1299 933 1339 stativa
951 1305 1091 1339 nostra
1110 1299 1362 1339 munimento
1383 1300 1480 1339 satis
1503 1305 1589 1339 tnta
1609 1305 1714 1342 sunt,

364 1362 436 1402 sed
461 1361 599 1415 inopia
624 1361 768 1400 eadem
793 1360 960 1400 infesta:
987 1375 1081 1400 nam
1107 1366 1146 1399 et
1172 1360 1279 1400 eirea
1305 1361 1441 1400 omnia
1466 1360 1715 1405 defecerunt,

363 1423 471 1462 unde
503 1422 677 1463 subvehi
708 1430 960 1462 commeatus
986 1428 1191 1475 poterant,
1223 1429 1279 1470 et,
1307 1422 1341 1461 si
1366 1421 1551 1462 homines
1578 1422 1716 1461 iuvare.

363 1484 505 1532 velint,
538 1484 677 1536 iniqua
706 1483 796 1523 loca
828 1490 934 1523 sunt.
989 1483 1126 1536 itaque
1163 1498 1246 1523 non
1277 1483 1504 1524 frustrabor
1535 1498 1612 1537 ego
1644 1498 1716 1522 vos

363 1552 496 1585 castra
521 1545 588 1585 hic
612 1544 897 1597 relinquendo,
923 1544 964 1584 in
990 1558 1094 1596 quae
1120 1544 1272 1584 infecta
1295 1545 1481 1593 victoria,
1509 1545 1612 1585 sieut
1638 1545 1718 1598 pri-

361 1606 467 1646 stino
487 1606 565 1654 (lic,
586 1621 659 1646 vos
685 1605 904 1659 recipiatis.
942 1606 1066 1645 armis
1097 1606 1362 1654 munimenta,
1383 1621 1465 1646 non
1489 1606 1717 1646 munimen-

361 1668 411 1708 tis
442 1683 556 1708 arma
593 1674 680 1707 tuta
715 1681 808 1707 esse
844 1666 1006 1707 debent.
1068 1674 1203 1707 castra
1237 1666 1415 1707 habeant
1449 1674 1715 1722 repetantque

361 1730 510 1783 quibus
543 1736 731 1784 operaest
766 1728 925 1769 trahere
956 1728 1127 1769 bellum:
1165 1743 1239 1768 nos
1271 1729 1454 1769 omnium
1485 1743 1620 1769 rerum
1655 1744 1717 1769 rc—

362 1799 548 1846 spectum
584 1798 870 1846 praeterquam
906 1790 1101 1831 victoriae
1137 1790 1255 1830 nobis
1287 1789 1562 1831 abscidamus.
1615 1790 1717 1831 ferte

363 1855 481 1909 signa
500 1854 541 1893 in
559 1853 739 1894 hostem:
767 1852 837 1893 ubi
857 1859 970 1893 extra
989 1852 1142 1892 vallum
1163 1866 1312 1907 agmen
1331 1852 1566 1901 excesserit,
1586 1859 1718 1892 eastra

362 1915 512 1969 quibus
543 1915 788 1969 imperatum
820 1922 881 1955 est
912 1914 1144 1955 incendant.
1194 1914 1345 1954 damna
1369 1920 1524 1963 vestra,
1556 1914 1718 1959 milites,

363 1977 547 2018 omnium
578 1977 686 2018 circa
716 1977 786 2030 qui
817 1976 1055 2017 defecerunt
1085 1976 1330 2030 populorum
1361 1976 1514 2030 praeda
1545 1975 1721 2017 sarcien-

365 2039 451 2080 tur.'
489 2046 529 2080 et
548 2039 729 2079 oratione
749 2039 972 2087 dictatoris,
994 2053 1099 2091 quae
1125 2038 1380 2079 necessitatis
1406 2038 1572 2078 ultimae
1598 2037 1720 2077 index

361 2109 464 2150 crat,
498 2101 647 2142 milites
673 2101 838 2143 accensi
863 2101 1019 2141 vadunt
1043 2101 1084 2141 in
1111 2101 1291 2150 hostem,
1324 2107 1361 2141 et
1387 2107 1598 2154 respectus
1629 2100 1717 2154 ipse

361 2164 591 2204 ardentium
617 2170 864 2212 castrorum,
896 2177 1146 2216 quamquam
1178 2162 1375 2217 proximis
1402 2168 1560 2202 tantum
1584 2187 1638 2190 —
1663 2161 1719 2201 ita

362 2226 469 2266 enim
495 2226 672 2266 iusserat
696 2226 869 2266 dictator
894 2250 947 2254 ——
971 2225 1081 2280 ignis
1106 2231 1169 2265 est
1195 2224 1396 2273 subditus,
1422 2224 1521 2264 haut
1546 2238 1718 2278 parvum

362 2287 440 2328 fuit
469 2288 789 2328 inritamentum.
838 2288 976 2340 itaque
989 2287 1100 2328 velut
1113 2286 1334 2327 vaecordes
1358 2286 1473 2326 inlati
1498 2286 1616 2340 signa
1638 2286 1720 2340 pri-

362 2365 429 2390 mo
454 2350 611 2405 impetu
634 2350 816 2391 hostium
841 2349 1023 2398 turbant,
1057 2357 1096 2389 et
1120 2349 1161 2389 in
1186 2356 1386 2403 tempore,
1413 2355 1632 2403 postquam
1658 2363 1721 2388 ar-

363 2412 499 2453 dentia
523 2413 666 2466 procul
691 2411 792 2452 vidit
818 2418 969 2460 castra,
995 2411 1193 2465 magister
1218 2411 1401 2463 equitum
1427 2436 1480 2440 —
1505 2411 1547 2450 id
1572 2423 1721 2451 eonve-

362 2481 477 2514 nerat
509 2475 672 2529 signum
699 2499 753 2504 —
778 2474 959 2515 hostium
991 2480 1107 2528 terga
1136 2473 1304 2513 invadit.
1364 2473 1422 2513 ita
1453 2471 1719 2513 circumventi

365 2533 592 2585 Samnites,
619 2551 701 2590 qua
725 2542 860 2591 potest
885 2536 1078 2589 quisque,
1111 2534 1254 2589 fugam
1280 2549 1352 2588 per
1377 2534 1540 2574 diversa
1563 2539 1716 2587 petunt.

365 2596 508 2650 ingens
530 2599 747 2639 multitudo
767 2599 809 2639 in
828 2613 956 2639 unum
975 2605 1087 2637 metu
1106 2596 1351 2652 conglobata
1372 2611 1418 2636 ac
1439 2602 1567 2636 semet
1587 2595 1717 2648 ipsam

366 2658 480 2698 turba
518 2659 731 2713 inpediens
769 2661 810 2700 in
846 2659 981 2700 medio
1014 2673 1146 2699 caesa.
1214 2665 1348 2699 castra
1384 2657 1563 2697 hostium
1601 2659 1715 2708 capta
