1835 3226
354 231 436 272 412
622 235 776 271 LIBER
798 235 909 280 vm,
936 234 1063 270 13.14.
1092 235 1324 278 [a.u.c.416.
1344 235 1427 280 417]

354 343 437 391 die,
481 355 575 382 cum
610 340 723 394 ipsos
760 338 991 391 auxiliaque
1027 352 1169 378 eorum
1205 338 1463 391 perculisset,
1505 340 1699 393 oppidum

309 417 329 448 s
355 403 475 444 scalis
507 401 626 455 cepit.
686 400 840 454 placuit
880 400 974 440 inde
1009 399 1091 440 iam
1122 399 1276 440 maiore
1306 408 1454 440 conatu
1485 401 1700 454 animoque

310 663 328 693 9

290 849 328 879 10

291 1038 325 1067 ll

292 1471 331 1499 12

293 1717 330 1745 15)

294 2089 330 2117 17

296 2396 332 2426 18

355 465 406 506 ab
443 463 563 504 unius
601 462 904 517 expugnatione
938 461 1052 502 urbis
1089 461 1142 502 ad
1177 461 1503 515 perdomandum
1531 461 1702 502 Latium

353 526 549 567 victorem
568 524 872 565 circumducere
892 523 1128 564 exercitum.
1160 537 1235 563 nec
1255 523 1446 576 quievere
1465 529 1558 564 ante
1577 537 1702 576 quam

353 586 628 641 expugnando
659 592 729 626 aut
758 586 800 626 in
830 585 1078 626 deditionem
1108 585 1344 639 accipiendo
1371 584 1554 639 singulas
1579 585 1701 627 urbes

353 649 525 690 Latium
561 662 681 689 omne
719 646 942 688 subiecere.
1001 647 1217 701 praesidiis
1253 647 1347 687 inde
1385 647 1594 701 dispositis
1630 661 1703 701 per

351 716 517 764 recepta
546 709 698 764 oppida
721 709 897 750 Romam
929 709 982 749 ad
1013 708 1262 749 destinatum
1292 708 1474 749 omnium
1499 723 1702 749 consensu

354 771 604 826 triumphum
630 786 849 812 secessere.
887 771 1049 812 additus
1076 769 1281 825 triumpho
1306 770 1454 820 honos,
1480 777 1526 810 ut
1545 777 1702 811 statuae

355 841 563 887 equestres
579 833 650 882 eis,
670 848 762 874 rara
779 833 849 873 illa
868 838 999 874 aetate
1018 847 1096 881 res,
1116 832 1157 872 in
1177 832 1266 873 foro
1284 839 1544 886 ponerentur.
1570 833 1703 886 prius-

354 913 477 951 quam
509 896 682 938 comitiis
714 896 756 936 in
785 896 1069 949 insequentem
1100 910 1254 936 annum
1284 894 1472 936 consules
1497 901 1701 950 rogarent,

356 959 556 1001 Camillus
581 959 632 999 de
656 957 821 999 Latinis
846 957 1009 1012 populis
1036 957 1087 998 ad
1113 963 1301 998 senatum
1324 956 1478 997 rettulit
1502 963 1623 1010 atque
1648 956 1704 996 ita

355 1021 565 1063 disseruit:
593 1025 747 1075 ‘patres
774 1020 1012 1074 conscripti,
1040 1019 1151 1073 quod
1168 1018 1276 1060 bello
1296 1019 1500 1071 armisque
1520 1018 1562 1058 in
1579 1018 1703 1059 Latio

356 1085 562 1140 agendum
581 1084 676 1132 fuit,
703 1084 745 1124 id
763 1084 846 1124 iam
865 1083 988 1123 deum
1007 1082 1259 1137 benignitate
1284 1096 1331 1122 ac
1355 1081 1503 1122 virtute
1529 1081 1703 1121 militum

356 1147 408 1188 ad
432 1147 554 1187 finem
579 1146 702 1186 venit.
763 1145 872 1186 caesi
897 1145 949 1185 ad
974 1144 1136 1185 Pedum
1161 1143 1442 1197 Asturamque
1469 1150 1564 1184 sunt
1589 1158 1704 1183 exer-

355 1208 459 1249 citus
485 1207 683 1256 hostium,
710 1207 861 1261 oppida
878 1207 1031 1247 Latina
1056 1206 1192 1247 omnia
1218 1212 1257 1246 ct
1274 1205 1446 1246 Antium
1469 1220 1519 1246 cx
1538 1204 1702 1246 Volscis

355 1278 425 1312 aut
449 1271 490 1310 vi
516 1277 634 1324 capta
659 1277 728 1310 aut
751 1276 915 1323 recepta
939 1269 980 1309 in
1005 1269 1251 1309 deditionem
1276 1268 1489 1322 praesidiis
1516 1274 1704 1308 tenentur

314 1347 330 1375 :3
356 1332 515 1373 vestris.
574 1332 731 1384 reliqua
756 1331 1001 1372 consultatio
1028 1337 1108 1378 est,
1135 1330 1327 1382 quoniam
1353 1329 1587 1370 rebellando
1615 1343 1701 1369 sac-

354 1395 447 1448 pius
479 1409 552 1435 nos
580 1393 815 1442 sollicitant,
848 1408 1024 1446 quonam
1050 1392 1172 1432 modo
1197 1398 1391 1445 perpetua
1416 1405 1516 1445 pace
1542 1390 1701 1443 quietos

356 1457 626 1498 obtineamus,
682 1456 722 1495 (li
746 1455 981 1496 inmortales
1007 1455 1063 1495 ita-
1087 1470 1160 1495 vos
1186 1460 1372 1508 potentes
1397 1454 1518 1494 huius
1545 1453 1702 1494 consilii

355 1518 558 1567 fecerunt,
586 1524 646 1567 ut,
675 1517 909 1557 sitLatium
930 1517 1076 1557 deinde
1097 1531 1148 1556 an
1167 1531 1248 1556 non
1269 1516 1336 1565 sit,
1364 1516 1406 1556 in
1424 1522 1559 1556 vestra
1579 1530 1703 1555 manu

354 1580 577 1634 posuerint.
637 1580 773 1632 itaque
799 1593 943 1633 pacem
968 1578 1104 1627 vobis,
1136 1579 1246 1631 quod
1271 1578 1323 1618 ad
1347 1578 1520 1618 Latinos
1547 1578 1701 1626 attinet,

354 1656 496 1696 parare
522 1642 563 1681 in
582 1648 824 1695 perpetuum
843 1640 909 1681 vel
929 1640 1147 1681 saeviendo
1167 1640 1230 1680 vel
1250 1640 1499 1694 ignoscendo
1518 1640 1701 1694 potestis.

357 1703 479 1744 vultis
506 1703 724 1744 crudeliter
749 1702 961 1743 consulere
987 1702 1028 1742 in
1053 1702 1212 1742 deditos
1244 1702 1473 1754 victosque:
1510 1702 1604 1742 licet
1634 1701 1703 1741 de-

355 1765 437 1806 lcrc
468 1780 587 1805 omne
612 1765 802 1813 Latium,
840 1771 978 1805 vastas
1009 1764 1103 1804 inde
1137 1763 1376 1804 solitudines
1407 1762 1559 1811 facere,
1596 1763 1703 1802 unde

358 1827 498 1868 sociali
529 1827 695 1881 egregio
727 1826 909 1867 exercitu
939 1840 1012 1880 per
1042 1825 1171 1866 multa
1197 1824 1303 1865 bella
1326 1838 1557 1878 magnaque
1583 1838 1704 1878 saepe

318 1903 330 1931 J
358 1889 421 1929 usi
446 1889 543 1930 estis
553 1905 563 1938 3
595 1889 718 1929 vultis
745 1888 933 1942 exemplo
959 1888 1158 1928 maiorum
1184 1901 1334 1941 augere
1364 1901 1450 1926 rem
1474 1886 1706 1927 Romanam

357 1951 486 1991 victos
528 1951 570 1991 in
613 1951 819 1991 civitatem
862 1950 1124 2004 accipiendo:
1173 1949 1344 1989 materia
1385 1948 1596 1989 crescendi
1635 1962 1708 2001 per

358 2028 562 2053 summam
586 2012 760 2068 gloriam
785 2012 1031 2066 suppeditat.
1081 2018 1188 2052 certe
1213 2011 1253 2051 id
1280 2011 1560 2051 firmissimum
1584 2010 1706 2064 longe

358 2074 576 2128 imperium
613 2081 693 2123 cst,
736 2089 817 2127 quo
854 2073 1117 2114 oboedientes
1154 2073 1346 2128 gaudent.
1397 2073 1469 2113 sed
1506 2078 1706 2111 maturato

359 2151 461 2190 opus
488 2142 566 2185 cst,
593 2136 794 2189 quidquid
814 2142 989 2176 statuere
1009 2135 1155 2189 placet.
1193 2141 1251 2175 tot
1270 2133 1443 2188 populos
1463 2133 1566 2173 inter
1591 2147 1707 2186 spem

359 2209 596 2250 metumque
623 2212 846 2252 suspensos
873 2197 997 2237 animi
1022 2195 1200 2246 habetis,
1229 2203 1268 2236 et
1291 2202 1469 2236 vestram
1495 2195 1631 2248 itaque
1657 2194 1707 2234 dc

360 2259 417 2299 eis
450 2274 589 2300 curam
615 2274 738 2313 quam
763 2259 940 2314 primum
966 2258 1125 2300 absolvi
1151 2265 1190 2299 ct
1213 2258 1375 2299 illorum
1400 2257 1578 2306 animos,
1610 2256 1708 2296 dum

359 2322 665 2376 exspectatione
697 2328 879 2376 stupent,
914 2336 987 2361 scu
1011 2336 1143 2375 poena
1170 2335 1243 2361 seu
1267 2319 1464 2361 beneficio
1488 2332 1709 2373 praeoccu-

359 2385 445 2437 pari
484 2391 654 2439 oportet.
714 2391 900 2424 nostrum
937 2383 1015 2424 suit
1051 2383 1232 2432 efficere,
1276 2389 1319 2422 ut
1357 2382 1538 2423 omnium
1574 2395 1709 2422 rerum

360 2445 477 2486 vobis
503 2446 556 2486 ad
581 2446 877 2487 consulendum
904 2452 1085 2499 potestas
1112 2451 1238 2493 esset,
1270 2450 1453 2485 vestrum
1484 2449 1546 2484 est
1571 2443 1711 2483 decer-

361 2522 456 2548 nere
482 2508 594 2560 quod
619 2508 820 2562 optimum
846 2507 962 2548 vobis
988 2507 1127 2560 reique
1152 2506 1341 2561 publicae
1368 2505 1444 2546 sit?

444 2569 596 2610 XIIII.
634 2569 848 2624 Principes
863 2576 1028 2610 senatus
1042 2569 1278 2609 relationem
1292 2567 1470 2609 consulis
1485 2567 1535 2608 de
1551 2581 1711 2608 summa

361 2645 495 2671 rerum
521 2631 706 2680 laudare,
734 2633 824 2681 scd,
853 2647 945 2672 cum
972 2631 1144 2672 aliorum
1170 2645 1295 2672 causa
1313 2629 1393 2670 alia
1413 2636 1539 2678 esset,
1565 2629 1622 2669 ita
1641 2642 1710 2668 ex-

364 2692 490 2744 pediri
526 2707 650 2747 posse
687 2694 902 2735 consilium
939 2693 1092 2743 dicere,
1141 2700 1185 2734 ut
1220 2707 1294 2748 pro
1331 2691 1474 2732 merito
1511 2690 1708 2742 cuiusque
