1780 3204
458 199 613 235 LIBER
637 199 728 244 VII,
756 199 785 232 1.
812 201 861 242 [a.
877 197 1006 232 e.367.
1027 197 1109 241 366]
1379 186 1459 227 351

112 304 287 349 Campani
303 314 384 337 eum
399 314 421 338 a
435 301 661 337 Samnitibus
677 301 778 335 bello
793 303 1033 345 urgerentur,
1053 298 1189 333 auxilio
1205 298 1382 333 adversus
1395 308 1462 331 cos

111 367 131 389 a
147 359 278 389 senatu
297 355 433 399 petito,
462 364 543 387 eum
563 352 601 386 id
620 363 695 386 non
714 352 964 396 inpetrarent,
989 350 1118 384 urbem
1139 354 1177 384 et
1196 360 1306 394 agros
1320 348 1461 392 populo

110 407 277 439 Romano
299 405 538 439 dediderunt:
565 404 612 436 ob
634 414 745 447 quam
765 413 916 436 causam
942 412 1003 441 ea,
1029 411 1124 445 quae
1150 400 1280 444 populi
1304 398 1464 434 Romani

110 457 210 490 faeta
235 460 376 497 essent,
404 454 555 489 defendi
579 454 680 488 bello
707 453 885 487 adversus
907 451 1091 486 Samnites
1115 451 1268 495 placuit.
1308 461 1389 484 cum
1414 449 1462 483 ab

109 506 204 540 Aulo
232 505 404 540 Cornelio
431 505 584 539 consule
610 504 791 538 exercitus
817 503 855 537 in
879 503 1001 537 locum
1026 502 1194 546 iniquum
1219 501 1400 535 deductus
1426 500 1463 533 in

109 567 244 601 magno
261 556 471 589 discrimine
488 559 604 599 esset,
631 555 672 588 P.
685 553 781 588 Deci
795 553 910 587 Muris
925 552 1065 587 tribuni
1083 552 1240 585 militum
1261 562 1376 595 opera
1391 561 1463 584 ser-

108 611 215 640 vatus
230 610 298 649 est,
315 605 377 650 qui
393 610 574 650 occupato
593 605 687 638 colle
704 615 814 649 super
826 604 864 637 id
878 604 1017 648 iugum,
1038 603 1075 636 in
1091 613 1164 647 quo
1181 601 1363 636 Samnites
1380 612 1463 634 con-

109 657 300 698 sederant,
328 656 562 689 occasionem
578 655 722 689 consuli
736 656 773 688 in
788 654 1002 700 aequiorem
1016 654 1139 687 locum
1152 652 1335 686 evadendi
1350 652 1462 693 dedit,

107 706 187 750 ipse
213 706 260 740 ab
281 706 453 740 hostibus
475 706 740 740 circumsessus
761 707 893 750 erupit.
932 716 1014 738 cum
1041 704 1178 738 milites
1198 703 1375 746 Romani,
1402 702 1465 747 qui

108 756 256 800 Capuae
276 756 313 789 in
334 756 521 800 praesidio
542 756 662 790 relicti
684 760 805 800 erant,
835 757 879 790 de
901 755 1121 800 occupanda
1141 755 1234 788 urbe
1255 753 1463 798 conspiras-

108 812 191 840 sent
206 810 243 841 et
262 807 411 841 detecto
432 807 589 840 consilio
610 810 711 840 metu
732 806 890 851 supplici
911 818 932 840 a
950 806 1090 851 populo
1110 806 1280 839 Romano
1308 803 1463 838 defecis-

108 862 200 900 sent,
216 868 283 901 per
296 857 551 892 M.Valerium
568 856 725 891 Corvum
747 858 984 899 dictatorem,
1011 857 1073 902 qui
1088 856 1244 891 consilio
1269 866 1335 889 suo
1357 865 1421 889 eos
1442 866 1464 888 a

107 908 232 941 furore
257 912 516 955 revocaverat,
542 908 686 952 patriae
713 908 873 941 restituti
899 912 995 941 sunt.
1029 918 1089 941 res
1115 911 1312 951 praeterea
1337 910 1466 939 contra

108 958 290 992 Hernicos
311 962 349 992 et
363 958 494 993 Gallos
516 964 555 992 et
569 958 746 992 Tiburtes
767 962 805 992 et
818 958 1054 992 Privernates
1075 962 1112 991 et
1123 956 1414 1001 Tarquinienses
1429 960 1466 989 et

109 1009 291 1043 Samnites
306 1014 344 1043 et
356 1009 517 1044 Volscos
530 1020 710 1054 prospere
725 1013 851 1054 gestas
868 1008 1059 1052 eontinet]

612 1229 764 1282 TITI
800 1216 962 1280 LIVI

434 1334 522 1372 AB
563 1333 752 1372 VRBE
800 1332 1136 1372 CONDITA

640 1447 808 1484 LIBER
837 1446 932 1485 VII.

191 1536 225 1576 I.
263 1535 412 1576 Annus
438 1534 504 1574 hic
530 1535 604 1575 erit
628 1534 803 1589 insignis
829 1533 924 1574 novi
948 1533 1126 1574 hominis
1152 1532 1379 1582 consulatu,
1406 1533 1467 1572 in-

111 1598 240 1653 signis
266 1597 384 1638 novis
410 1596 570 1636 duobus
597 1595 926 1651 magistratibus,
958 1602 1150 1649 praetura
1181 1601 1219 1634 et
1245 1594 1375 1634 curuli
1400 1608 1468 1634 ae-

109 1660 276 1700 dilitate.
313 1659 389 1699 hos
417 1658 494 1699 sibi
519 1658 677 1711 patricii
703 1657 943 1710 quaesivere
968 1657 1144 1697 honores
1169 1670 1243 1710 pro
1270 1670 1466 1696 concesso

110 1720 220 1775 plebi
244 1720 370 1761 altero
396 1720 624 1760 consulatu.
672 1719 815 1773 plebes
841 1718 1100 1759 consulatum
1124 1718 1178 1757 L.
1207 1716 1369 1766 Sextio,
1396 1731 1467 1758 cu-

111 1783 174 1821 ius
199 1781 292 1836 lege
317 1788 457 1835 partus
490 1788 593 1829 erat,
632 1780 762 1828 dedit;
798 1786 936 1834 patres
966 1786 1200 1834 praeturam
1227 1777 1300 1833 Sp.
1341 1779 1468 1821 Furio

110 1842 245 1882 Marci
268 1842 352 1883 filio
399 1841 594 1891 Camillo,
626 1842 876 1882 aedilitatem
904 1839 1049 1882 Gnaeo
1077 1840 1271 1893 Quinctio
1299 1840 1467 1896 Capito-

111 1904 194 1944 lino
219 1911 259 1943 et
283 1903 332 1944 P.
354 1903 546 1944 Cornelio
573 1902 769 1957 Scipioni,
797 1918 964 1943 suarum
988 1903 1174 1957 gentium
1200 1903 1309 1952 viris,
1335 1904 1468 1958 gratia

112 1965 330 2019 campestri
356 1972 563 2019 ceperunt.
612 1965 666 2005 L.
695 1963 838 2006 Sextio
864 1965 1023 2019 collega
1053 1979 1104 2004 ex
1135 1965 1320 2018 patribus
1346 1965 1466 2006 datus

111 2027 164 2067 L.
184 2027 390 2067 Aemilius
415 2027 666 2067 Mamercus.
703 2026 905 2081 principio
931 2026 1026 2067 anni
1051 2033 1090 2066 et
1115 2027 1165 2067 de
1192 2025 1337 2076 Gallis,
1363 2041 1466 2080 quos

111 2088 243 2143 primo
268 2089 426 2143 palatos
451 2103 524 2143 per
547 2088 744 2142 Apuliam
771 2089 1013 2143 congregari
1038 2088 1119 2128 iam
1145 2088 1256 2129 fama
1286 2095 1390 2138 erat,
1428 2096 1468 2130 et

113 2151 162 2191 de
188 2150 464 2191 Hernicorum
489 2150 718 2191 defectione
744 2151 898 2206 agitata
927 2151 1093 2191 mentio.
1143 2165 1236 2191 eum
1268 2152 1319 2192 (le
1349 2151 1468 2192 indu-

114 2212 212 2253 stria
237 2213 385 2261 onmia,
411 2227 463 2253 ne
483 2213 581 2265 quid
599 2227 672 2267 per
690 2212 895 2267 plebeium
915 2213 1126 2253 consulem
1146 2221 1347 2268 ageretur,
1373 2228 1468 2268 pro-

114 2274 327 2324 ferrentur,
355 2275 560 2315 silentium
586 2276 767 2316 omnium
787 2290 923 2316 rerum
942 2290 990 2316 ac
1008 2276 1162 2316 iustitio
1188 2276 1319 2317 simile
1339 2277 1466 2317 otium

113 2336 202 2385 fuit,
229 2337 308 2377 nisi
332 2338 443 2390 quod
467 2352 548 2378 non
572 2337 823 2392 patientibus
850 2338 1019 2378 tacitum
1045 2338 1232 2388 tribunis,
1258 2340 1369 2392 quod
1392 2355 1466 2394 pro

114 2399 280 2440 consule
311 2414 392 2439 uno
423 2399 583 2453 plebeio
614 2406 695 2440 tres
729 2399 923 2454 patricios
960 2400 1225 2455 magistratus
1256 2401 1465 2443 curulibus

114 2461 224 2501 sellis
261 2468 536 2515 praetextatos
573 2470 783 2514 tamquam
819 2461 1009 2503 consules
1047 2462 1236 2503 sedentes
1274 2463 1465 2505 nobilitas

114 2522 191 2563 sibi
217 2523 480 2577 sumpsisset,
516 2530 746 2577 praetorem
771 2523 937 2576 quidem
968 2523 1090 2564 etiam
1115 2524 1205 2565 iura
1227 2525 1465 2566 reddentem

113 2591 153 2625 et
177 2585 377 2640 collegam
403 2585 640 2626 consulibus
666 2592 787 2638 atque
812 2585 944 2626 isdem
963 2586 1156 2640 auspiciis
1176 2594 1370 2637 creatum,
1396 2603 1466 2629 ve-

114 2648 306 2689 recundia
339 2647 435 2689 inde
471 2647 648 2702 inposita
684 2654 746 2689 est
788 2648 947 2689 senatui
983 2662 1035 2689 ex
1069 2648 1254 2703 patribus
1297 2649 1464 2692 iubendi

1493 1732 1510 1760 {0

1493 2042 1511 2071 02
