1835 3226
347 219 428 260 505
740 221 893 255 LIBER
918 220 971 264 X,
998 221 1050 254 14.
1080 223 1127 265 [a.
1142 232 1176 254 u.
1192 221 1317 264 2457]

345 328 450 368 hane
487 333 556 366 aut
597 326 639 365 in
674 325 786 365 illam
821 323 1074 378 provinciam
1111 324 1253 378 copiae
1291 324 1409 374 satis,
1447 331 1488 365 et
1522 332 1613 366 uter
1648 325 1701 367 ad

303 404 320 433 3
346 395 482 428 utrum
507 386 660 427 bellum
686 386 770 426 dux
794 386 967 426 idoneus
993 385 1127 439 magis
1153 392 1280 435 esset,
1313 385 1364 426 ab
1392 384 1531 427 Sutrio
1557 393 1595 427 et
1619 386 1702 428 Ne-

345 456 437 503 pete
463 454 502 489 et
525 448 698 489 Faleriis
723 447 867 502 legati,
902 453 1089 488 auctores
1115 447 1287 488 concilia
1310 447 1502 489 Etruriae
1527 448 1702 502 populo-

345 525 435 551 rum
455 509 504 549 de
525 509 700 563 petenda
719 523 819 563 pace
838 508 992 557 haberi,
1008 514 1135 549 totam
1149 508 1246 549 belli
1264 508 1413 549 molem
1428 509 1469 549 in
1485 508 1701 551 Samnium

302 588 322 616 4
347 578 592 613 averterunt.
640 571 815 625 profecti
846 571 1054 620 consules,
1087 584 1168 624 quo
1199 571 1471 625 expeditiores
1497 585 1701 612 commea-

347 641 412 674 tus
439 640 577 674 essent
602 640 642 674 et
666 633 856 674 incertior
879 632 1029 682 hostis,
1055 647 1137 686 quav
1160 639 1378 673 venturum
1403 631 1558 673 bellum
1582 633 1700 683 foret,

346 694 501 736 Fabius
537 709 611 749 per
644 693 867 744 Soranum,
904 694 1064 735 Decius
1100 709 1173 748 per
1211 692 1441 735 Sidicinum
1478 709 1623 749 agrum
1659 695 1701 735 in

303 772 320 799 5
349 756 566 798 Samnium
595 755 778 811 legiones
811 756 977 797 ducunt.
1027 755 1098 796 ubi
1128 756 1171 796 in
1200 755 1380 796 hostium
1404 755 1507 796 fines
1533 763 1701 797 ventum

349 825 428 867 est,
461 824 632 870 uterque
658 817 977 872 populabundus
1004 817 1136 858 effuso
1162 817 1325 872 agmine
1350 817 1513 858 incedit.
1563 817 1703 872 explo-

304 895 322 924 ss
347 887 438 921 rant
468 879 757 935 tamen-latius
789 894 913 933 quam
944 879 1202 934 populantur.
1252 879 1378 934 igitur
1406 894 1489 920 non
1517 878 1700 921 fefellere

347 942 398 982 ad
425 941 638 982 Tifernum
669 940 809 982 hostes
841 941 882 981 in
913 941 1073 982 occulta
1103 940 1209 981 valle
1239 940 1444 990 instructi,
1482 955 1606 994 quam
1641 941 1704 981 in-

345 1018 511 1058 gressos
554 1004 765 1044 Romanos
809 1004 1018 1058 superiore
1062 1018 1113 1044 ex
1153 1002 1244 1044 loeo
1293 1003 1442 1044 adoriri
1488 1002 1700 1057 parabant.

305 1081 320 1109 7
345 1066 501 1107 Fabius
527 1066 814 1120 inpedimentis
839 1066 881 1106 in
906 1065 1041 1107 locum
1066 1072 1200 1106 tutum
1224 1065 1390 1106 remotis
1415 1065 1700 1120 praesidioque

346 1128 507 1169 modico
538 1128 733 1182 inposito,
769 1128 1035 1182 praemonitis
1072 1127 1269 1168 militibus
1307 1127 1452 1168 adesse
1483 1133 1700 1175 certamen,

347 1189 546 1242 quadrato
571 1189 734 1244 agmine
760 1190 812 1230 ad
841 1190 1071 1244 praedictas
1097 1189 1277 1230 hostium
1303 1188 1480 1230 latebras
1507 1188 1699 1230 succedit.

303 1265 323 1295 8
351 1250 559 1293 Samnites
585 1252 800 1305 desperato
825 1252 1034 1305 inproviso
1060 1251 1249 1300 tumultu,
1271 1251 1435 1304 quando
1454 1251 1495 1291 in
1516 1257 1701 1305 apertum

349 1313 476 1354 semel
502 1313 722 1354 discrimen
747 1328 922 1354 evasura
947 1321 1055 1354 esset
1079 1328 1164 1362 rcs,
1192 1320 1229 1353 et
1256 1313 1335 1367 ipsi
1366 1313 1452 1354 acie
1483 1313 1591 1353 iusta
1616 1327 1701 1352 ma-

345 1376 509 1417 luerunt
535 1390 786 1416 concurrere.
836 1376 973 1429 itaque
998 1376 1040 1416 in
1065 1390 1241 1429 aequum
1268 1375 1521 1415 descendunt
1546 1389 1594 1415 ac
1618 1374 1700 1414 for-

304 1452 321 1479 a
348 1445 471 1478 tunae
503 1452 546 1478 se
578 1438 731 1479 maiore
767 1439 902 1479 animo
934 1453 1057 1491 quam
1096 1453 1166 1492 spe
1199 1438 1468 1478 committunt.
1518 1443 1698 1477 ceterum

349 1499 435 1539 sive
472 1499 568 1552 quia
611 1514 662 1539 cx
699 1499 881 1540 omnium
920 1498 1168 1540 Samnitium
1212 1499 1374 1553 populis
1411 1499 1699 1552 quodcumque

346 1559 504 1601 roboris
541 1560 675 1601 fuerat
711 1568 995 1601 contraxerant
1031 1576 1104 1602 seu
1134 1561 1230 1614 quia
1259 1561 1479 1601 discrimen
1515 1574 1699 1600 summae

346 1637 481 1662 rerum
506 1622 685 1677 augebat
709 1623 887 1671 animos,
920 1622 1174 1676 aliquantum
1199 1637 1361 1676 quoque
1392 1630 1531 1677 aperta
1560 1637 1700 1676 pugna

285 1696 324 1725 10
348 1684 624 1738 praebuerunt
654 1685 831 1726 terroris.
879 1684 1034 1726 Fabius
1067 1685 1137 1725 ubi
1168 1685 1279 1725 nulla
1310 1700 1360 1725 ex
1390 1691 1504 1739 parte
1540 1684 1700 1725 hostem

348 1747 438 1788 loco
464 1747 619 1787 moveri
644 1747 757 1797 vidit,
783 1746 1017 1787 Maximum
1043 1746 1172 1787 filium
1199 1753 1237 1787 et
1256 1746 1317 1786 M.
1338 1746 1551 1787 Valerium
1576 1745 1702 1787 tribu-

348 1824 422 1850 nos
455 1809 647 1857 militum,
680 1824 774 1850 cum
805 1809 954 1862 quibus
986 1809 1037 1849 ad
1068 1809 1242 1863 primam
1273 1808 1403 1849 aciem
1432 1814 1701 1862 procurrerat,

284 1883 319 1911 11
348 1870 405 1911 ire
431 1871 484 1911 ad
514 1871 671 1924 equites
702 1871 814 1912 iubet
840 1878 879 1912 ct
904 1871 1127 1920 adhortari,
1160 1877 1221 1920 ut,
1255 1870 1289 1910 si
1313 1871 1477 1924 quando
1506 1884 1701 1923 umquam

349 1933 529 1986 equestri
560 1947 636 1987 ope
669 1933 850 1973 adiutam
880 1948 966 1974 rem
997 1932 1206 1988 publicam
1237 1933 1512 1982 meminerint,
1543 1932 1612 1973 illo
1637 1931 1702 1972 die

350 1995 603 2044 adnitantur,
644 2001 685 2035 ut
722 1995 874 2036 ordinis
913 1995 1000 2035 cius
1037 1995 1209 2050 gloriam
1246 1995 1440 2035 invictam
1481 1999 1700 2049 praestent.

286 2068 323 2096 12
350 2056 534 2110 peditum
560 2056 780 2097 certamine
806 2056 1043 2097 inmobilem
1069 2057 1228 2097 hostem
1254 2063 1426 2106 restare,
1454 2070 1617 2097 omnem
1641 2069 1703 2095 re-

349 2118 503 2171 liquam
529 2132 644 2172 spem
669 2118 711 2158 in
736 2118 892 2172 impetu
917 2132 1007 2158 esse
1035 2118 1230 2171 equitum.
1269 2124 1308 2158 et
1326 2118 1437 2172 ipsos
1462 2117 1703 2158 nominatim

347 2180 530 2229 iuvenes,
556 2179 645 2234 pari
670 2181 860 2221 comitate
885 2186 1117 2233 utrumque,
1137 2194 1247 2220 nune
1271 2179 1461 2220 laudibus
1481 2193 1591 2220 nune
1610 2193 1703 2233 pro-

284 2254 323 2283 13
349 2241 486 2282 missis
525 2248 678 2282 onerat.
739 2248 919 2282 ceterum
951 2242 1116 2295 quando
1147 2256 1198 2282 ne
1229 2256 1277 2282 ea
1307 2256 1470 2294 quoque
1506 2247 1704 2295 temptata

347 2303 409 2344 vis
434 2298 659 2358 proficeret}
687 2303 856 2344 consilio
880 2303 1166 2358 grassandum,
1194 2303 1228 2344 si
1252 2303 1352 2343 nihil
1370 2303 1477 2343 vires
1503 2302 1702 2350 iuvarent,

284 2378 323 2406 14
347 2373 478 2414 ratus,
513 2364 748 2420 Scipionem
779 2365 962 2420 legatum
993 2364 1177 2405 hastatos
1208 2365 1363 2419 primae
1399 2364 1573 2419 legionis
1605 2362 1704 2404 sub-

347 2426 505 2468 trahere
531 2442 582 2468 ex
601 2427 688 2468 acie
713 2433 753 2468 et
777 2427 830 2468 ad
854 2427 1003 2468 montis
1024 2427 1234 2481 proximos
1255 2441 1378 2480 quam
1403 2432 1544 2480 posset
1568 2423 1703 2467 occul-

348 2488 504 2529 tissime
541 2489 846 2530 circumducere
876 2488 1007 2538 iubet,
1044 2488 1139 2529 inde
1175 2503 1350 2529 ascensu
1382 2487 1520 2529 abdito
1552 2503 1576 2528 a
1606 2501 1702 2528 con-

350 2558 491 2603 speetu
517 2551 672 2606 erigere
697 2551 740 2591 in
765 2557 925 2592 montes
951 2564 1099 2605 agmen
1126 2565 1352 2603 aversoque
1377 2549 1485 2590 hosti
1510 2548 1561 2590 ab
1587 2555 1700 2603 tergo

286 2623 324 2652 1,)
350 2618 513 2664 repente
541 2627 583 2652 se
604 2613 831 2653 ostendere.
870 2612 1027 2665 equites
1048 2611 1221 2652 ducibus
1243 2611 1415 2652 tribunis
1439 2610 1551 2651 haud
1575 2609 1702 2650 multo

349 2671 439 2725 plus
471 2673 657 2716 hostibus
689 2690 813 2728 quam
845 2675 929 2715 suis
962 2689 1012 2715 ex
1044 2674 1253 2729 inproviso
1290 2680 1383 2715 ante
1421 2673 1540 2728 signa
1571 2671 1700 2714 evecti
