1835 3226
278 237 334 280 40
582 248 737 282 LIBER
756 249 790 290 1,
817 248 872 281 35.
894 249 948 282 36.
977 251 1026 291 [a.
1039 259 1074 282 u.
1088 260 1117 282 c.
1132 250 1325 294 138—176]

235 364 251 392 7
279 357 485 391 venerant.
531 349 685 390 bellum
709 350 887 403 primum
913 364 1006 390 cum
1025 350 1190 390 Latinis
1216 352 1345 405 gessit
1370 360 1410 393 et
1434 356 1631 408 oppidum

278 411 335 452 ibi
353 411 527 465 Apiolas
553 411 594 451 vi
619 411 727 465 cepit
750 411 986 465 praedaque
1011 411 1105 452 inde
1130 412 1301 461 maiore,
1333 428 1457 467 quam
1483 425 1636 468 quanta

277 472 374 513 belli
403 472 517 513 fama
541 472 692 521 fuerat,
724 480 887 514 revecta
910 473 1030 514 ludos
1056 473 1289 528 opulentius
1314 475 1635 532 instructiusque

232 547 251 575 8
278 548 401 587 quam
431 534 588 588 priores
618 549 739 590 reges
770 534 879 575 fecit.
928 542 1026 576 tunc
1055 535 1234 590 primum
1264 536 1390 586 circo,
1428 538 1500 591 qui
1527 554 1638 581 nunc

277 596 482 637 maximus
508 596 673 645 dicitur,
706 596 946 652 designatus
971 597 1087 638 locus
1113 604 1187 638 est.
1235 598 1327 640 loca
1351 599 1484 641 divisa
1512 601 1638 655 patri-

277 657 354 698 bus
392 657 699 711 equitibusque,
742 658 814 699 ubi
849 658 1085 713 spectacula
1119 658 1198 700 sibi
1232 660 1407 713 quisque
1442 661 1637 712 facerent,

233 733 250 762 9
278 719 355 760 fori
381 720 586 774 appellati.
637 727 875 775 spectavere
900 720 1026 762 furcis
1047 721 1260 762 duodenos
1280 722 1332 764 ab
1352 730 1461 764 terra
1480 731 1640 778 specta-

277 781 370 822 cula
393 782 475 822 alta
501 781 799 823 sustinentibus
824 783 965 837 pedes.
1008 783 1211 824 ludicrum
1235 784 1313 824 fuit
1339 785 1433 838 equi
1456 786 1639 841 pugiles-

276 857 357 896 que
393 858 445 884 ex
474 843 642 884 Etruria
677 845 856 885 maxime
893 845 1023 886 acciti.
1073 845 1292 888 sollemnes
1330 847 1478 888 deinde
1514 848 1639 889 annui

213 918 251 946 10
277 919 466 946 mansere
486 905 586 954 ludi,
612 905 791 947 Romani
809 907 1031 961 magnique
1051 907 1162 948 varie
1181 907 1387 962 appellati.
1421 908 1472 950 ab
1493 910 1637 951 eodem

277 981 374 1022 rege
406 974 446 1011 et
477 968 585 1008 circa
616 967 751 1008 forum
781 968 952 1022 privatis
978 968 1234 1010 aedificanda
1258 970 1391 1011 dixisa
1416 978 1509 1011 sunt
1534 971 1637 1020 loca,

278 1029 459 1083 porticus
486 1029 762 1082 tabernaeque
787 1029 935 1071 factae.

237 1105 250 1132 1
364 1091 586 1132 XXXVI.
647 1090 771 1133 Muro
807 1106 971 1145 quoque
1007 1092 1169 1147 lapideo
1206 1093 1459 1135 circumdare
1494 1094 1637 1136 urbem

277 1151 466 1207 parabat,
494 1167 588 1193 cum
609 1151 812 1194 Sabinum
832 1153 986 1194 bellum
1005 1154 1160 1208 coeptis
1179 1155 1409 1197 intervenit.
1452 1157 1638 1209 adeoque

278 1227 326 1254 ca
363 1213 499 1254 subita
534 1228 598 1255 res
635 1213 730 1263 fuit,
768 1223 812 1255 ut
843 1215 956 1269 prius
988 1215 1194 1256 Anienem
1230 1217 1447 1258 transirent
1499 1214 1638 1256 hostes

278 1289 402 1328 quam
429 1275 594 1316 obviam
619 1276 677 1316 ire
702 1291 749 1317 ac
774 1276 991 1330 prohibere
1017 1278 1219 1318 exercitus
1244 1278 1458 1320 Romanus
1483 1287 1636 1333 posset.

234 1351 252 1379 2
278 1337 416 1390 itaque
452 1338 699 1392 trepidatum
736 1338 895 1379 Romae
932 1347 1006 1379 est.
1067 1346 1106 1380 et
1141 1340 1273 1393 pn'mo
1309 1340 1435 1381 dubia
1469 1341 1639 1382 xictoria

278 1414 431 1454 magna
454 1400 660 1453 utrimque
686 1400 811 1441 caede
836 1407 1066 1455 pugnatum
1091 1408 1172 1450 est3
1209 1402 1388 1443 reductis
1419 1403 1566 1444 deinde
1596 1403 1638 1443 in

279 1468 412 1502 castra
442 1460 622 1503 hostium
653 1462 780 1516 copiis
812 1463 990 1516 datoque
1016 1463 1147 1516 spatio
1173 1463 1371 1505 Romanis
1397 1464 1450 1505 ad
1489 1480 1639 1519 conpa-

278 1523 454 1564 randum
478 1523 528 1564 de
553 1523 713 1578 integro
739 1524 910 1573 bellum,
943 1524 1213 1578 Tarquinius,
1251 1526 1429 1579 equitem
1460 1527 1638 1568 maxime

280 1585 365 1626 suis
391 1585 537 1626 deesse
562 1585 717 1626 xiribus
742 1593 874 1635 ratus,
901 1586 954 1627 ad
971 1586 1164 1636 Ramnis,
1186 1587 1411 1637 Titienses,
1438 1588 1638 1637 Luceres,

279 1660 382 1700 quas
403 1647 610 1688 centurias
631 1647 835 1689 Romulus
863 1648 1099 1702 scripserat,
1127 1648 1276 1689 addere
1303 1649 1402 1691 alias
1429 1650 1638 1691 constituit

281 1722 439 1762 suoque
464 1709 649 1764 insignes
674 1709 904 1763 relinquere
929 1710 1106 1750 nomine.
1589 1720 1601 1727 “

235 1785 252 1813 3
362 1770 414 1811 Id
449 1771 546 1825 quia
580 1771 826 1826 inaugurato
862 1772 1066 1813 Romulus
1103 1772 1275 1822 fecerat,
1324 1787 1476 1828 negare
1510 1772 1639 1816 Attus

277 1832 453 1883 Navius,
479 1833 644 1874 inclitus
671 1848 719 1875 ea
743 1841 986 1889 tempestate
1012 1849 1155 1889 augur,
1181 1849 1315 1888 neque
1335 1835 1484 1876 mutari
1507 1850 1641 1889 neque

234 1910 253 1937 4
278 1910 432 1936 novum
458 1896 668 1945 constitui,
700 1897 780 1937 nisi
805 1911 903 1937 aves
929 1896 1203 1946 addixissent,
1234 1911 1371 1951 posse.
1421 1912 1472 1938 ex
1503 1912 1551 1939 eo
1581 1898 1642 1939 ira

278 1958 366 2012 regi
389 1966 519 2007 mota,
553 1958 806 2012 eludensque
831 1965 980 2007 artem,
1018 1966 1063 1999 ut
1093 1957 1247 2008 ferunt,
1287 1963 1383 2014 ‘age
1414 1959 1545 2009 dum:
1580 1959 1642 2000 in-

279 2020 367 2072 quit
393 2020 548 2060 ‘divine
574 2028 636 2069 tu,
669 2020 889 2075 inaugura,
926 2020 1067 2061 fierine
1098 2021 1248 2075 possit,
1286 2021 1399 2074 quod
1428 2035 1538 2062 nunc
1563 2035 1642 2076 ego

279 2092 416 2122 mente
449 2082 659 2136 concipio?
708 2097 802 2123 cum
831 2082 899 2122 ille
930 2083 973 2122 in
1003 2082 1176 2137 augurio
1205 2097 1293 2123 rem
1324 2092 1518 2137 expertus
1549 2097 1642 2137 pro-

236 2190 240 2193 ,
280 2141 390 2183 fecto
415 2142 598 2183 futuram
624 2143 814 2192 dixisset,
849 2144 980 2196 ‘atqui
1009 2143 1088 2184 hoc
1119 2144 1256 2185 animo
1287 2144 1472 2198 agitavi,'
1508 2144 1641 2197 inquit

281 2207 338 2244 ‘te
374 2204 576 2246 novacula
606 2212 746 2246 cotem
783 2206 1070 2247 discissurum:
1120 2220 1220 2260 cape
1261 2206 1363 2247 haec
1399 2214 1439 2247 et
1474 2221 1639 2261 perage,

279 2265 391 2318 quod
415 2280 512 2307 aves
544 2274 638 2307 tuae
669 2267 757 2308 fieri
786 2281 910 2322 posse
940 2267 1214 2321 portendunt?
1268 2276 1356 2308 tum
1385 2268 1500 2308 illum
1530 2268 1642 2309 haud

235 2342 254 2371 5
281 2334 521 2369 cunctanter
545 2328 761 2370 discidisse
787 2336 919 2370 cotem
945 2329 1094 2370 ferunt.
1144 2336 1279 2370 statua
1300 2329 1389 2371 Atti
1414 2330 1547 2384 capite
1571 2344 1642 2370 ve-

278 2389 379 2439 lato,
417 2404 498 2443 quo
529 2390 571 2430 in
600 2390 691 2432 1000
720 2406 786 2432 res
819 2398 909 2432 acta
941 2399 1020 2440 est,
1059 2391 1120 2444 (in
1151 2392 1334 2445 comitio)
1365 2392 1407 2432 in
1442 2391 1640 2447 gradibus

278 2451 381 2505 ipsis
413 2452 465 2492 ad
498 2451 659 2493 laevam
692 2453 829 2494 curiae
865 2453 960 2502 fuit,
998 2461 1131 2494 cotem
1168 2468 1332 2506 quoque
1369 2453 1514 2494 eodem
1551 2453 1641 2494 loco

282 2513 403 2554 sitam
427 2512 558 2554 fuisse
584 2522 831 2564 memorant,
857 2523 901 2555 ut
922 2522 1031 2556 esset
1051 2515 1104 2556 ad
1128 2524 1316 2569 posteros
1342 2515 1528 2556 miraculi
1553 2515 1640 2555 eius

279 2583 603 2617 monumentum.

237 2650 254 2678 6
364 2636 565 2692 Auguriis
603 2646 710 2680 certe
748 2640 1059 2693 sacerdotioque
1096 2654 1299 2694 augurum
1334 2646 1472 2680 tantus
1508 2638 1639 2678 honos

281 2699 473 2748 accessit,
511 2708 555 2740 ut
586 2701 686 2741 nihil
718 2700 813 2742 belli
843 2702 1036 2755 domique
1061 2708 1205 2756 postea
1228 2702 1307 2742 nisi
1333 2700 1543 2754 auspicato
1568 2712 1639 2753 gc-
