1780 3204
390 262 545 296 LIBER
570 262 625 307 11,
649 261 703 296 35.
723 262 777 296 36.
805 264 854 306 [a.
869 261 908 296 0.
921 262 998 296 492.
1016 262 1099 305 491]
1370 253 1421 292 97

63 366 272 421 dispositis
293 365 509 407 clientibus
530 365 795 407 absterrendo
816 365 1000 421 singulos
1021 381 1045 407 a
1064 365 1308 406 coitionibus
1329 379 1425 406 con-

63 429 247 482 ciliisque
274 429 445 469 disicere
470 443 557 469 rem
582 435 764 483 possent.
807 429 989 469 universi
1014 429 1161 469 deinde
1186 442 1422 483 processere

62 516 117 521 -—
142 491 342 544 quidquid
367 497 452 531 erat
476 497 639 545 patrum
663 506 755 531 reos
782 491 938 533 diceres
964 517 1017 520 —-
1042 491 1234 546 precibus
1260 490 1423 545 plebem

63 560 351 607 exposcentes,
380 567 506 592 unum
533 552 611 593 sibi
637 553 787 602 civem,
813 568 942 593 unum
968 560 1215 602 senatorem,
1249 553 1283 593 si
1308 553 1425 593 inno-

63 622 223 655 centem
249 614 462 656 absolvere
488 615 660 664 nollent,
685 630 760 669 pro
779 622 951 656 nocente
973 616 1184 656 donarent.
1221 615 1309 670 ipse
1326 630 1423 656 cum

63 677 128 717 die
154 677 263 717 dicta
287 692 370 717 non
395 678 577 726 adesset,
604 684 912 732 perseveratum
938 678 979 717 in
1004 678 1064 718 ira
1088 684 1163 718 est.

148 739 383 779 Damnatus
415 739 564 780 absens
590 740 629 779 in
649 739 826 782 Volscos
852 740 1061 780 exulatum
1087 740 1203 787 abiit,
1229 739 1422 780 minitans

61 801 215 855 patriae
247 801 497 855 hostilesque
528 801 610 842 iam
641 808 727 842 tum
760 802 926 856 spiritus
957 817 1117 857 gerens.
1178 801 1423 842 Venientem

61 862 205 904 Volsci
219 862 389 918 benigni
409 878 606 917 excepere
626 862 928 918 benigniusque
948 864 990 904 in
1010 864 1096 904 (1105
1118 863 1318 913 colebant,
1341 878 1422 916 quo

62 925 192 965 maior
210 925 269 965 ira
289 925 330 965 in
351 940 448 966 suos
469 925 674 966 eminebat
693 925 940 978 crebraeque
954 941 1062 966 nunc
1077 926 1293 978 querellae,
1314 940 1423 965 1111110

62 987 197 1027 minae
222 987 563 1041 percipiebantur.
607 987 784 1041 hospitio
809 987 1001 1028 utebatur
1019 986 1111 1027 Atti
1131 987 1254 1028 Tulli.
1297 987 1419 1042 longe

64 1048 98 1089 is
131 1056 217 1089 tum
248 1049 438 1103 princeps
464 1049 607 1089 Volsci
636 1049 814 1090 nominis
841 1056 926 1089 erat
949 1049 1232 1101 Romanisque
1259 1063 1421 1102 semper

63 1110 250 1152 infestus.
288 1111 344 1151 ita
364 1125 457 1151 eum
479 1110 651 1151 alterum
670 1116 788 1150 vetus
809 1111 967 1159 odium,
994 1110 1167 1150 alterum
1192 1110 1251 1150 ira
1276 1125 1419 1150 recens

61 1173 306 1221 stimularet,
333 1173 503 1213 consilia
528 1172 744 1213 conferunt
768 1172 819 1213 de
844 1172 1034 1213 Romano
1059 1171 1180 1213 bello.
1223 1172 1335 1212 haud
1360 1172 1422 1212 fa-

59 1236 134 1276 cile
176 1235 413 1284 credebant,
457 1235 621 1290 plebem
665 1251 782 1276 suam
826 1235 968 1290 inpelli
1006 1250 1148 1290 posse,
1191 1242 1236 1275 111
1271 1235 1420 1275 totiens

58 1296 273 1338 infeliciter
308 1303 507 1351 temptata
542 1313 656 1338 arma
691 1304 896 1352 caperent.
956 1297 1095 1338 multis
1133 1312 1256 1351 saepe
1287 1297 1419 1347 bellis,

59 1358 291 1413 pestilentia
309 1366 518 1413 postremo
538 1360 693 1400 amissa
711 1360 921 1400 iuventute
942 1360 1094 1400 fractos
1122 1360 1287 1414 spiritus
1314 1374 1418 1409 esse,

58 1427 142 1462 arte
179 1421 386 1475 agendum
421 1421 464 1461 111
500 1421 661 1462 exoleto
691 1422 774 1462 iam
804 1428 1010 1463 vetustate
1041 1422 1154 1471 odio,
1192 1428 1237 1462 ut
1266 1422 1420 1463 recenti

58 1483 194 1537 aliqua
217 1483 277 1523 ira
303 1483 647 1524 exacerbarentur
671 1484 808 1525 animi.

140 1545 363 1587 XXXVI.
413 1546 529 1586 Ludi
559 1546 664 1588 forte
696 1561 746 1587 ex
771 1547 1066 1587 instauratione
1092 1547 1232 1602 magni
1258 1546 1415 1587 Romae

57 1607 317 1662 parabantur.
366 1608 623 1649 instaurandi
658 1609 760 1649 haec
797 1624 923 1649 eausa
957 1609 1109 1650 fuerat:
1153 1610 1260 1649 ludis
1298 1623 1418 1649 mane

59 1683 222 1709 servum
242 1670 409 1722 quidam
433 1677 550 1724 pater
574 1670 772 1719 familiae,
799 1671 983 1711 nondum
1009 1671 1230 1711 commisso
1257 1676 1418 1724 specta-

59 1730 169 1778 culo,
208 1730 284 1771 sub
316 1731 433 1772 furca
464 1746 632 1772 caesum
662 1733 798 1772 medio
831 1739 971 1786 egerat
996 1732 1115 1773 circo.
1165 1732 1298 1785 coepti
1324 1731 1418 1771 inde

57 1791 162 1840 ludi,
200 1792 312 1832 velut
342 1807 391 1833 ea
419 1808 484 1833 res
515 1793 616 1833 nihil
641 1793 694 1833 ad
718 1794 958 1848 religionem
983 1794 1258 1847 pertinuisset.
1308 1793 1418 1833 haud

58 1854 115 1894 ita
144 1853 272 1894 multo
302 1860 397 1907 post
422 1854 517 1895 Tito
541 1855 728 1903 Latinio,
768 1855 818 1895 de
848 1854 969 1909 plebe
1000 1855 1174 1903 homini,
1213 1854 1418 1895 somnium

59 1915 148 1955 fuit.
197 1916 311 1955 visus
337 1915 523 1969 Iuppiter
547 1916 699 1965 dicere,
733 1915 811 1957 sibi
836 1916 943 1957 ludis
968 1916 1310 1970 praesultatorem
1335 1916 1418 1957 dis-

58 1976 273 2031 plicuisse3
304 1977 384 2017 nisi
409 1976 627 2032 magnifiee
651 1978 975 2018 instaurarentur
999 1978 1027 2018 ii
1052 1978 1154 2026 ludi,
1187 1978 1415 2032 periculum

1450 442 1468 470 5

1450 628 1468 657 6

1448 1003 1463 1031 ¹⁸1

1445 1807 1462 1835 10

59 2037 151 2079 urbi
174 2038 281 2079 fore:
313 2038 406 2088 iret,
434 2053 482 2079 ea
507 2038 744 2080 consulibus
770 2039 987 2080 nuntiaret.
1030 2054 1282 2093 quamquam
1306 2040 1418 2080 haud
1443 2055 1461 2083 :3

61 2114 157 2140 sane
176 2099 279 2140 liber
297 2107 383 2140 erat
401 2100 597 2155 religione
617 2101 791 2150 animus,
812 2101 1059 2142 verecundia
1077 2108 1215 2142 tamen
1227 2102 1418 2143 maiesta-

59 2162 110 2202 tis
135 2161 451 2217 magistratuum
476 2162 663 2203 timorem
694 2163 809 2212 vicit,
846 2178 898 2204 ne
928 2163 970 2204 in
1000 2179 1071 2205 ora
1101 2164 1313 2204 hominum
1342 2178 1417 2218 pro

58 2223 234 2264 ludibrio
255 2223 397 2265 abiret.
434 2239 586 2279 magno
604 2224 663 2265 illi
688 2239 736 2265 ca
761 2226 966 2267 cunctatio
992 2227 1121 2267 stetit:
1148 2226 1277 2266 filium
1301 2241 1417 2266 nam-

59 2299 138 2338 que
169 2285 275 2325 intra
303 2300 459 2339 paucos
491 2287 578 2326 dies
610 2286 759 2327 amisit.
809 2287 926 2328 cuius
950 2288 1187 2342 repentinae
1213 2288 1341 2328 eladis
1366 2302 1418 2328 110

60 2361 185 2386 eausa
214 2346 339 2387 dubia
369 2353 495 2397 esset,
533 2362 657 2402 aegro
683 2349 809 2388 animi
833 2349 978 2390 eadem
1002 2350 1072 2391 illa
1096 2350 1137 2390 in
1164 2350 1318 2390 somnis
1344 2349 1417 2390 ob-

59 2415 222 2448 versata
258 2408 416 2462 species
453 2409 543 2450 visa
578 2415 640 2450 est
674 2410 870 2465 rogitare,
910 2411 1016 2452 satin
1057 2427 1252 2467 magnam
1289 2411 1415 2465 spreti

58 2470 237 2510 numinis
262 2470 432 2511 haberet
456 2472 707 2520 mercedem3
737 2472 933 2513 maiorem
958 2473 1128 2522 instare,
1159 2473 1202 2513 ni
1233 2480 1298 2514 eat
1322 2488 1417 2527 pro-

58 2547 153 2587 pere
174 2547 221 2573 ac
240 2533 398 2573 nuntiet
417 2533 669 2574 consulibus.
701 2534 783 2574 iam
801 2535 1055 2588 praesentior
1074 2551 1138 2576 res
1161 2542 1258 2576 erat.
1292 2550 1415 2576 cunc-

59 2600 210 2635 tantem
236 2600 372 2635 tamen
398 2609 444 2635 ae
468 2595 739 2649 prolatantem
764 2596 910 2651 ingens
936 2597 999 2637 vis
1025 2597 1157 2638 morbi
1181 2597 1323 2638 adorta
1353 2604 1416 2638 est

58 2655 266 2697 debilitate
304 2656 451 2697 subita.
507 2663 604 2697 tune
639 2657 848 2698 enimvero
885 2658 1056 2699 deorum
1090 2659 1151 2700 ira
1188 2660 1411 2700 admonuit.

58 2718 194 2759 fessus
219 2718 344 2773 igitur
368 2718 484 2760 malis
504 2719 732 2773 praeteritis
756 2719 1104 2774 instantibusque,
1131 2722 1302 2762 consilio
1320 2737 1414 2776 pro-

127 2795 190 2822 Livi
211 2796 264 2822 vol.
285 2794 306 2822 Ι.
1168 2787 1187 2821 7

1441 2674 1458 2703 G
