1835 3226
334 282 414 322 198
710 284 864 319 LIBER
889 284 983 328 1111,
1008 284 1040 317 4.
1069 286 1117 327 [a.
1133 295 1166 318 u.
1183 295 1211 319 c.
1224 285 1307 329 309]

329 391 438 445 apud
462 395 598 443 patres
625 401 716 428 esse
736 386 883 441 coepit.
920 385 1072 427 tribuni
1092 385 1221 441 plebi,
1248 386 1419 436 aediles,
1447 395 1684 440 quaestores

328 451 428 492 nulli
453 456 584 491 erant:
617 448 851 490 institutum
877 455 957 498 est,
982 454 1029 489 ut
1052 448 1208 489 fierent.
1247 448 1500 490 decemviros
1525 449 1686 505 legibus

329 511 555 554 scribendis
586 510 694 551 intra
723 510 867 551 decem
898 509 973 550 hos
1005 525 1134 551 annos
1171 515 1211 550 et
1245 509 1475 552 creavimus
1512 517 1552 552 et
1587 526 1609 552 e
1643 527 1688 554 re

283 590 301 617 4
326 573 492 629 publica
518 572 773 614 sustulimus.
823 572 915 625 quis
947 571 1126 622 dubitat,
1159 572 1258 625 quin
1282 572 1324 613 in
1349 579 1560 613 aeternum
1587 572 1687 615 urbe

326 635 506 684 condita,
531 635 574 675 in
592 635 826 675 inmensum
847 639 1073 683 crescente,
1099 648 1208 674 nova
1225 633 1416 688 imperia,
1444 635 1685 684 sacerdotia,

283 714 300 740 :2
327 699 416 738 iura
451 697 637 752 gentium
673 696 970 749 hominumque
1005 695 1294 736 instituantur?
1334 696 1413 737 hoc
1444 696 1599 751 ipsum,
1636 711 1687 738 ne

327 759 550 801 conubium
581 759 767 814 patribus
798 773 892 800 cum
923 757 1044 813 plebe
1069 765 1197 808 esset,
1228 773 1311 799 non
1337 758 1560 800 decemviri
1584 758 1688 799 tule-

325 828 419 862 runt
459 821 603 876 paucis
645 820 710 861 his
753 820 871 861 annis
906 819 1089 874 pessimo
1126 818 1353 874 (exemplo)
1389 819 1555 874 publico
1593 834 1686 860 cum

327 898 488 925 summa
518 882 666 923 iniuria
695 881 854 936 plebis?
901 897 955 922 an
985 895 1078 922 csse
1102 881 1186 922 ulla
1210 881 1340 922 maior
1364 889 1434 922 aut
1457 881 1688 936 insignitior

327 945 574 987 contumelia
597 951 734 999 potest
764 958 888 997 quam
912 949 1072 998 partem
1096 943 1272 984 civitatis
1298 943 1411 984 velut
1435 944 1687 985 contamina-

280 1022 297 1050 6
323 1015 406 1049 tam
424 1007 638 1062 indignam
658 1006 834 1048 conubio
854 1005 1020 1047 haberi?
1045 1005 1144 1059 quid
1163 1011 1225 1046 est
1243 1005 1355 1046 aliud
1371 1020 1496 1059 quam
1515 1006 1684 1046 exilium

324 1070 430 1110 intra
455 1070 599 1110 eadem
624 1068 804 1118 moenia,
837 1082 962 1121 quam
987 1067 1283 1123 relegationem
1313 1068 1423 1122 pati?
1458 1082 1510 1108 ne
1541 1067 1685 1108 adfini-

326 1131 497 1180 tatibus,
530 1145 581 1172 ne
605 1129 979 1186 propinquitatibus
1005 1130 1314 1179 inmisceamur,
1348 1136 1512 1179 cavent,
1542 1144 1595 1170 ne
1621 1143 1686 1170 so-

284 1209 299 1236 7
331 1193 459 1234 cietur
495 1192 677 1247 sanguis.
737 1192 861 1245 quid?
902 1192 980 1233 hoc
1016 1192 1051 1232 si
1086 1192 1232 1246 polluit
1267 1191 1522 1233 nobilitatem
1563 1191 1686 1232 istam

325 1261 522 1304 vestram,
565 1268 690 1308 quam
725 1253 909 1308 plerique
945 1253 1106 1294 oriundi
1143 1268 1195 1294 ex
1225 1252 1402 1295 Albanis
1439 1260 1480 1294 et
1518 1252 1684 1295 Sabinis

323 1331 405 1357 non
429 1330 578 1371 genere
604 1330 679 1356 nec
706 1315 924 1370 sanguine,
958 1315 1031 1355 scd
1054 1329 1128 1369 per
1153 1315 1455 1369 cooptationem
1479 1314 1522 1355 in
1545 1320 1682 1369 patres

324 1378 484 1419 habetis
516 1385 587 1419 aut
617 1377 668 1419 ab
699 1377 867 1433 regibus
899 1377 991 1418 lccti
1017 1385 1088 1418 aut
1111 1384 1204 1432 post
1227 1393 1347 1433 reges
1374 1384 1540 1419 exactos
1566 1378 1683 1419 iussu

323 1440 483 1494 populi,
521 1440 723 1481 sinceram
755 1454 917 1480 servare
948 1439 1116 1494 privatis
1154 1440 1334 1480 consiliis
1370 1455 1452 1481 non
1487 1440 1682 1494 poteratis

323 1517 400 1543 nec
424 1503 611 1543 ducendo
637 1516 688 1543 ex
713 1501 833 1556 plebe
857 1516 991 1555 neque
1016 1508 1173 1543 vestras
1192 1502 1299 1543 filias
1320 1517 1562 1556 sororesque
1582 1518 1682 1544 cnu-

281 1578 300 1607 8
326 1564 422 1605 bere
449 1564 620 1604 sinendo
646 1578 667 1604 e
692 1563 903 1618 patribus?
938 1578 1059 1604 nemo
1090 1563 1275 1618 plebeius
1306 1564 1500 1619 patriciae
1533 1565 1680 1620 virgini

324 1625 408 1665 vim
441 1625 636 1665 adferret:
672 1624 937 1679 patriciorum
967 1625 1046 1665 ista
1069 1624 1211 1666 lubido
1237 1632 1310 1666 est.
1359 1640 1481 1667 nemo
1505 1626 1679 1667 invitum

278 1700 295 1729 9
321 1686 554 1741 pactionem
584 1686 810 1741 nuptialem
835 1701 1085 1739 quemquam
1109 1687 1246 1727 facere
1272 1687 1488 1742 coegisset.
1537 1703 1680 1729 verum

320 1749 429 1789 cnim
461 1763 557 1789 vero
587 1748 679 1803 lege
710 1748 753 1788 id
782 1747 999 1802 prohibere
1025 1754 1065 1788 ct
1089 1748 1311 1789 conubium
1336 1749 1422 1790 tolli
1446 1755 1609 1804 patrum
1633 1765 1681 1791 ac

318 1809 470 1865 plebis,
495 1810 538 1850 id
563 1810 729 1850 demum
755 1809 1097 1850 contumeliosum
1122 1809 1235 1864 plebi
1259 1816 1332 1851 est.
1371 1825 1444 1851 cur
1468 1811 1576 1852 enim
1600 1826 1681 1852 non

255 1886 293 1915 10
320 1872 532 1921 confertis,
565 1886 616 1912 ne
642 1872 694 1912 sit
719 1871 941 1913 conubium
967 1871 1162 1912 divitibus
1188 1886 1236 1913 ao
1259 1872 1537 1927 pauperibus?
1572 1873 1682 1926 quod

318 1935 572 1989 privatorum
604 1934 867 1975 consiliorum
899 1933 1052 1987 ubique
1084 1948 1247 1989 semper
1276 1934 1372 1984 fuit,
1410 1941 1455 1975 ut
1484 1935 1527 1975 in
1557 1949 1681 1988 quam

319 1998 467 2052 cuique
486 1997 665 2039 feminae
686 1997 947 2038 convenisset
965 1997 1134 2038 domum
1154 1996 1339 2047 nuberet,
1366 2012 1417 2038 ex
1436 2012 1517 2051 qua
1535 2004 1680 2052 pactus

325 2067 433 2101 csset
457 2060 521 2101 vir
545 2060 668 2101 domo
692 2060 735 2100 in
759 2059 1065 2100 matrimonium
1090 2059 1275 2109 duceret,
1306 2059 1349 2100 id
1373 2074 1447 2100 vos
1474 2059 1551 2101 sub
1576 2059 1680 2115 legis

319 2122 655 2177 superbissumae
680 2121 846 2163 vincula
871 2121 1075 2171 conicitiS,
1109 2136 1191 2175 qua
1215 2121 1414 2162 dirimatis
1442 2121 1679 2162 societatem

253 2199 285 2226 11
317 2185 477 2226 civilem
509 2184 694 2238 duasque
725 2199 776 2225 ex
806 2199 887 2225 una
918 2184 1105 2225 civitates
1135 2183 1310 2225 faciatis.
1359 2198 1432 2224 cur
1466 2199 1549 2224 non
1586 2199 1680 2225 san-

317 2247 425 2298 citis,
462 2262 514 2288 ne
544 2247 704 2288 vicinus
735 2246 906 2301 patricio
938 2246 990 2287 sit
1019 2245 1205 2301 plebeius
1242 2260 1318 2287 nec
1354 2246 1498 2287 eodem
1535 2246 1679 2287 itincre

317 2316 401 2359 cat,
426 2323 479 2350 ne
504 2309 614 2350 idem
640 2309 875 2350 convivium
899 2308 1026 2357 ineat,
1053 2323 1103 2349 nc
1122 2308 1166 2348 in
1183 2308 1273 2349 foro
1292 2308 1437 2350 eodem
1457 2307 1680 2349 consistat?

316 2370 415 2424 quid
445 2371 554 2412 enim
583 2371 627 2411 in
657 2385 700 2411 re
732 2377 794 2411 est
824 2370 953 2419 aliud,
987 2370 1021 2411 si
1045 2369 1250 2424 plebeiam
1274 2370 1469 2425 patricius
1501 2370 1675 2418 duxerit,

318 2432 353 2473 si
394 2433 608 2488 patriciam
651 2432 863 2487 plebeius?
910 2432 1010 2485 quid
1051 2432 1150 2473 iuris
1193 2432 1359 2472 tandem
1406 2431 1677 2472 immutatur?

256 2508 291 2536 ι·)
318 2509 466 2549 nempe
491 2501 650 2551 patrem
676 2500 871 2536 secuntur
894 2493 1024 2535 liberi.
1072 2508 1149 2535 neo
1180 2494 1291 2548 quod
1321 2508 1397 2534 nos
1423 2508 1475 2534 ex
1500 2493 1676 2535 conubio

314 2563 449 2598 vestro
480 2563 668 2611 petamus
700 2556 922 2610 quicquam
953 2562 1016 2597 est
1046 2562 1333 2611 praeterquam
1369 2562 1415 2596 ut
1449 2555 1673 2604 hominum,

314 2624 359 2657 ut
395 2618 546 2659 civium
582 2633 753 2659 numero
787 2618 934 2668 simus3
971 2632 1047 2659 nec
1072 2633 1166 2667 vos,
1204 2618 1285 2659 nisi
1313 2617 1356 2658 in
1386 2616 1673 2658 contumeliam

314 2679 663 2734 ignominiamque
699 2687 882 2722 nostram
919 2686 1074 2721 certare
1104 2680 1238 2729 iuvat,
1275 2679 1385 2733 quod
1418 2676 1671 2720 contendatis

318 2741 536 2794 quicquam
564 2749 637 2784 cst.
