1835 3226
283 484 321 513 10

281 670 317 699 11

281 857 319 886 12

284 980 321 1010 13

305 1415 324 1444 10

307 1726 325 1755 02

312 2534 329 2563 6

313 2659 328 2686 7

348 296 428 338 266
658 301 812 336 LIBER
836 300 882 345 V,
910 300 962 334 13.
984 300 1036 333 14.
1065 303 1114 343 [a.
1128 312 1162 336 u.
1179 311 1208 335 c.
1222 300 1299 335 355.
1313 301 1395 345 356]

346 408 514 456 nissent,
541 407 739 447 adversus
765 411 847 445 tres
874 404 1077 445 exercitus
1104 404 1271 458 ancipiti
1295 403 1451 458 proelio
1475 410 1701 459 pugnatum

347 476 419 510 est.
470 474 563 509 ante
594 467 731 509 omnia
762 466 918 507 adiuvit
948 467 1145 507 memoria
1180 466 1453 507 damnationis
1487 464 1623 521 Sergii
1658 481 1705 508 ae

344 530 545 586 Verginii.
593 530 731 583 itaque
765 527 825 584 [e]
853 528 1077 570 maioribus
1104 529 1266 578 castris,
1293 528 1402 570 unde
1427 534 1547 569 antea
1571 542 1706 570 cessa-

345 600 432 633 tum
463 592 616 641 fuerat,
656 591 772 633 brevi
804 591 937 645 spatio
969 591 1273 632 circumductae
1305 590 1447 648 copiae
1474 589 1706 645 Capenates

344 656 387 696 in
411 654 565 695 vallum
589 654 825 695 Romanum
851 668 992 694 versos
1024 653 1076 694 ab
1108 659 1224 709 tergo
1255 653 1563 709 adgrediuntur.
1612 652 1707 693 inde

345 732 486 773 pugna
511 724 657 771 coepta
682 723 722 757 et
745 715 922 758 Faliscis
955 716 1091 757 intulit
1122 722 1336 766 terrorem,
1375 712 1715 770 trepidantesque

347 779 503 834 eruptio
530 794 581 819 ex
606 779 752 820 castris
779 786 978 833 oportune
1004 778 1114 819 faeta.
1139 778 1297 819 avertit.
1346 778 1534 832 repulsos
1560 777 1708 818 deinde

345 843 520 884 insecuti
535 842 709 883 victores
730 842 939 897 ingentem
959 843 1175 883 ediderunt
1194 842 1375 883 caedem.
1412 856 1487 882 nec
1507 841 1563 882 ita
1581 841 1709 882 multo

346 911 441 960 post
464 905 546 946 iam
570 905 757 959 palantes
783 904 910 945 veluti
935 904 1041 946 forte
1073 905 1199 946 ablati
1229 905 1492 960 populatores
1519 902 1710 958 Capena-

347 968 398 1009 tis
429 968 518 1023 agri
548 968 741 1021 reliquias
772 982 937 1023 pugnae
969 967 1250 1021 absumpsere.
1312 973 1352 1007 et
1381 965 1617 1008 Veientium
1647 980 1710 1007 re-

347 1030 554 1086 fugientes
576 1030 616 1071 in
638 1030 781 1071 urbem
803 1030 919 1070 multi
940 1037 1033 1071 ante
1052 1037 1191 1085 portas
1213 1029 1334 1079 caesi,
1361 1029 1460 1069 dum
1472 1043 1569 1084 prae
1584 1035 1708 1078 metu,

347 1107 398 1133 ne
425 1093 547 1133 simul
571 1092 785 1134 Romanus
811 1093 1079 1147 inrumperet,
1118 1091 1288 1133 obiectis
1320 1091 1478 1132 foribus
1505 1097 1709 1132 extremos

351 1169 519 1195 suorum
545 1155 771 1195 exclusere.

436 1216 589 1257 XIIII.
639 1217 758 1257 Hace
784 1231 832 1257 co
863 1231 970 1257 anno
997 1223 1099 1257 acta.
1162 1222 1201 1257 et
1226 1216 1307 1257 iam
1339 1216 1504 1257 comitia
1528 1215 1711 1257 tribuno-

348 1293 440 1319 rum
465 1278 641 1319 militum
667 1279 847 1327 aderant,
876 1293 1050 1331 quorum
1075 1293 1201 1332 prope
1227 1278 1357 1319 maior
1375 1277 1560 1332 patribus
1587 1292 1710 1331 quam

349 1340 445 1381 belli
461 1355 556 1382 cura
571 1347 668 1390 erat,
696 1341 847 1395 quippe
862 1356 944 1381 non
964 1341 1311 1381 communicatum
1331 1340 1453 1380 modo
1468 1354 1560 1380 cum
1575 1339 1708 1394 plebe,

351 1403 423 1444 scd
447 1418 574 1458 prope
601 1403 799 1444 amissum
826 1402 1088 1443 cernentibus
1116 1417 1324 1443 summum
1354 1401 1586 1456 imperium.
1635 1401 1709 1442 ita-

350 1479 430 1518 que
461 1465 697 1506 clarissimis
729 1465 826 1506 viris
859 1480 909 1505 cx
941 1464 1168 1519 composito
1198 1464 1450 1519 praeparatis
1489 1464 1541 1504 ad
1571 1470 1712 1518 peten-

351 1527 461 1576 dum,
489 1542 592 1580 quos
611 1527 897 1582 praetereundi
920 1526 1210 1567 verecundiam
1229 1527 1439 1566 crederent
1458 1525 1558 1575 fore,
1585 1525 1711 1566 nihilo

351 1589 486 1629 minus
513 1589 610 1643 ipsi,
642 1589 812 1644 perinde
838 1603 885 1629 ac
912 1589 946 1629 si
971 1604 1113 1630 omncs
1140 1588 1346 1629 candidati
1372 1595 1526 1638 essent,
1566 1595 1713 1629 cuncta

352 1651 608 1705 experientes
635 1666 717 1691 non
747 1651 934 1691 homines
966 1651 1106 1699 modo,
1147 1651 1219 1691 scd
1251 1651 1349 1691 deos
1382 1651 1504 1691 ctiam
1536 1651 1713 1705 excipie-

350 1712 461 1762 bant,
488 1713 527 1753 in
543 1713 782 1768 religionem
801 1718 1006 1753 vertentes
1028 1712 1193 1753 comitia
1206 1712 1370 1753 biennio
1390 1712 1542 1753 habita.
1579 1713 1713 1768 priore

351 1790 458 1815 anno
494 1775 791 1815 intolerandam
822 1774 1001 1814 hiemem
1032 1773 1315 1829 prodigiisque
1352 1774 1500 1815 divinis
1539 1775 1713 1816 similem

352 1843 550 1886 coortam,
583 1851 785 1891 proxumo
810 1851 891 1877 non
916 1835 1124 1890 prodigia,
1163 1836 1236 1876 sed
1260 1836 1343 1876 iam
1368 1842 1558 1885 eventus,
1589 1837 1715 1891 pesti-

351 1897 519 1939 lentiam
545 1898 655 1953 agris
681 1897 856 1951 urbique
882 1897 1051 1938 inlatam
1076 1897 1186 1938 haud
1214 1897 1339 1938 dubia
1363 1897 1424 1938 ira
1448 1898 1584 1947 deum,
1612 1912 1714 1952 quos

351 1961 479 2015 pestis
506 1960 593 2001 eius
620 1960 821 2001 arcendae
848 1975 973 2000 causa
998 1959 1222 2014 placandos
1254 1974 1346 2001 esse
1376 1959 1419 2000 in
1443 1959 1557 2001 libris
1583 1959 1717 2000 fatali-

352 2023 429 2064 bus
456 2023 668 2064 invcntum
695 2023 758 2064 sit.
809 2022 1004 2072 comitiis,
1043 2023 1256 2077 auspicato
1282 2037 1387 2076 quae
1413 2022 1575 2071 fierent,
1612 2022 1717 2063 indi-

351 2101 480 2141 gnum
506 2086 568 2126 dis
601 2085 754 2134 visum,
787 2084 964 2126 honores
995 2084 1155 2140 volgari
1180 2084 1500 2138 discriminaque
1530 2084 1716 2139 gentium

353 2148 562 2188 confundi.
600 2154 889 2202 praeterquam
904 2147 1118 2188 maiestate
1131 2147 1359 2202 petentium
1374 2146 1571 2202 religione
1593 2146 1716 2187 etiam

353 2210 512 2250 attoniti
537 2210 724 2250 homines
751 2209 944 2264 patricios
971 2209 1118 2259 omnis,
1145 2216 1304 2264 partem
1328 2224 1523 2263 magnam
1542 2207 1718 2249 honora-

352 2272 558 2313 tissimum
594 2286 817 2325 quemque,
855 2271 1039 2313 tribunos
1072 2272 1248 2312 militum
1279 2270 1485 2312 consulari
1514 2277 1717 2325 potestate

353 2348 561 2376 creavere:
597 2335 650 2375 L.
683 2333 897 2375 Valerium
935 2333 1119 2375 Potitum
1156 2334 1364 2388 quintum,
1401 2332 1463 2374 M.
1502 2332 1716 2374 Valerium

352 2396 600 2446 Maximum,
626 2396 688 2437 M.
714 2396 887 2437 Furium
914 2394 1137 2437 Camillum
1162 2396 1323 2445 iterum,
1351 2396 1404 2436 L.
1431 2395 1604 2436 Furium
1624 2394 1717 2435 Me-

355 2459 555 2499 dullinum
581 2459 757 2508 tertium,
785 2457 837 2511 Q.
856 2457 1077 2499 Servilium
1096 2458 1340 2499 Fidenatem
1364 2458 1523 2506 iterum,
1553 2456 1604 2510 Q.
1623 2455 1718 2498 Sul-

354 2521 507 2575 picium
540 2520 807 2562 Camerinum
838 2521 998 2561 iterum.
1060 2520 1124 2562 his
1161 2520 1337 2562 tribunis
1374 2520 1427 2560 ad
1457 2518 1586 2560 Veios
1617 2518 1715 2559 nihil

355 2583 577 2624 admodum
602 2582 868 2624 memorabile
893 2593 1031 2624 actum
1057 2589 1138 2633 est3
1170 2589 1256 2623 tota
1280 2583 1343 2623 vis
1369 2583 1411 2622 in
1443 2580 1716 2636 populationi-

355 2644 433 2685 bus
458 2645 548 2686 fuit.
592 2646 674 2687 duo
701 2645 851 2687 summi
874 2645 1156 2700 imperatores,
1183 2643 1346 2686 Potitus
1373 2659 1397 2685 a
1420 2643 1606 2692 Faleriis,
1634 2640 1714 2682 Ca-

357 2707 491 2748 millus
523 2723 547 2748 a
578 2707 749 2763 Capena
779 2708 954 2763 praedas
990 2708 1179 2763 ingentes
1217 2721 1339 2762 egere
1374 2705 1487 2747 nulla
1521 2702 1711 2745 incolumi

356 2768 495 2809 relicta
519 2784 574 2818 rc,
603 2771 667 2810 cui
692 2770 800 2812 ferro
826 2776 895 2812 aut
921 2770 1007 2825 igni
1032 2769 1170 2811 noceri
1195 2768 1338 2823 possit.
