1835 3226
273 944 290 971 10

322 265 399 306 188
658 268 809 302 LIBER
834 268 906 311 111,
934 268 1061 302 στω.
1091 270 1138 310 [a.
1155 279 1187 302 u.
1205 269 1328 311 0:308]

317 388 577 416 communem
601 373 707 412 hane
734 385 825 412 esse
856 371 1030 425 patriam
1060 369 1225 411 licebit?
1262 370 1359 410 victi
1383 384 1458 411 nos
1485 372 1675 424 aequiore

253 455 259 468 v
318 437 452 476 animo
478 434 749 487 quiescimus,
775 447 901 486 quam
926 447 1000 473 vos
1027 432 1216 473 victores.
1267 431 1422 472 satisne
1447 439 1529 479 est,
1557 432 1675 474 nobis

317 512 389 538 vos
427 495 671 536 metuendos
709 494 826 535 esse?
868 494 1067 534 adversus
1104 508 1180 534 nos
1212 492 1469 533 Aventinum
1505 493 1675 547 eapitur,

317 558 515 599 adversus
547 571 622 597 nos
662 570 778 598 sacer
813 562 1037 610 occupatur
1071 570 1203 596 mons.
1258 554 1471 608 Esquilias
1509 554 1676 607 quidem

317 620 367 661 ab
405 619 522 660 hoste
554 633 681 674 prope
717 625 858 672 captas
897 625 937 658 et
968 618 1234 659 scandentem
1270 618 1311 657 in
1349 627 1544 672 aggerem
1575 616 1678 657 Vol-

316 696 431 722 scum
457 681 618 722 hostem
643 695 764 721 nemo
792 679 1010 722 submovit.
1060 680 1101 720 in
1132 695 1206 721 nos
1235 680 1326 728 viri,
1364 679 1406 720 in
1429 694 1506 720 nos
1533 679 1678 720 armati

318 743 429 784 estis.

401 804 616 846 LXVIII.
674 803 923 859 Agitedum,
967 803 1038 844 ubi
1063 804 1129 844 hic
1155 803 1309 844 curiam
1335 803 1678 844 circumsederitis

316 874 355 908 et
379 867 515 908 forum
540 866 737 907 infestum
762 865 942 907 feceritis
969 872 1009 907 et
1034 880 1239 906 carcerem
1270 865 1538 919 impleveritis
1569 865 1679 920 prin-

317 929 490 984 cipibus,
516 930 648 970 isdem
673 929 763 970 istis
788 928 995 969 ferocibus
1021 928 1169 969 animis
1190 927 1433 982 egredimini
1453 936 1567 968 extra
1586 942 1680 982 por-

317 999 400 1032 tam
425 992 688 1046 Esquilinam
714 998 801 1041 aut,
831 991 865 1032 si
890 1005 941 1031 ne
966 990 1045 1031 hoc
1069 990 1236 1043 quidem
1262 990 1441 1038 audetis,
1474 1004 1525 1030 ex
1550 990 1678 1030 muris

318 1054 435 1095 visite
461 1069 583 1109 agros
609 1062 769 1095 vestros
794 1053 902 1094 ferro
927 1053 1094 1107 ignique
1115 1059 1311 1101 vastatos,
1338 1051 1532 1106 praedam
1553 1050 1679 1106 abigi,

317 1116 476 1156 fumare
500 1117 669 1156 incensa
692 1115 848 1169 passim
874 1121 993 1155 tecta.
1044 1122 1084 1155 at
1115 1114 1224 1155 enim
1255 1114 1485 1155 eommunis
1517 1128 1582 1154 res
1608 1128 1681 1168 per

318 1177 419 1218 haee
443 1177 532 1218 loco
559 1184 619 1218 est
638 1177 794 1231 peiore:
822 1191 921 1231 ager
939 1177 1080 1225 uritur,
1107 1175 1204 1217 urbs
1225 1175 1449 1225 obsidetur,
1475 1174 1574 1216 belli
1591 1175 1680 1230 glo-

318 1239 377 1278 ria
407 1253 534 1293 penes
565 1239 695 1280 hostis
727 1246 800 1278 est.
838 1237 951 1290 'quid
981 1238 1172 1278 tandem?
1208 1237 1390 1291 privatae
1422 1252 1487 1278 res
1518 1244 1680 1277 vestrae

319 1315 400 1354 quo
427 1307 536 1341 statu
561 1300 680 1341 sunt?
715 1300 798 1340 iam
828 1299 1048 1353 unicuique
1081 1314 1131 1339 ex
1157 1299 1267 1354 agris
1295 1314 1370 1340 sua
1400 1299 1551 1339 damna
1575 1313 1680 1338 nun-

320 1362 540 1404 tiabuntur.
590 1362 689 1416 quid
713 1370 775 1403 est
799 1361 964 1402 tandem
990 1362 1113 1409 domi,
1140 1361 1249 1401 unde
1275 1375 1323 1401 ea
1348 1360 1574 1415 expleatis?
1610 1360 1680 1400 tri-

319 1424 418 1466 buni
444 1424 560 1465 vobis
587 1424 740 1465 amissa
763 1423 935 1464 reddent
960 1438 1007 1464 ae
1032 1422 1271 1463 restituent?
1302 1423 1414 1463 vocis
1441 1421 1680 1463 verborum-

318 1502 398 1540 que
424 1494 622 1540 quantuni
648 1486 792 1526 voletis
817 1486 1004 1540 ingerent
1030 1492 1069 1526 et
1094 1485 1309 1525 eriminum
1338 1485 1379 1524 in
1405 1484 1611 1538 principes
1638 1492 1677 1524 et

319 1549 459 1603 legum
483 1548 654 1589 aliarum
681 1562 804 1602 super
829 1547 929 1587 alias
956 1553 995 1588 et
1020 1547 1268 1587 contionum.
1309 1546 1382 1586 sed
1407 1561 1457 1586 ex
1483 1546 1561 1586 illis
1583 1560 1679 1589 eon-

320 1610 499 1651 tionibus
525 1624 751 1663 numquam
776 1615 959 1649 vestrum
985 1609 1206 1661 quisquam
1224 1623 1267 1648 re
1289 1608 1488 1661 (fortuna)
1510 1608 1678 1648 domum

320 1673 476 1713 auctior
499 1672 629 1712 rediit.
681 1671 820 1724 ecquis
846 1670 983 1710 retulit
1008 1670 1163 1723 aliquid
1187 1670 1239 1710 ad
1265 1669 1482 1725 coniugem
1508 1684 1556 1710 ac
1580 1669 1679 1710 libe-

320 1750 385 1776 ros
411 1741 570 1788 praeter
595 1734 701 1786 odia,⁴
728 1733 991 1782 offensiones,
1019 1732 1247 1773 simultates
1272 1731 1460 1786 publicas
1480 1732 1682 1786 privatas·

320 1797 424 1850 que?
460 1812 484 1836 a
514 1795 663 1849 quibus
696 1810 858 1850 semper
888 1810 971 1835 non
1001 1801 1139 1835 vestra
1168 1795 1318 1835 virtute
1353 1794 1680 1847 innoeentiaque,

321 1859 394 1900 sed
424 1858 576 1898 auxilio
607 1857 740 1898 alieno
771 1857 848 1897 tuti
879 1857 978 1898 sitis.
1029 1863 1071 1897 at
1100 1856 1308 1905 hercules,
1347 1871 1441 1897 cum
1478 1856 1683 1911 stipendia

320 1920 439 1962 nobis
466 1919 724 1968 consulibus,
763 1934 847 1960 non
871 1919 1045 1960 tribunis
1071 1918 1246 1959 ducibus
1273 1926 1313 1959 et
1337 1919 1379 1959 in
1405 1918 1568 1968 castris,
1599 1933 1681 1959 non

320 1984 361 2023 in
398 1982 487 2024 foro
523 1982 757 2032 faciebatis,
797 1990 837 2022 et
866 1982 907 2022 in
938 1982 1025 2022 aeie
1061 1988 1245 2022 vestrum
1277 1981 1497 2022 clamorem
1528 1981 1681 2029 hostes,

321 2060 402 2086 non
432 2045 475 2085 in
506 2045 694 2085 contione
723 2051 861 2099 patres
887 2043 1065 2085 Romani
1093 2043 1336 2092 horrebant,
1374 2044 1527 2097 praeda
1551 2050 1681 2098 parta,

322 2122 421 2162 agro
453 2122 503 2147 ex
534 2107 652 2148 hoste
684 2114 822 2161 capto,
860 2106 971 2161 pleni
1002 2106 1260 2147 fortunarum
1291 2105 1527 2161 gloriaeque
1561 2104 1683 2146 simul

322 2169 510 2223 publicae
537 2169 659 2210 simul
682 2170 885 2223 privatae,
917 2168 1217 2222 triumphantes
1243 2168 1410 2208 domum
1436 2167 1488 2207 ad
1512 2173 1682 2222 penates

322 2230 535 2272 redibatis:
561 2246 671 2272 nune
696 2238 910 2272 oneratum
935 2230 1082 2271 vestris
1109 2230 1283 2271 fortunis
1308 2229 1471 2270 hostem
1496 2228 1608 2270 abire
1630 2229 1684 2269 si-

280 2308 294 2334 ῖ
323 2293 430 2334 nitis.
479 2292 643 2334 haerete
669 2293 794 2334 adfixi
819 2292 1078 2333 contionibus
1105 2292 1204 2333 etin
1222 2291 1311 2333 foro
1331 2291 1473 2331 vivite:
1501 2291 1686 2344 sequitur

323 2369 397 2396 vos
422 2355 647 2396 necessitas
673 2355 886 2403 militandi,
914 2369 1038 2407 quam
1063 2353 1221 2409 fugitis.
1270 2368 1397 2408 grave
1423 2359 1508 2393 erat
1533 2353 1574 2393 in
1598 2352 1685 2393 Ae-

323 2432 426 2470 quos
453 2423 493 2457 et
516 2416 694 2459 Volscos
719 2416 943 2472 proficisci:
971 2423 1065 2457 ante
1090 2422 1228 2471 portas
1249 2422 1312 2456 est
1330 2415 1496 2456 bellum.
1536 2415 1571 2455 si
1589 2414 1684 2455 inde

324 2493 405 2519 non
428 2479 604 2534 pellitur,
630 2479 713 2520 iam
737 2479 843 2519 intra
867 2478 1029 2519 moenia
1053 2478 1128 2518 erit
1153 2484 1192 2518 et
1217 2492 1352 2518 arcem
1373 2483 1412 2517 et
1432 2476 1682 2531 Capitolium

326 2542 494 2582 scandet
530 2548 570 2582 et
605 2542 648 2581 in
683 2541 829 2582 domos
865 2547 1025 2580 vestras
1063 2555 1137 2580 vos
1175 2545 1457 2594 persequetur.
1517 2537 1682 2579 biennio

326 2610 419 2643 ante
444 2610 610 2644 senatus
636 2603 829 2644 dilectum
854 2602 996 2643 haberi
1027 2609 1066 2643 et
1091 2601 1210 2642 educi
1241 2601 1465 2642 exereitum
1495 2600 1537 2640 in
1562 2598 1682 2652 Algi-

327 2664 424 2704 dum
454 2665 590 2706 iussit:
630 2666 821 2706 sedemus
853 2664 1017 2705 desides
1049 2664 1178 2712 domi,
1217 2663 1433 2704 mulierum
1469 2662 1547 2702 ritu
1577 2660 1681 2699 inter

328 2740 400 2766 nos
427 2726 682 2778 altercantes,
707 2727 914 2783 praesenti
937 2740 1039 2781 pace
1064 2726 1159 2767 laeti
1185 2740 1260 2766 nec
1279 2730 1502 2771 cernentes,
1529 2736 1581 2763 ex
1598 2720 1679 2762 otio
