1780 3204
406 279 560 315 LIBER
584 281 628 321 v,
654 279 707 313 31.
726 278 780 313 32.
808 280 857 324 [a.
874 277 1122 321 (3.393-391]
1352 267 1435 309 283

85 387 128 429 in
151 386 252 442 fuga
277 385 366 435 suit,
393 383 634 438 triumphus,
660 381 832 431 Manlio,
857 387 903 422 ut
921 396 1048 423 ovans
1068 380 1350 436 ingrederetur
1369 394 1437 420 ur-

85 449 193 498 bem,
220 448 428 489 decretum
454 453 527 487 cst.

170 509 331 550 Eodem
356 522 462 549 anno
487 522 641 548 novum
665 505 818 547 bellum
844 519 937 545 cum
962 504 1296 546 Volsiniensibus
1322 518 1438 544 exor-

87 580 185 622 tum,
211 586 292 625 quo
316 576 483 626 propter
506 569 659 610 famem
683 567 1040 623 pestilentiamque
1064 567 1108 607 in
1132 581 1230 622 agro
1249 566 1438 607 Romano

87 648 139 674 cx
164 632 343 674 siccitate
369 630 654 683 caloribusque
685 629 821 670 nimiis
853 634 983 670 ortam
1014 628 1217 669 exereitus
1250 627 1346 668 duci
1369 641 1440 667 ne-

87 695 229 748 quivit.
279 693 330 734 ob
363 708 467 747 quac
497 691 781 733 Volsinienses
815 689 1096 745 Salpinatibus
1134 689 1335 731 adiunctis
1373 703 1440 730 su-

86 756 229 811 perbia
254 756 349 797 elati
373 755 478 795 ultro
498 769 619 809 agros
638 753 849 794 Romanos
870 753 1143 793 incursavere.
1175 751 1327 793 bellum
1346 750 1440 790 inde

88 817 250 858 duobus
275 817 437 872 populis
462 816 673 856 indictum.

174 879 222 920 C.
248 879 379 920 Iulius
405 892 551 919 censor
574 877 768 926 decessit3
794 876 836 916 in
861 876 948 916 eius
973 876 1110 916 locum
1133 875 1195 916 M.
1224 874 1439 916 Cornelius

89 941 304 990 suffectus,
342 954 447 994 quae
476 954 542 980 res
572 945 716 993 postea
750 938 937 992 religioni
968 937 1063 987 fuit,
1101 938 1198 991 quia
1228 951 1276 977 eo
1312 936 1441 977 lustro

87 1003 222 1043 Roma
247 1008 309 1043 est
334 1007 471 1055 capta3
507 1015 583 1041 nec
608 1000 754 1040 deinde
779 1014 974 1053 umquam
999 999 1042 1039 in
1072 998 1275 1039 demortui
1304 998 1440 1038 locum

89 1079 234 1105 censor
263 1063 476 1104 sufficitur.
537 1061 856 1114 consulibusque
887 1060 1030 1101 morbo
1066 1060 1259 1114 inplicitis
1289 1059 1442 1115 placuit

87 1140 161 1180 per
183 1125 461 1179 interregnum
490 1123 677 1164 renovari
707 1122 901 1176 auspicia.
961 1121 1099 1173 itaque
1125 1136 1218 1162 cum
1249 1135 1301 1161 ex
1326 1135 1443 1161 sena-

89 1195 154 1228 tus
181 1185 366 1227 consulto
391 1184 580 1225 eonsules
606 1184 847 1238 magistratu
873 1197 917 1222 se
949 1181 1228 1230 abdicassent,
1265 1181 1444 1221 interrex

89 1254 248 1289 creatur
271 1246 332 1286 M.
353 1246 504 1286 Furius
525 1244 738 1293 Camillus,
765 1244 836 1296 qui
859 1243 908 1283 P.
931 1242 1171 1284 Cornelium
1192 1241 1441 1297 Scipionem,

87 1310 122 1349 is
153 1308 299 1348 deinde
329 1307 382 1347 L.
408 1306 620 1347 Valerium
651 1305 834 1346 Potitum
864 1304 1110 1359 interregem
1139 1304 1330 1359 prodidit.
1392 1303 1442 1344 ab

87 1384 135 1410 eo
161 1369 285 1409 creati
310 1383 383 1409 sex
407 1367 559 1409 tribuni
577 1367 752 1407 militum
772 1366 976 1407 consulari
994 1372 1209 1420 potestate,
1235 1372 1292 1415 ut,
1321 1366 1443 1406 etiam

88 1431 123 1472 si
148 1431 213 1471 cui
238 1445 377 1471 eorum
402 1430 661 1470 incommoda
685 1428 866 1469 valitudo
892 1427 1056 1477 fuisset,
1085 1428 1203 1482 copia
1226 1427 1444 1483 magistra-

88 1499 205 1534 tuum
228 1492 286 1533 rei
310 1491 499 1546 publicae
524 1497 645 1532 esset.

171 1553 376 1594 XXXII.
425 1553 523 1594 Kal.
552 1551 830 1605 Quinctilibus
857 1551 1143 1607 magistratum
1169 1565 1363 1606 occepere
1387 1551 1441 1591 L.

87 1615 322 1664 Lucretius,
351 1614 520 1657 Servius
545 1613 766 1668 Sulpicius,
792 1613 1087 1663 M.Aemilius,
1113 1614 1166 1654 L.
1181 1613 1333 1654 Furius
1352 1612 1446 1653 Me-

90 1677 268 1718 dullinus
296 1677 533 1731 septimum,
566 1675 756 1730 Agrippa
779 1675 948 1723 Furius,
978 1674 1026 1715 C.
1053 1674 1258 1715 Aemilius
1283 1675 1443 1714 iterum.

91 1753 142 1779 ex
171 1738 235 1778 his
264 1739 318 1779 L.
344 1738 540 1778 Lucretio
572 1744 611 1778 et
644 1736 692 1778 C.
718 1736 898 1777 Aemilio
929 1736 1205 1777 Volsiniensis
1235 1735 1446 1790 provincia

1467 888 1484 916 6

1468 1011 1483 1039 7

1468 1132 1487 1161 S

1471 1749 1489 1777 10

92 1800 238 1847 evenit,
267 1798 498 1853 Salpinates
523 1798 737 1853 Agrippae
760 1798 887 1838 Furio
913 1804 952 1838 et
979 1796 1067 1838 Ser.
1092 1796 1289 1851 Sulpicio.
1331 1796 1444 1850 prius
1472 1809 1490 1838 3

93 1875 187 1901 eum
200 1859 529 1900 Volsiniensibus
551 1865 780 1913 pugnatum
799 1865 873 1898 est.
906 1858 1058 1898 bellum
1078 1872 1248 1898 numero
1266 1857 1447 1898 hostium

92 1922 251 1976 ingens,
278 1921 496 1961 certamine
520 1920 631 1960 haud
657 1934 754 1960 sane
780 1933 971 1973 asperum
996 1919 1085 1959 fuit.
1123 1919 1218 1959 fusa
1243 1933 1446 1959 concursu

93 1984 224 2037 primo
250 1982 358 2023 acies
383 1982 425 2022 in
449 1982 610 2036 fugam3
637 1981 748 2021 milia
773 1988 864 2021 octo
889 1987 1137 2021 armatorum
1162 1981 1213 2022 ab
1240 1980 1445 2034 equitibus

93 2044 314 2085 interclusa
337 2043 480 2098 positis
506 2043 628 2083 armis
653 2043 696 2082 in
720 2042 969 2083 deditionem
993 2053 1204 2083 venerunt.
1242 2043 1329 2083 eius
1349 2042 1446 2083 belli

94 2106 206 2146 fama
230 2105 377 2154 effecit,
403 2120 454 2145 ne
480 2120 523 2145 se
548 2119 711 2159 pugnae
737 2104 1036 2144 committerent
1058 2103 1310 2158 Salpinates:
1336 2118 1448 2145 moe·
1470 2155 1474 2158 .

95 2167 215 2208 nibus
241 2167 385 2208 armati
411 2181 455 2207 se
479 2166 727 2207 tutabantur.
763 2165 941 2206 Romani
965 2166 1138 2219 praedas
1162 2166 1319 2220 passim
1339 2172 1379 2206 et
1397 2180 1448 2206 ex

99 2228 299 2283 Salpinati
329 2243 428 2283 agro
465 2235 504 2269 et
535 2242 586 2269 ex
616 2227 867 2268 Volsiniensi
897 2227 1009 2268 nullo
1041 2242 1131 2268 eam
1166 2228 1251 2268 vim
1287 2235 1448 2268 arcente

98 2297 286 2346 egerunt,
324 2292 454 2331 donec
478 2289 810 2331 Volsiniensibus
836 2289 958 2330 fessis
984 2289 1091 2330 bello
1117 2304 1166 2330 ea
1195 2289 1445 2338 condicione,

98 2360 142 2392 ut
165 2367 230 2392 res
257 2352 408 2406 populo
432 2352 621 2392 Romano
645 2351 860 2391 redderent
885 2351 1215 2405 stipendiumque
1242 2350 1329 2391 eius
1354 2351 1449 2391 anni

99 2414 293 2454 exercitui
316 2419 580 2468 praestarent,
606 2413 648 2452 in
672 2412 818 2467 viginti
842 2427 970 2453 annos
995 2412 1177 2453 indutiae
1202 2412 1333 2452 datae.

181 2475 343 2515 Eodem
369 2490 475 2516 anno
498 2474 560 2515 M.
583 2473 801 2515 Caedicius
828 2474 878 2514 de
901 2473 1022 2528 plebe
1040 2473 1243 2514 nuntiavit
1262 2473 1446 2524 tribunis,

100 2551 143 2577 se
167 2537 209 2577 in
234 2552 341 2577 nova
359 2536 437 2586 via,
462 2536 534 2577 ubi
552 2550 660 2576 nunc
680 2535 874 2576 sacellum
894 2542 956 2575 est
975 2550 1100 2589 supra
1118 2535 1262 2575 aedem
1280 2534 1448 2585 Vestae,

100 2609 241 2639 vocem
266 2598 396 2639 noctis
422 2597 581 2638 silentio
601 2597 764 2638 audisse
785 2596 996 2637 clariorem
1014 2597 1206 2646 humana,
1233 2611 1340 2650 quae
1364 2613 1450 2638 ma-

98 2660 339 2716 gistratibus
354 2661 433 2701 dici
446 2659 615 2709 iuberet,
644 2657 786 2700 Gallos
801 2659 1032 2699 adventare.
1064 2659 1118 2708 id,
1145 2665 1191 2699 ut
1202 2659 1259 2708 fit,
1285 2665 1450 2714 propter

102 2722 278 2764 auctoris
315 2722 584 2763 humilitatem
622 2728 804 2775 spretum
840 2727 880 2761 et
916 2721 1026 2773 quod
1062 2720 1285 2775 longinqua
1322 2735 1451 2774 eoque

1474 2304 1492 2332 5

1475 2489 1493 2519 6

1476 2674 1491 2702 7
