1835 3226
297 1354 312 1381 —1

341 300 423 342 220
616 301 770 337 LIBER
796 301 890 345 1111,
916 300 970 335 28.
991 301 1044 335 29.
1073 303 1168 344 [ω.
1185 301 1422 346 cess-326]

337 408 524 451 bellionis
550 406 779 454 dedissent,
811 405 852 445 ni
880 404 1043 445 Vettius
1068 403 1254 445 Messius
1287 418 1339 444 ex
1363 403 1548 454 Volscis,
1580 405 1694 448 nobi-

337 472 412 512 lior
436 470 497 510 vir
520 468 640 509 factis
666 481 791 520 quam
816 480 979 521 genere,
1005 466 1088 507 iam
1115 465 1255 507 orbem
1281 465 1494 507 volventes
1520 481 1615 508 suos
1635 469 1695 509 in-

338 545 508 586 crepans
529 530 638 570 clara
656 543 758 570 voce
779 528 862 569 ‘hic
876 527 1116 583 praebituri'
1137 527 1269 581 inquit
1291 531 1383 569 ‘vos
1403 527 1495 569 telis
1514 527 1695 569 hostium

337 594 435 635 estis
461 591 682 640 indefensi,
713 590 857 631 inulti?
893 590 992 644 quid
1016 590 1143 645 igitur
1173 605 1288 630 arma
1318 589 1478 646 habetis
1504 596 1574 631 aut
1599 590 1697 644 quid

336 656 441 697 ultro
467 653 621 695 bellum
646 652 854 701 intulistis,
881 652 923 692 in
949 652 1032 693 otio
1052 651 1306 701 tumultuosi,
1333 652 1374 692 in
1394 651 1502 693 bello
1524 652 1698 707 segnes?

336 717 437 771 quid
460 715 527 756 hic
553 714 755 757 stantibus
782 713 870 768 spei
895 713 982 754 est?
1007 729 1059 754 an
1079 714 1203 754 deum
1222 713 1400 767 aliquem
1417 715 1696 768 protecturum

336 794 411 821 vos
446 785 742 833 rapturumque
777 776 874 816 hinc
910 776 1089 830 putatis?
1135 776 1244 817 ferro
1286 776 1354 817 via
1395 776 1586 816 facienda
1621 783 1694 817 est.

337 842 432 891 hac,
465 855 546 895 qua
570 854 636 881 me
660 853 955 894 praegressum
979 838 1183 888 videritis,
1216 838 1345 894 agite,
1377 838 1448 892 qui
1473 837 1602 878 visuri
1625 838 1699 879 do-

337 919 445 954 mos,
482 910 693 958 parentes,
731 902 946 957 coniuges,
986 901 1138 942 liberos
1164 901 1281 950 estis,
1313 901 1368 941 ite
1392 915 1567 942 mecum.
1615 914 1698 941 non

337 981 480 1007 murus
511 980 588 1007 neo
617 965 790 1014 vallum,
829 965 903 1006 sed
933 964 1078 1005 armati
1115 963 1282 1004 armatis
1319 963 1494 1004 obstant.
1548 962 1698 1003 virtute

336 1044 476 1084 pares,
502 1028 766 1077 necessitate,
799 1041 905 1081 quae
929 1026 1119 1067 ultimum
1145 1040 1193 1067 ac
1217 1026 1445 1066 maximum
1470 1025 1597 1066 telum
1621 1032 1696 1074 est,

341 1091 570 1146 superiores
613 1090 736 1132 estis?
800 1089 903 1131 haec
943 1089 1128 1131 locutum
1170 1096 1547 1143 exsequentemque
1589 1088 1700 1129 dicta

338 1154 614 1208 redintegrato
646 1153 822 1193 clamore
855 1152 985 1193 secuti
1015 1152 1114 1192 dant
1143 1151 1461 1206 inpressionem,
1505 1165 1588 1204 qua
1617 1149 1699 1190 Po-

341 1216 515 1257 stumius
540 1214 676 1256 Albus
703 1214 890 1256 cohortes
917 1214 1139 1263 obiecerat,
1177 1220 1217 1254 et
1247 1219 1463 1254 moverunt
1487 1213 1696 1260 victorem,

340 1278 471 1319 donec
495 1277 668 1317 dictator
692 1276 840 1331 pedem
865 1276 947 1316 iam
970 1275 1245 1316 referentibus
1273 1275 1357 1315 suis
1383 1275 1547 1315 advenit
1567 1287 1697 1326 eoque

340 1353 460 1381 omne
490 1338 691 1393 proelium
723 1352 887 1378 versum
919 1343 992 1378 est.
1041 1337 1112 1377 uni
1138 1337 1224 1377 viro
1249 1335 1407 1377 Messio
1431 1335 1595 1376 fortuna
1624 1335 1697 1375 ho-

341 1402 465 1442 stium
501 1401 697 1441 innidtmu
747 1399 875 1440 multa
911 1399 1114 1452 utrimque
1152 1398 1339 1447 vulnera,
1377 1397 1506 1438 multa
1542 1397 1696 1452 passim

341 1463 488 1504 caedes
514 1470 588 1504 est.
637 1461 720 1502 iam
749 1475 800 1502 ne
832 1461 959 1502 duces
991 1460 1157 1513 quidem
1183 1459 1361 1501 Romani
1391 1459 1591 1500 incruenti
1623 1473 1698 1512 pu-

339 1531 480 1580 gnant.
534 1539 641 1564 unus
672 1523 912 1564 Postumius
943 1523 1049 1563 ictus
1082 1537 1182 1563 saxo
1211 1521 1416 1576 perfracto
1448 1521 1579 1575 capite
1611 1520 1697 1560 acic

340 1586 528 1627 excessit.
576 1600 658 1625 non
683 1585 923 1625 dictatorem
948 1599 1113 1624 umerus
1139 1583 1388 1632 vulneratus,
1415 1598 1497 1624 non
1520 1581 1697 1624 Fabium

338 1662 466 1703 prope
492 1647 672 1688 adfixum
699 1661 804 1700 equo
829 1646 980 1695 femur,
1018 1661 1099 1687 non
1125 1645 1338 1687 brachium
1369 1644 1577 1686 abscisum
1603 1659 1698 1685 con-

341 1709 472 1750 sulem
498 1723 548 1749 ex
573 1715 657 1748 tam
682 1708 848 1762 ancipiti
873 1707 1028 1762 proelio
1054 1707 1288 1748 summovit.

423 1769 669 1810 XXVIIII.
706 1768 913 1810 Messium
938 1769 1116 1823 impetus
1142 1783 1215 1822 per
1239 1775 1387 1809 stratos
1414 1768 1538 1808 caede
1557 1767 1697 1808 hostes

340 1847 434 1873 cum
459 1831 582 1886 globo
608 1831 927 1871 fortissimorum
957 1830 1152 1870 iuvenum
1184 1830 1329 1871 extulit
1359 1830 1411 1871 ad
1442 1836 1575 1870 castra
1599 1828 1700 1869 Vol-

341 1908 522 1943 scorum,
561 1907 666 1947 quae
697 1892 880 1933 nondum
912 1898 1031 1946 capta
1061 1897 1187 1932 erant.
1243 1892 1389 1933 eodem
1425 1891 1558 1932 omnis
1590 1890 1697 1931 acies

338 1956 568 1997 inclinatur.
607 1954 751 1996 consul
772 1954 927 1995 effusos
947 1968 1080 2008 usque
1099 1954 1152 1995 ad
1171 1954 1324 1995 vallum
1348 1960 1590 2009 persecutus
1609 1953 1700 2007 ipsa

341 2025 475 2060 castra
499 2017 735 2071 vallumque
760 2017 1009 2072 adgreditur.
1048 2017 1192 2058 eodem
1219 2023 1258 2057 et
1284 2017 1457 2058 dictator
1481 2015 1562 2056 alia
1585 2021 1699 2070 parte

340 2081 479 2135 copias
506 2081 709 2121 admovet.
748 2095 830 2121 non
856 2080 1021 2135 segnior
1044 2080 1297 2135 oppugnatio
1323 2086 1385 2120 est
1409 2093 1533 2132 quam
1558 2092 1699 2132 pugna

341 2143 486 2184 fuerat.
541 2142 754 2184 consulem
786 2142 951 2197 signum
981 2156 1145 2195 quoque
1176 2142 1282 2182 intra
1318 2141 1471 2182 vallum
1507 2140 1698 2180 iniecisse

340 2206 487 2255 ferunt,
514 2220 595 2259 quo
609 2205 758 2245 milites
779 2205 912 2245 acrius
934 2204 1131 2254 subirent,
1157 2204 1461 2259 repetendoque
1482 2202 1600 2257 signo
1618 2201 1699 2256 pri-

339 2284 450 2309 mam
474 2267 772 2323 inpressionem
798 2266 962 2308 factam.
1013 2274 1052 2307 et
1082 2267 1256 2307 dictator
1284 2272 1452 2321 proruto
1485 2264 1591 2306 vallo
1616 2264 1699 2304 iam

340 2331 381 2371 in
411 2336 545 2371 castra
574 2329 775 2384 proelium
805 2328 1008 2369 intulerat.
1058 2335 1145 2369 tum
1178 2328 1285 2369 abici
1315 2328 1471 2382 passim
1508 2341 1620 2368 arma
1651 2339 1698 2366 ac

340 2392 434 2433 dedi
457 2391 597 2433 hostes
623 2391 777 2446 coepti3
810 2391 1035 2443 castrisque
1061 2397 1099 2431 et
1124 2390 1188 2431 his
1214 2389 1344 2444 captis
1375 2389 1514 2430 hostes
1539 2394 1700 2443 praeter

342 2461 549 2495 senatores
575 2468 718 2495 omnes
740 2453 977 2494 venumdati
996 2459 1102 2493 sunt.
1140 2453 1316 2507 praedae
1336 2467 1431 2506 pars
1453 2466 1527 2492 sua
1547 2463 1699 2505 cogno-

341 2516 548 2557 scentibus
568 2516 732 2556 Latinis
753 2521 875 2569 atquc
894 2514 1088 2556 Hernicis
1107 2514 1279 2563 reddita,
1304 2522 1463 2568 partem
1484 2512 1561 2554 sub
1580 2512 1697 2552 hasta

341 2578 513 2619 dictator
530 2578 732 2628 vendidit3
758 2577 1075 2633 praepositoque
1095 2576 1262 2618 consule
1283 2575 1427 2617 castris
1447 2575 1537 2630 ipse
1557 2574 1697 2614 trium-

341 2639 473 2693 phans
509 2641 695 2682 invectus
732 2640 877 2682 urbem
908 2640 1109 2680 dictatura
1145 2653 1189 2680 se
1226 2638 1444 2680 abdicavit.
1505 2634 1694 2692 egregiae

342 2701 565 2742 dictaturae
590 2702 748 2744 tristem
773 2701 1012 2743 memoriam
1038 2701 1206 2750 faciunt,
1233 2700 1304 2754 qui
1327 2700 1456 2740 filium
1475 2697 1526 2738 ab
1544 2694 1599 2737 A.
1613 2694 1695 2735 Po-

343 2764 509 2812 stumio,
553 2765 663 2817 quod
705 2764 920 2806 occasione
962 2763 1066 2805 bene
1102 2762 1315 2818 pugnandi
1352 2766 1493 2815 captus
1535 2757 1692 2798 iniussu
