1835 3226
250 2626 266 2653 ts>

300 281 353 320 22
616 286 765 320 LIBER
793 287 826 328 Ι,
850 287 992 319 18-20,
1022 289 1068 329 [a.
1085 298 1117 319 u,
1135 298 1162 319 e.
1178 286 1328 330 39—82]

299 390 454 444 peregit
480 389 615 429 verbis
642 389 844 442 auspicia,
882 402 987 441 quae
1019 389 1123 428 mitti
1148 388 1288 437 vellet3
1326 388 1475 442 quibus
1502 391 1636 430 missis

299 451 527 491 declaratus
553 466 624 491 rex
649 450 785 490 Numa
811 450 861 490 de
887 450 1040 504 templo
1067 450 1291 491 deseendit.

382 511 575 552 XVIIII.
622 511 706 564 Qui
730 526 858 566 regno
883 512 940 552 ita
965 512 1117 565 potitus
1144 511 1288 553 urbem
1313 527 1482 561 novam,
1515 513 1652 553 condi-

298 582 379 614 tam
405 573 446 613 vi
471 580 511 614 et.
536 574 678 622 armis,
716 574 803 614 iure
835 588 926 614 eam
956 573 1201 628 legibusque
1233 588 1281 615 ae
1305 573 1488 615 moribus
1520 575 1570 614 de
1594 575 1655 615 in-

298 643 413 689 tegro
444 635 618 676 condere
648 642 777 689 parat.
827 636 976 688 quibus
1015 649 1108 676 eum
1138 636 1244 676 inter
1273 634 1381 676 bella
1411 636 1654 677 adsuescere

297 697 451 736 videret
481 712 563 737 non
593 711 735 751 posse,
774 697 926 751 quippe
957 697 1118 738 efferari
1153 697 1299 737 militia
1334 694 1511 747 animos,
1549 697 1656 738 miti-

295 758 477 812 gandum
516 758 696 799 ferocem
733 759 933 813 populum
970 773 1178 799 armorum
1221 758 1491 800 desuetudine
1527 768 1653 806 ratus,

296 820 443 859 Ianum
474 820 527 860 ad
557 820 744 860 infimum
769 820 1005 875 Argiletum
1035 820 1213 861 indicem
1243 821 1357 875 pacis
1389 820 1566 874 bellique
1595 820 1656 861 fe-

296 882 367 930 eit,
405 888 569 936 apertus
595 888 641 922 ut
670 882 711 922 in
743 883 866 923 armis
898 896 990 924 esse
1021 882 1247 931 civitatem,
1285 882 1450 923 clausus
1486 889 1654 936 pacatos

296 943 403 983 circa
427 958 570 984 omnes
595 943 771 999 populos
798 944 1060 999 significaret.
1110 943 1173 985 bis
1200 944 1347 984 deinde
1377 950 1471 998 post
1495 944 1655 984 Numae

295 1020 468 1060 regnum
494 1006 658 1047 clausus
685 1006 775 1055 fuit,
803 1006 930 1047 semel
956 1006 1004 1046 T.
1032 1005 1191 1047 Manlio
1217 1006 1386 1047 consule
1410 1012 1504 1060 post
1527 1006 1656 1046 Puni-

295 1081 389 1107 cum
414 1068 592 1121 primum
617 1068 846 1122 perfectum
871 1067 1044 1117 bellum,
1071 1068 1238 1116 iterum,
1265 1068 1376 1121 quod
1399 1074 1564 1109 nostrae
1589 1082 1656 1109 ae-

296 1129 368 1170 tati
393 1130 449 1169 dii
474 1129 674 1170 dederunt
698 1136 744 1170 ut
767 1130 1019 1179 videremus,
1057 1136 1152 1185 post
1177 1129 1331 1171 bellum
1356 1129 1578 1171 Actiacum
1603 1129 1654 1170 ab

294 1192 536 1246 imperatore
564 1191 743 1234 Caesare
770 1192 965 1247 Augusto
989 1207 1091 1247 pace
1117 1199 1224 1233 terra
1249 1192 1432 1246 marique
1457 1199 1584 1247 parta.

381 1253 537 1295 Clauso
562 1269 611 1295 eo
636 1269 730 1295 cum
755 1255 939 1295 onmium
965 1255 1073 1295 eirea
1097 1254 1363 1295 finitimorum
1390 1255 1582 1295 societate
1608 1268 1655 1294 ac

294 1314 528 1357 foederibus
554 1316 758 1357 iunxisset
782 1317 960 1365 animos,
998 1317 1144 1371 positis
1170 1323 1431 1357 externorum
1456 1316 1656 1370 periculo-

293 1391 384 1417 rum
410 1377 517 1417 curis
543 1392 593 1418 ne
618 1378 872 1419 luxuriarent
895 1378 978 1419 otio
1004 1378 1148 1427 animi,
1185 1392 1289 1431 quos
1315 1384 1449 1418 metus
1475 1377 1655 1418 hostium

294 1438 591 1493 disciplinaque
623 1439 809 1481 militaris
841 1440 1115 1489 continuerat,
1153 1439 1336 1481 omnium
1366 1439 1545 1493 primum
1569 1453 1655 1479 rem

294 1501 347 1541 ad
371 1500 674 1542 multitudinem
720 1501 936 1555 inperitam
967 1508 1007 1543 et
1030 1501 1110 1542 illis
1143 1501 1317 1543 saeculis
1347 1501 1492 1542 rudem
1517 1500 1656 1541 effica-

251 1577 263 1603 ῑ
295 1563 516 1612 cissimam,
543 1563 714 1604 deorum
740 1570 896 1604 metum
920 1564 1172 1605 iniciendum
1197 1570 1310 1604 ratus
1336 1570 1409 1604 est.
1465 1563 1535 1616 qui
1561 1577 1654 1605 cuni

295 1624 544 1666 descendere
587 1626 639 1666 ad
682 1626 841 1666 animos
886 1626 973 1666 sine
1016 1626 1153 1679 aliquo
1212 1631 1427 1666 conmento
1470 1625 1655 1666 miraculi

293 1701 375 1726 non
399 1693 557 1740 posset,
591 1687 756 1727 simulat
782 1687 859 1728 sibi
885 1701 978 1727 cum
1004 1687 1082 1728 dea
1104 1686 1260 1742 Egeria
1285 1701 1532 1741 congressus
1558 1701 1655 1727 noc-

294 1755 434 1789 turnos
466 1762 576 1797 esse,
615 1748 703 1789 eius
736 1762 779 1789 se
810 1749 985 1798 monitu,
1023 1763 1129 1802 quae
1160 1748 1448 1802 acceptissima
1478 1748 1556 1788 diis
1591 1762 1654 1789 es-

295 1816 402 1858 sent,
447 1824 564 1850 saera
598 1810 829 1859 instituere,
874 1810 1108 1851 sacerdotes
1151 1824 1249 1850 suos
1292 1810 1440 1863 cuique
1483 1809 1654 1851 deorum

293 1871 528 1925 praeficere.

377 1932 519 1987 Atque
544 1934 730 1974 omnium
762 1933 939 1988 primum
970 1933 1022 1974 ad
1048 1947 1192 1975 cursus
1224 1934 1346 1975 lunae
1372 1934 1413 1974 in
1439 1934 1655 1975 duodecim

294 2010 455 2036 menses
482 1995 677 2037 describit
702 2011 874 2045 annum,
901 2009 1044 2049 quem,
1077 1996 1174 2049 quia
1198 1996 1373 2038 tricenos
1399 1996 1486 2037 dies
1514 1996 1654 2051 singu-

294 2057 342 2097 lis
369 2057 581 2098 mensibus
607 2057 705 2098 luna
730 2072 814 2099 non
839 2058 976 2112 explet
1001 2058 1232 2111 desuntque
1258 2058 1346 2099 dies
1378 2058 1509 2099 solido
1535 2072 1653 2107 anno,

293 2119 363 2171 qui
399 2119 602 2159 solstitiali
638 2119 931 2173 circumagitur
972 2119 1089 2168 orbe,
1138 2119 1400 2160 intercalares
1442 2119 1653 2160 mensibus

294 2180 589 2234 interponendo
614 2181 671 2221 ita
695 2180 969 2234 dispensavit,
1001 2186 1046 2220 ut
1072 2181 1269 2222 vicesimo
1294 2195 1400 2221 anno
1425 2181 1478 2221 ad
1502 2187 1654 2221 metam

294 2242 465 2282 eandem
493 2242 610 2292 solis,
648 2242 758 2282 unde
784 2241 866 2282 orsi
892 2249 1049 2290 essent,
1087 2241 1218 2296 plenis
1245 2242 1429 2283 omnium
1455 2257 1654 2283 annorum

293 2304 435 2357 spatiis
472 2304 559 2345 dies
597 2309 882 2359 congruerent.
943 2303 1053 2345 idem
1090 2304 1273 2345 nefastos
1317 2304 1404 2344 dies
1441 2303 1654 2357 fastosque

294 2365 408 2414 feeit,
441 2366 537 2419 quia
563 2366 782 2419 aliquando
807 2365 907 2405 nihil
939 2379 1034 2406 cum
1063 2366 1217 2420 populo
1243 2366 1311 2421 agi
1341 2366 1438 2406 utile
1469 2366 1655 2406 futurum

294 2434 391 2468 erat.

378 2489 485 2530 XX.
514 2490 621 2531 Tum
638 2489 920 2531 sacerdotibus
935 2490 1122 2531 creandis
1138 2491 1320 2531 animum
1336 2490 1496 2539 adiecit,
1511 2504 1654 2543 quam-

293 2566 416 2603 quam
441 2551 529 2605 ipse
554 2552 733 2606 plurima
758 2566 873 2593 sacra
900 2551 1052 2601 obibat,
1080 2567 1128 2593 ea
1153 2552 1330 2593 maxime
1350 2567 1455 2605 quae
1474 2565 1582 2592 nunc
1602 2551 1653 2591 ad

293 2613 458 2654 Dialem
484 2614 690 2655 flaminem
717 2615 932 2669 pertinent.
984 2615 1057 2655 sed
1082 2614 1178 2668 quia
1202 2615 1243 2655 in
1270 2614 1433 2655 civitate
1459 2612 1652 2654 bellicosa

293 2675 429 2727 plures
481 2677 629 2717 *tomuli
665 2691 789 2730 quam
819 2675 980 2717 Numae
1019 2676 1172 2717 similes
1208 2690 1327 2731 reges
1363 2674 1535 2729 putabat
1564 2673 1651 2714 sore

295 2736 502 2789 iturosque
529 2739 640 2791 ipsos
668 2739 720 2779 ad
746 2738 869 2787 bella,
904 2753 953 2779 ne
981 2754 1097 2779 saera
1121 2739 1258 2793 regiae
1290 2738 1390 2777 vicis
1418 2737 1651 2777 desereren-
