1780 3204
407 232 560 266 LIBER
579 232 613 275 Ι,
640 233 692 265 11.
720 232 771 264 12.
800 234 849 275 [a.
866 229 1113 274 (3.753-717]
1380 225 1431 263 10

79 335 250 391 fatigata
294 344 399 384 orat,
432 344 475 375 ut
499 334 735 389 parentibus
761 348 900 374 earum
926 334 993 375 det
1019 334 1179 375 veniam
1205 341 1244 375 et
1267 334 1310 375 in
1334 335 1432 375 civi-

78 404 203 438 tatem
229 397 420 451 accipiat3
451 397 508 437 ita
531 411 618 437 rem
643 395 871 437 coalescere
897 395 1115 437 concordia
1137 410 1273 450 posse.
1311 396 1430 437 facile

77 459 351 513 impetratum.

162 520 265 561 Inde
297 529 437 561 contra
464 520 751 561 Crustuminos
782 519 989 573 profectus
1016 519 1168 560 bellum
1194 519 1426 560 inferentes.

77 581 133 622 ibi
163 582 298 622 minus
331 582 472 630 etiam,
510 581 621 634 quod
651 581 794 622 alienis
825 580 1009 621 cladibus
1036 580 1264 621 ceciderant
1291 581 1428 630 animi,

77 643 308 684 certaminis
334 643 424 683 fuit.
473 654 646 696 utroque
672 642 857 683 coloniae
887 642 1055 690 missac,
1092 642 1230 696 plures
1261 643 1427 691 inventi,

76 705 146 758 qui
170 712 335 759 propter
359 704 588 745 ubertatem
612 712 741 744 terrae
767 704 808 744 in
829 703 1142 745 Crustuminum
1166 704 1334 745 nomina
1357 704 1429 744 da-

76 773 183 815 rcnt3
210 774 248 807 et
273 766 450 807 Romam
474 765 569 806 inde
593 765 829 818 frequenter
853 766 1074 819 migratum
1099 773 1179 814 est,
1205 781 1229 806 a
1252 766 1430 820 parenti-

77 827 153 868 bus
180 827 357 867 maxime
382 841 428 868 ac
452 826 692 881 propinquis
717 833 938 879 raptarum.

159 888 439 929 Novissimum
477 887 528 928 ab
561 885 727 928 Sabinis
762 886 915 927 bellum
953 894 1104 935 ortum,
1142 888 1351 941 multoque
1387 888 1430 928 id

76 951 299 991 maximum
319 949 413 989 fuit:
439 948 539 989 nihil
557 948 665 989 enim
685 962 758 1001 per
781 948 882 988 iram
908 956 977 988 aut
1001 949 1267 1002 cupiditatem
1293 957 1429 990 actum

76 1020 155 1060 cst,
187 1025 262 1051 nec
286 1011 550 1052 ostenderunt
574 1009 728 1050 bellum
751 1009 864 1062 prius
890 1023 1014 1061 quam
1043 1010 1278 1051 intulerunt.
1336 1026 1428 1052 con-

76 1072 165 1112 silio
207 1072 328 1112 etiam
371 1071 534 1112 additus
571 1070 708 1110 dolus:
760 1068 935 1123 Spurius
975 1070 1177 1124 Tarpeius
1214 1071 1427 1112 Romanae

74 1140 256 1188 praeerat
275 1134 369 1173 arci.
407 1133 529 1173 huius
549 1132 673 1172 filiam
693 1132 894 1186 virginem
914 1147 1013 1173 auro
1033 1133 1253 1187 corrumpit
1267 1133 1426 1181 Tatius,

73 1202 117 1235 ut
146 1202 323 1235 armatos
354 1195 396 1234 in
421 1208 556 1235 arcem
582 1194 766 1248 accipiat.
811 1208 960 1247 aquam
986 1194 1089 1235 forte
1115 1210 1163 1235 ea
1187 1202 1274 1235 tum
1300 1196 1426 1236 sacris

74 1263 188 1297 extra
214 1256 375 1296 moenia
399 1256 571 1310 petitum
597 1256 716 1305 ierat3
754 1256 912 1309 accepti
942 1256 1130 1297 obrutam
1155 1257 1279 1297 armis
1305 1271 1426 1297 neca-

72 1327 182 1361 vere,
221 1326 294 1353 seu
324 1320 368 1352 ut
399 1312 439 1352 vi
469 1319 589 1365 capta
618 1311 753 1365 potius
785 1326 857 1351 arx
888 1312 1094 1353 videretur
1125 1327 1198 1353 seu
1226 1313 1426 1367 prodendi

72 1373 247 1427 exempli
283 1388 425 1422 causa,
474 1387 525 1413 ne
561 1373 661 1426 quid
695 1387 871 1426 usquam
907 1373 1035 1413 fidum
1070 1374 1268 1428 proditori
1304 1382 1424 1415 esset.

72 1435 234 1476 additur
251 1434 435 1483 fabulae,
462 1435 573 1488 quod
593 1434 718 1489 vulgo
740 1433 885 1475 Sabini
911 1449 1054 1476 aureas
1081 1435 1259 1476 armillas
1286 1437 1426 1491 magni

71 1497 262 1550 ponderis
287 1496 455 1537 brachio
480 1497 597 1537 laevo
622 1503 935 1551 gemmatosque
955 1511 1107 1551 magna
1126 1497 1262 1551 specie
1281 1498 1424 1538 anulos

72 1557 304 1607 habuerint,
331 1558 541 1613 pepigisse
567 1572 656 1598 eam
682 1558 793 1611 quod
817 1558 859 1598 in
885 1558 1059 1599 sinistris
1085 1558 1274 1599 manibus
1300 1558 1425 1599 habe-

72 1626 170 1660 rent.
226 1634 274 1660 eo
306 1627 422 1660 scuta
450 1619 508 1660 illi
537 1634 611 1673 pro
643 1620 776 1660 aureis
808 1619 926 1660 donis
958 1627 1166 1674 congesta..
1223 1627 1318 1660 sunt
1355 1621 1425 1673 qui

71 1694 161 1720 eam
186 1695 236 1721 ex
261 1688 380 1734 pacto
406 1681 591 1721 tradendi
616 1681 728 1733 quod
751 1681 793 1721 in
819 1680 995 1721 sinistris
1014 1680 1204 1722 manibus
1224 1681 1423 1722 haberent

72 1741 233 1782 derecto
269 1756 382 1782 arma
416 1742 570 1795 petisse
606 1741 742 1782 dicant
779 1749 818 1781 et
855 1741 998 1782 fraude
1036 1742 1166 1782 visam
1197 1756 1318 1795 agere
1351 1757 1425 1782 sua

72 1803 204 1856 ipsam
227 1809 481 1856 peremptam
506 1803 706 1844 mercede.
799 1849 802 1853 ⁴

156 1862 261 1904 XII.
294 1863 482 1903 Tenuere
505 1871 644 1904 tamen
668 1878 804 1904 arcem
825 1863 970 1905 Sabini
995 1872 1116 1917 atque
1141 1865 1235 1905 inde
1259 1872 1423 1919 postero

74 1925 157 1972 die,
190 1938 284 1964 cum
307 1923 520 1965 Romanus
552 1925 755 1966 exercitus
786 1925 1007 1966 instructus
1039 1926 1150 1978 quod
1175 1926 1279 1966 inter
1302 1926 1425 1968 Pala-

73 1987 202 2026 tinum
229 1984 589 2039 Capitolinumque
614 1986 759 2027 collem
784 1987 918 2040 campi
948 1994 1009 2027 est
1042 1987 1304 2042 complesset,
1342 2004 1423 2030 non

73 2047 184 2101 prius
221 2046 518 2087 descenderunt
554 2047 595 2087 in
631 2061 808 2099 aequum
863 2062 986 2100 quam
1043 2049 1103 2089 ira
1132 2055 1171 2089 et
1201 2050 1422 2104 cupiditate

73 2108 374 2162 recuperandae
399 2108 503 2149 arcis
536 2108 770 2149 stimulante
801 2109 959 2150 animos
1017 2111 1059 2150 in
1090 2111 1307 2152 adversum
1337 2112 1423 2153 Ro-

72 2170 182 2210 mani
218 2169 391 2210 subiere.
447 2170 650 2224 principes
686 2170 890 2224 utrimque
924 2186 1107 2226 pugnam
1143 2173 1322 2223 ciebant,
1370 2175 1421 2216 ab

75 2229 239 2272 Sabinis
270 2231 441 2272 Mettius
474 2231 661 2281 Curtius,
699 2232 750 2273 ab
775 2232 974 2274 Romanis
1000 2233 1176 2276 Hostius
1201 2235 1420 2277 Hostilius.

71 2293 137 2332 hic
160 2307 247 2334 rem
270 2292 501 2334 Romanam
525 2293 663 2347 iniquo
687 2294 777 2335 loco
808 2294 860 2335 ad
889 2295 1020 2349 prima
1050 2296 1169 2350 signa
1198 2298 1333 2338 animo
1363 2305 1422 2339 at-

71 2368 150 2406 que
187 2354 358 2394 audacia
400 2354 640 2396 sustinebat.
696 2363 741 2395 ut
776 2355 950 2397 Hostius
994 2357 1155 2407 cecidit,
1205 2358 1420 2401 confestim

71 2415 258 2456 Romana
288 2416 505 2457 inclinatur
535 2417 642 2458 acies
673 2417 848 2470 fusaque
879 2425 941 2459 est
970 2419 1023 2459 ad
1053 2426 1233 2461 veterem
1262 2428 1421 2474 portam

70 2476 230 2517 Palatii.
290 2477 493 2518 Romulus
531 2487 570 2519 et
604 2479 693 2532 ipse
724 2479 843 2520 turba
879 2479 1124 2534 fugientium
1156 2488 1271 2522 actus
1308 2497 1421 2523 arma

70 2538 121 2578 ad
146 2538 303 2578 caelum
328 2538 474 2580 tollens
502 2540 710 2594 ‘Iuppiter,
738 2541 834 2581 tuis’
859 2541 989 2594 inquit
1016 2542 1170 2583 ‘iussus
1190 2542 1334 2584 avibus
1353 2543 1419 2585 hic

69 2599 110 2638 in
127 2598 287 2640 Palatio
311 2600 443 2654 prima
466 2601 557 2642 urbi
581 2602 848 2643 fundamenta
870 2603 958 2643 ieci.
1002 2618 1137 2644 arcem
1160 2604 1242 2645 iam
1268 2604 1418 2647 scelere

69 2666 247 2715 emptam
275 2659 418 2702 Sabini
448 2662 617 2713 habent,
654 2664 748 2705 inde
779 2664 859 2705 huc
889 2665 1032 2706 armati
1064 2672 1254 2720 superata
1283 2667 1419 2709 media

1455 902 1472 929 Ξ)

1454 1026 1471 1051 45

1448 2189 1465 2216 [C
