1780 3204
405 270 694 307 PERIOCHAE
714 271 980 308 LIBRORUM
997 271 1136 307 XVIII.
1158 272 1318 308 XVIIII.
1449 266 1530 306 549

186 378 353 410 senatum
372 373 502 408 missas
524 376 675 418 questus
696 376 769 416 est,
797 372 834 406 in
855 372 988 418 quibus
1007 374 1104 409 inter
1123 385 1254 409 causas
1278 374 1431 419 petendi
1451 386 1530 410 suc-

184 425 360 468 cessoris,
387 424 488 470 quod
501 423 646 468 agellus
661 423 739 458 eius
753 424 1049 458 amereennariis
1071 425 1239 459 desertus
1259 429 1368 460 esset.
1417 437 1531 471 quae-

183 479 286 510 rente
307 474 441 509 deinde
460 473 629 517 fortuna,
654 476 696 507 ut
714 484 887 518 magnum
904 474 1098 520 utriusque
1125 486 1234 509 casus
1261 477 1468 521 exemplum
1493 476 1532 510 in

182 527 328 571 Regulo
365 525 602 569 proderetur,
640 525 819 559 arcessito
857 535 880 559 a
909 524 1282 570 Carthaginiensibus
1312 527 1530 572 Xanthippo

182 574 565 611 Lacedaemoniorum
586 575 680 608 duce
699 574 819 608 victus
832 575 974 619 proelio
990 580 1027 610 et
1041 580 1171 620 captus
1186 580 1252 611 est.
1288 588 1348 612 res
1363 577 1495 612 deinde
1511 589 1533 612 a

183 627 341 662 ducibus
360 625 540 659 Romanis
562 625 732 659 omnibus
750 629 850 659 terra
868 625 1033 671 marique
1052 638 1230 672 prospere
1258 631 1385 672 gestas
1410 628 1530 662 defor-

181 679 375 711 maverunt
388 674 585 719 naufragia
599 675 783 709 classium.
833 675 917 710 Tib.
934 675 1187 711 Coruncanius
1205 678 1345 722 primus
1365 689 1408 712 ex
1421 678 1531 722 plebe

181 726 350 772 pontifex
369 725 548 759 maximus
569 729 715 759 creatus
729 729 798 760 est.
847 726 890 760 P.
906 725 1143 771 Sempronius
1159 728 1324 773 Sophus,
1353 729 1444 773 [312]
1458 728 1531 763 Va-

182 777 294 811 lerius
314 776 497 810 Maximus
519 786 691 810 censores
712 787 794 810 cum
814 780 981 811 senatum
1000 778 1186 822 legerent,
1214 778 1375 813 sedecim
1401 782 1533 813 senatu

181 830 393 870 moverunt,
418 827 575 860 lustrum
601 826 866 871 condiderunt,
900 838 972 872 quo
1002 839 1114 863 censa
1140 833 1226 863 sunt
1252 829 1385 863 civium
1410 829 1533 873 capita

182 879 344 912 ducenta
363 877 569 922 nonaginta
594 881 734 922 septem
760 877 860 911 milia
887 878 1123 923 septingenta
1147 879 1354 924 nonaginta
1379 884 1531 924 septem.

180 928 348 973 Regulus
363 928 496 961 missus
511 938 532 961 a
547 925 919 972 Carthaginiensibus
934 928 981 962 ad
996 934 1175 973 senatum,
1201 933 1242 963 ut
1255 930 1299 964 de
1313 941 1405 974 pace
1421 934 1474 973 et,
1502 929 1533 962 si

182 989 265 1012 eam
284 989 359 1012 non
378 982 508 1022 posset
521 977 737 1022 impetrare,
765 978 809 1012 de
831 979 1100 1013 commutandis
1121 980 1277 1024 captivis
1303 983 1448 1024 ageret,
1477 983 1534 1013 set

182 1028 261 1062 iure
275 1028 432 1062 iurando
448 1027 664 1070 adstrictus,
690 1028 895 1062 rediturum
911 1039 950 1062 se
965 1027 1244 1074 Carthaginem,
1271 1030 1302 1064 si
1317 1029 1534 1064 commutari

182 1079 350 1122 captivos
363 1089 439 1112 non
452 1078 672 1123 placuisset,
698 1083 895 1124 utrumque
909 1080 1073 1123 negandi
1092 1084 1224 1114 auctor
1243 1080 1386 1115 senatui
1400 1080 1470 1114 fuit
1484 1084 1531 1122 et,

183 1140 264 1163 eum
283 1128 357 1163 fide
378 1129 564 1163 custodita
583 1140 752 1164 reversus
773 1134 888 1173 esset,
916 1131 1098 1175 supplicio
1119 1142 1140 1165 a
1160 1130 1532 1177 Carthaginiensibus

182 1181 227 1214 de
248 1191 290 1215 eo
313 1184 458 1225 sumpto
478 1181 582 1226 perit.

541 1342 804 1379 PERIOCHA
834 1342 974 1378 LIBRI
1003 1342 1175 1378 XVIIII.

246 1437 431 1472 Caecilius
446 1437 619 1471 Metellus
633 1437 744 1471 rebus
759 1437 937 1471 adversus
952 1437 1102 1471 Poenos
1121 1448 1299 1482 prospere
1319 1438 1436 1482 gestis
1452 1450 1532 1484 spe-

180 1488 322 1522 ciosum
348 1487 425 1531 egit
442 1486 667 1531 triumphum
685 1486 862 1521 tredecim
883 1487 1039 1521 ducibus
1065 1487 1226 1521 hostium
1251 1492 1288 1522 et
1308 1493 1455 1523 centum
1479 1490 1532 1523 vi-

179 1538 273 1583 ginti
298 1536 507 1581 elephantis
537 1536 576 1570 in
601 1547 645 1571 eo
672 1536 804 1570 ductis.
857 1535 1035 1570 Claudius
1059 1537 1219 1572 Pulcher
1245 1539 1376 1571 consul
1402 1543 1532 1573 eontra

179 1588 346 1632 auspicia
359 1587 551 1632 profectus
565 1587 730 1620 —iussit
744 1587 859 1630 mergi
873 1587 1009 1631 pullos,
1033 1587 1094 1632 qui
1110 1587 1224 1621 cibari
1237 1588 1530 1623 nolebant—in-

179 1638 337 1672 feliciter
356 1638 534 1671 adversus
559 1635 886 1680 Carthaginienses
908 1637 1028 1671 classe
1048 1637 1245 1682 pugnavit,
1272 1642 1310 1672 et
1332 1644 1530 1674 revocatus

180 1699 201 1722 a
228 1692 358 1721 senatu
388 1687 585 1731 iussusque
617 1687 835 1721 dictatorem
866 1687 988 1722 dicere
1015 1686 1210 1722 Claudium
1236 1688 1394 1723 Gliciam
1427 1690 1528 1733 dixit,

181 1737 291 1771 sortis
322 1736 473 1771 ultimae
505 1736 707 1780 hominem,
748 1737 811 1782 qui
844 1741 995 1771 coactus
1033 1738 1210 1773 abdicare
1242 1750 1280 1773 se
1311 1739 1532 1784 magistratu

179 1791 311 1832 postea
331 1787 439 1821 ludos
459 1791 714 1831 praetextatus
736 1788 928 1831 spectavit.
975 1787 1019 1822 A.
1029 1788 1166 1823 Atilius
1182 1788 1372 1823 Calatinus
1392 1790 1543 1834 primus

179 1838 340 1872 dictator
359 1841 462 1872 extra
481 1837 625 1872 Italiam
651 1838 850 1872 exercitum
877 1838 989 1872 duxit.
1038 1840 1275 1874 commutatio
1303 1841 1531 1884 captivorum

180 1900 262 1923 cum
275 1888 413 1922 Poenis
432 1888 534 1922 facta
549 1892 616 1923 est.
667 1889 835 1923 coloniae
857 1889 1039 1924 deductae
1055 1894 1142 1924 sunt
1154 1891 1360 1935 Fregenae,
1382 1891 1419 1925 in
1438 1902 1529 1936 agro

179 1939 386 1974 Sallentino
401 1939 651 1973 Brundisium.
677 1940 832 1973 lustrum
847 1951 868 1973 a
883 1940 1101 1975 censoribus
1117 1941 1306 1975 eonditum
1320 1944 1386 1975 est.
1419 1953 1532 1977 censa

180 1996 264 2024 sunt
280 1989 410 2024 civium
426 1990 549 2034 capita
563 1990 724 2024 ducenta
745 1990 996 2035 quadraginta
1014 2002 1127 2025 unum
1145 1991 1247 2025 milia
1267 1992 1428 2026 ducenta
1442 1993 1530 2026 duo·

179 2041 309 2075 decim.
361 2040 534 2084 Claudia,
562 2052 667 2075 soror
681 2041 723 2075 P.
739 2040 888 2085 Claudi,
915 2041 978 2086 qui
997 2042 1219 2086 contemptis
1240 2042 1414 2086 auspiciis
1434 2043 1529 2077 male

177 2095 423 2137 pugnaverat,
440 2103 461 2125 a
475 2091 572 2125 ludis
586 2095 776 2126 revertens
791 2103 872 2126 eum
885 2092 995 2126 turba
1008 2096 1247 2136 premeretur,
1269 2093 1360 2127 dixit
1373 2093 1530 2127 ‘utinam

178 2144 294 2178 frater
307 2153 409 2176 meus
424 2141 581 2176 viveret!
603 2142 733 2176 iterum
750 2143 906 2177 classem
921 2143 1093 2177 duceret!
1120 2143 1167 2177 ob
1182 2154 1263 2177 eam
1279 2154 1427 2178 causam
1440 2144 1529 2177 mul-

178 2198 217 2228 ta
232 2193 264 2227 ei
280 2193 380 2227 dieta
394 2196 462 2227 est.
509 2193 581 2227 duo
595 2196 788 2237 praetores
803 2197 892 2226 tunc
904 2192 1059 2237 primum
1073 2192 1189 2227 creati
1202 2197 1297 2228 sunt.
1345 2193 1529 2228 Caecilius

179 2243 353 2277 Metellus
379 2243 547 2287 pontifex
577 2243 758 2277 maximus
783 2242 827 2276 A.
854 2243 1083 2277 Postumium
1114 2244 1320 2284 consulem,
1354 2244 1528 2289 quoniam

179 2294 277 2328 idem
297 2298 334 2328 et
353 2293 489 2328 flamen
508 2294 691 2328 Martialis
711 2298 805 2336 erat,
833 2305 915 2328 eum
933 2294 962 2328 is
987 2295 1034 2328 ad
1054 2295 1193 2328 bellum
1217 2295 1419 2339 gerendum
1443 2305 1526 2339 pro-

179 2343 296 2377 ficisci
321 2345 453 2388 vellet,
484 2344 522 2378 in
546 2345 638 2378 urbe
664 2345 784 2380 tenuit
800 2356 878 2379 .nec
902 2356 1035 2389 passus
1067 2349 1124 2379 est
1148 2356 1170 2379 a
1202 2344 1316 2378 saeris
1340 2345 1526 2379 recedere.

179 2394 291 2428 rebus
311 2394 490 2428 adversus
511 2395 658 2428 Poenos
679 2406 701 2429 a
718 2395 888 2439 pluribus
910 2395 1066 2429 ducibus
1085 2405 1263 2440 prospere
1288 2395 1405 2439 gestis
1431 2406 1526 2428 sum-

179 2455 274 2478 mam
293 2444 471 2479 victoriae
486 2443 525 2478 C.
539 2445 712 2479 Lutatius
728 2446 858 2479 consul
877 2445 975 2480 victa
994 2446 1042 2479 ad
1061 2444 1226 2489 Aegates
1244 2445 1384 2479 insulas
1406 2444 1526 2479 classe

181 2495 393 2528 Poenorum
413 2494 599 2539 imposuit.
647 2496 860 2540 petentibus
875 2495 1246 2540 Carthaginiensibus
1264 2507 1339 2540 pax
1358 2496 1443 2529 data
1457 2499 1525 2530 est.

179 2555 262 2578 eum
281 2544 459 2588 templum
479 2545 615 2580 Vestae
636 2546 799 2589 arderet,
827 2545 1011 2580 Caecilius
1030 2545 1204 2580 Metellus
1224 2545 1393 2590 pontifex
1417 2545 1527 2579 maxi-

178 2606 258 2628 mus
273 2605 316 2628 ex
331 2594 503 2629 incendio
519 2605 623 2629 sacra
643 2595 779 2640 rapuit.
830 2596 924 2630 duae
943 2595 1061 2630 tribus
1077 2595 1245 2630 adiectae
1266 2599 1366 2639 sunt,
1392 2595 1526 2630 Velina

179 2648 215 2678 et
230 2644 392 2686 Quirina.
