1780 3204
458 301 611 337 LIBER
635 303 680 347 v,
707 302 759 336 12.
781 302 833 336 13.
863 300 1162 346 [a.o.401-399]
1398 292 1480 334 265

134 408 329 448 honorem
354 406 406 447 sit
429 405 607 447 habitus.
644 406 713 447 alii
739 405 815 448 Cn.
833 404 1000 447 Corneli
1024 405 1173 456 fratris,
1199 405 1269 459 qui
1294 404 1481 447 tribunus

134 469 308 509 militum
331 468 465 523 priore
496 482 603 509 anno
633 467 769 509 fuerat
799 468 1027 523 triplexque
1060 468 1308 522 stipendium
1338 468 1483 521 equiti-

134 530 211 572 bus
242 532 427 579 dederat,
466 529 598 585 gratia
629 536 856 571 extractum
888 530 940 570 ad
975 536 1133 571 tantum
1167 529 1362 571 honorem
1399 544 1484 570 ere-

134 592 254 642 dunt,
286 593 355 634 alii
379 591 604 633 orationem
630 591 767 646 ipsum
792 591 1078 646 tempestivam
1104 592 1154 632 de
1180 592 1397 633 concordia
1421 606 1484 632 or-

134 654 275 695 dinum
312 653 498 709 patribus
533 653 726 708 plebique
750 660 910 709 gratam
947 653 1154 695 habuisse.
1208 654 1285 695 hac
1315 653 1486 695 victoria

135 717 393 758 comitiorum
424 715 652 756 exultantes
684 715 834 756 tribuni
864 714 1014 770 plebis,
1052 716 1163 769 quod
1192 716 1369 757 maxime
1398 730 1485 757 rem

134 778 340 834 publicam
353 777 614 832 impediebat,
642 777 692 818 de
706 776 857 818 tributo
870 777 1125 818 remiserunt.
1158 777 1350 819 collatum
1363 777 1486 819 oboe-

135 840 292 881 dienter
316 841 569 893 missumque
595 839 647 880 ad
672 839 897 880 exercitum
923 845 996 880 est.

220 902 350 943 XIII.
393 900 544 942 Anxur
567 901 610 941 in
634 900 800 942 Volscis
827 901 940 942 brevi
965 907 1174 956 receptum
1205 908 1267 943 est
1290 901 1487 956 neglectis

136 965 200 1005 die
226 964 332 1005 festo
358 963 554 1004 custodiis
580 962 706 1004 urbis.

219 1025 400 1081 Insignis
432 1040 564 1066 annus
593 1024 728 1065 hieme
758 1025 895 1080 gelida
925 1040 972 1066 ac
1003 1026 1149 1067 nivosa
1178 1025 1256 1066 fuit
1286 1026 1407 1075 adeo,
1444 1032 1490 1066 ut

135 1087 225 1128 viae
252 1087 428 1137 clausae,
455 1086 616 1128 Tiberis
642 1087 930 1142 innavigabilis
957 1087 1090 1128 fuerit.
1134 1103 1297 1128 annona
1321 1102 1371 1128 ex
1396 1095 1489 1128 ante

136 1155 332 1190 convecta
357 1149 474 1203 copia
498 1148 598 1189 nihil
622 1149 808 1189 mutavit.
857 1155 898 1189 et
921 1149 1018 1202 quia
1041 1149 1090 1189 P.
1116 1149 1322 1198 Licinius,
1354 1155 1400 1188 ut
1425 1163 1491 1189 ce-

134 1218 250 1266 perat
274 1211 384 1252 haud
409 1211 659 1252 tumultuose
685 1211 972 1266 magistratum
997 1211 1150 1251 maiore
1180 1211 1332 1266 gaudio
1357 1210 1489 1265 plebis

135 1287 258 1326 quam
283 1272 563 1327 indignatione
587 1278 769 1326 patrum,
806 1272 863 1312 ita
893 1271 1015 1312 etiam
1046 1272 1193 1327 gessit,
1231 1272 1405 1313 dulcedo
1431 1272 1491 1312 in-

135 1334 241 1374 vasit
264 1333 460 1388 proximis
493 1333 667 1374 comitiis
699 1332 955 1374 tribunorum
986 1333 1160 1374 militum
1190 1333 1374 1389 plebeios
1406 1349 1492 1375 cre-

134 1395 241 1436 andi.
291 1409 396 1435 unus
422 1394 483 1435 M.
511 1394 707 1435 Veturius
734 1409 785 1435 ex
809 1395 990 1449 patriciis
1017 1396 1244 1437 candidatis
1270 1396 1407 1437 locum
1432 1403 1490 1437 te-

133 1457 239 1507 nuit3
275 1456 458 1512 plebeios
491 1457 591 1498 alios
624 1456 808 1498 tribunos
840 1457 1014 1498 militum
1052 1458 1258 1499 consulari
1287 1464 1491 1513 potestate

134 1533 275 1560 omnes
289 1519 374 1560 fere
389 1519 593 1560 centuriae
613 1519 771 1560 dixere:
797 1519 859 1560 M.
873 1519 1165 1575 Pomponium,
1194 1520 1271 1562 Cn.
1286 1520 1489 1570 Duilium,

135 1580 383 1623 Voleronem
407 1581 646 1631 Publilium,
675 1580 752 1622 Cn.
781 1580 1028 1632 Genucium,
1055 1583 1108 1623 L.
1134 1582 1324 1624 Atilium.

218 1643 398 1684 Tristem
422 1643 620 1692 hiemem,
655 1644 741 1684 sive
767 1658 819 1684 ex
843 1644 1084 1698 intemperie
1104 1645 1206 1685 caeli
1230 1645 1377 1699 raptim
1403 1660 1492 1684 mu-

135 1705 285 1746 tatione
309 1705 350 1745 in
375 1705 623 1746 contrarium
648 1705 757 1746 facta
783 1706 869 1746 sive
895 1705 974 1746 alia
998 1720 1080 1759 qua
1105 1706 1155 1746 de
1182 1721 1325 1755 causa,
1352 1706 1490 1761 gravis

135 1766 411 1821 pestilensque
437 1766 628 1807 omnibus
655 1766 900 1808 animalibus
926 1774 1061 1808 aestas
1088 1768 1260 1822 excepit.
1294 1768 1410 1808 euius
1430 1767 1491 1807 in-

137 1827 309 1868 sanabili
333 1828 512 1881 pernicie
537 1829 702 1881 quando
726 1843 802 1869 nee
827 1843 952 1869 causa
977 1843 1053 1870 nec
1078 1829 1170 1870 finis
1196 1829 1490 1877 inveniebatur,

136 1888 228 1929 libri
261 1887 452 1942 Sibyllini
483 1903 534 1929 ex
567 1896 733 1930 senatus
766 1890 952 1930 consulto
990 1890 1089 1930 aditi
1125 1897 1231 1931 sunt.
1287 1890 1492 1931 duumviri

139 1950 264 1992 sacris
290 1950 507 1999 faciundis,
533 1950 781 1992 lectisternio
802 1958 898 1992 tune
923 1952 1099 2006 primum
1119 1952 1159 1992 in
1186 1952 1285 1994 urbe
1304 1953 1493 1994 Romana

137 2013 265 2061 facto,
303 2026 376 2066 per
405 2012 492 2052 dies
524 2018 615 2053 octo
641 2011 880 2066 Apollinem
904 2013 1195 2066 Latonamque
1227 2020 1267 2054 et,
1296 2013 1490 2065 Dianam,

138 2073 380 2122 Herculem,
411 2072 666 2113 Mercurium
692 2080 813 2127 atque
838 2074 1076 2128 Neptunum
1103 2075 1232 2117 tribus
1258 2090 1382 2129 quam
1406 2091 1492 2117 am-

137 2136 335 2191 plissume
361 2142 446 2176 tum
472 2136 658 2190 apparari
682 2142 840 2190 poterat
865 2137 1000 2178 stratis
1020 2137 1135 2178 lectis
1154 2137 1382 2192 placavere.
1413 2139 1495 2193 pri·-

139 2198 264 2238 vatim
289 2212 452 2251 quoque
476 2197 519 2238 id
544 2212 705 2238 sacrum
731 2198 980 2240 celebratum
1005 2206 1078 2240 est.
1118 2206 1202 2240 tota
1226 2200 1326 2241 urbe
1351 2207 1493 2255 paten-

140 2259 248 2300 tibus
273 2259 406 2300 ianuis
430 2259 718 2314 promiscoque
744 2275 822 2300 usu
846 2275 982 2301 rerum
1007 2261 1188 2302 omnium
1213 2262 1254 2301 in
1278 2262 1492 2316 propatulo

138 2321 272 2375 posito
297 2327 415 2362 notos
440 2321 686 2376 ignotosque
711 2322 865 2376 passim
891 2323 1071 2363 advenas
1090 2323 1132 2362 in
1150 2323 1374 2378 hospitium
1395 2324 1493 2365 duc-

140 2390 202 2423 tos
239 2382 375 2423 ferunt
412 2390 451 2424 et
488 2398 582 2424 cum
618 2383 794 2424 inimicis
831 2398 995 2438 quoque
1025 2384 1203 2440 benigne
1240 2399 1287 2425 ac
1324 2386 1493 2427 comiter

141 2458 349 2485 sermones
381 2444 561 2495 habitos,
597 2445 740 2501 iurgiis
772 2460 820 2486 ae
850 2445 988 2487 litibus
1020 2452 1308 2500 temperatum,
1345 2447 1492 2489 vinetis

140 2521 303 2561 quoque
329 2507 495 2561 dempta
518 2507 561 2547 in
585 2522 655 2548 eos
676 2507 763 2548 dies
783 2507 964 2548 vincula:
990 2507 1179 2563 religioni
1198 2508 1346 2549 deinde
1364 2508 1493 2550 fuisse

140 2569 289 2623 quibus
316 2583 406 2610 eam
431 2584 552 2623 opem
577 2569 634 2609 dii
658 2569 845 2610 tulissent
871 2569 1026 2610 vinciri.

224 2631 393 2671 [nterim
418 2631 471 2671 ad
495 2630 623 2672 Veios
650 2637 777 2672 terror
801 2631 1016 2686 multiplex
1040 2631 1119 2671 fuit
1144 2631 1274 2672 tribus
1299 2631 1340 2672 in
1364 2647 1493 2673 unum

142 2692 257 2734 bellis
283 2693 467 2734 conlatis.
504 2707 681 2747 namque
707 2693 851 2734 eodem
875 2708 957 2746 quo
983 2700 1103 2734 antea
1126 2694 1248 2735 modo
1275 2694 1381 2735 eirca
1405 2710 1494 2735 mu-

140 2755 338 2804 nimenta,
377 2770 469 2796 eum
495 2762 660 2811 repente
688 2754 920 2810 Capenates
946 2755 1178 2809 Faliscique
1211 2755 1393 2797 subsidio
1424 2771 1494 2798 ve-

1513 668 1551 696 13)

1517 1161 1534 1189 [ὗ
