1835 3226
318 1071 333 1098 *l

301 1684 337 1710 1⁴»

302 1931 333 1958 ll

303 2362 338 2390 13

327 2676 338 2702 1

361 213 414 253 82
652 214 805 251 LIBER
829 215 883 259 II,
910 215 964 248 20.
986 214 1040 248 21.
1068 217 1164 257 [a.u.
1179 224 1208 248 c.
1223 214 1418 258 255—259]

358 329 465 363 retro
495 321 536 360 in
568 332 717 373 agmen
747 331 915 357 suorum
950 316 1112 356 infenso
1150 316 1273 357 cessit
1307 316 1428 356 hosti.
1488 316 1711 367 Valerium,

360 391 510 423 temere
535 380 742 419 invectum
768 378 809 417 in
835 377 1001 417 exulum
1027 377 1175 426 aciem,
1212 392 1263 418 ex
1288 384 1324 417 tr
1326 392 1428 417 1nsx
1431 391 1522 418 erso
1548 379 1713 430 quidim

360 443 526 484 adortus
552 439 881 494 tr·1nsfigit:11ec
907 439 1127 491 quicquam
1153 439 1301 491 equitis
1328 438 1492 482 xolnere
1518 453 1623 492 equo
1653 454 1716 480 rc-

360 503 537 551 tardato,
574 500 846 542 moribundus
878 500 1110 549 Romanus,
1148 499 1381 541 labentibus
1414 514 1537 554 super
1567 514 1715 554 corpus

360 564 504 613 winus,
536 563 589 604 ad
619 570 769 603 terram
800 562 982 602 defluxit.
1032 562 1206 602 dictator
1229 561 1471 602 Postumius
1496 568 1715 615 postquam

360 626 559 666 cecidisse
585 624 708 665 talem
733 624 889 673 virum,
925 623 1066 664 exules
1091 623 1282 664 ferociter
1307 623 1429 664 citato
1461 623 1625 678 agmine
1656 623 1716 662 in-

361 687 473 736 vehi,
512 701 609 727 suos
645 685 858 740 perculsos
896 685 1040 726 cedere
1073 684 1379 734 animadvertit,
1417 685 1572 725 cohorti
1605 698 1715 731 suae,

359 765 483 802 quam
514 748 715 789 delectam
745 763 913 788 manum
943 747 1138 801 praesidii
1168 761 1293 787 causa
1323 747 1429 787 circa
1457 761 1500 787 se
1525 745 1715 793 habebat,

359 812 429 852 (lat
466 806 650 865 signum,
699 816 745 849 ut
780 824 903 862 quem
941 823 1109 849 suorum
1144 808 1371 863 fugientem
1407 808 1601 857 viderint,
1643 823 1717 862 pro

360 874 479 914 hoste
510 872 701 914 habeant.
750 872 805 912 ita
838 878 951 911 metu
975 871 1143 925 ancipiti
1167 871 1276 911 versi
1301 886 1323 911 a
1349 870 1449 925 fuga
1473 870 1651 911 Romani
1676 871 1717 910 in

328 948 335 976 3
361 936 522 976 hostem
553 941 592 975 ct
622 934 809 975 restituta
840 933 962 973 acies.
1012 933 1157 973 cohors
1189 932 1397 972 dictatom’s
1429 938 1513 972 tum
1540 933 1716 986 primum

360 997 561 1052 proelium
580 996 686 1036 iniit:
712 995 883 1050 integris
904 994 1143 1049 corporibus
1170 994 1398 1047 animisque
1425 993 1560 1034 fessos
1586 994 1716 1034 adorti

361 1059 502 1100 exules
544 1058 732 1098 caedunt.
792 1057 850 1097 ibi
886 1057 965 1097 alia
1001 1057 1107 1097 inter
1149 1070 1337 1110 proceres
1381 1062 1518 1096 coorta
1563 1070 1716 1110 pugna.

361 1123 581 1175 imperator
606 1120 803 1167 Latinus,
838 1118 908 1159 ubi
934 1119 1142 1159 cohortem
1169 1118 1334 1158 exulum
1362 1133 1383 1158 a
1410 1118 1607 1158 dictatore
1634 1117 1718 1158 Ro-

361 1198 483 1224 mano
501 1196 628 1236 prope
649 1181 970 1222 circumventam
989 1180 1107 1228 vidit,
1135 1195 1186 1220 ex
1206 1179 1460 1220 subsidiariis
1486 1178 1716 1232 manipulos

361 1245 515 1298 aliquot
539 1244 580 1284 in
606 1244 780 1298 primam
805 1243 935 1282 aciem
961 1256 1101 1282 secum
1120 1242 1236 1295 rapit.
1273 1241 1348 1281 hos
1369 1241 1532 1295 agmine
1552 1240 1717 1280 venien-

361 1315 422 1348 tes
437 1306 486 1346 T.
501 1305 742 1347 Herminius
762 1304 922 1358 lcgatus
941 1303 1200 1357 conspicatus
1220 1302 1404 1354 interque
1424 1316 1493 1341 eos
1513 1301 1716 1355 insignem

360 1376 474 1409 veste
495 1367 700 1419 armisque
713 1365 947 1406 Mamilium
967 1365 1188 1412 noscitans,
1210 1372 1322 1404 tanto
1341 1363 1381 1403 vi
1401 1363 1571 1411 maiore,
1593 1377 1716 1415 quam

365 1429 488 1485 paulo
514 1436 605 1470 ante
631 1427 828 1482 magister
852 1427 1054 1480 equitum,
1082 1441 1174 1467 cum
1194 1425 1373 1465 hostium
1394 1425 1497 1465 duce
1516 1424 1716 1478 proelium

362 1493 468 1540 iniit,
501 1499 545 1531 ut
570 1498 608 1530 et
632 1505 715 1530 uno
740 1490 823 1529 ictu
847 1489 1088 1529 transfixum
1113 1503 1186 1542 per
1209 1488 1314 1528 latus
1346 1487 1537 1528 occiderit
1563 1486 1716 1527 Mami-

364 1555 465 1594 lium
495 1561 533 1593 et
565 1553 653 1606 ipse
682 1552 788 1591 inter
819 1551 1078 1604 spoliandum
1110 1565 1258 1604 eorpus
1289 1549 1420 1589 hostis
1451 1561 1594 1590 veruto
1627 1564 1718 1602 per-

361 1630 526 1663 cussus,
559 1628 653 1654 cum
683 1613 813 1653 victor
842 1612 885 1651 in
916 1619 1049 1652 castra
1080 1619 1189 1652 esset
1213 1611 1383 1659 relatus,
1415 1611 1521 1651 inter
1544 1611 1718 1664 primam

363 1677 613 1717 curationem
643 1673 923 1728 exspiraverit.
973 1681 1058 1713 tum
1085 1673 1137 1713 ad
1162 1672 1319 1725 equites
1346 1672 1518 1712 dictator
1542 1672 1717 1719 advolat,

361 1738 592 1785 obtestans,
630 1743 675 1776 ut
732 1735 844 1776 fesso
875 1736 957 1776 iam
988 1736 1124 1789 pedite
1182 1734 1432 1775 descendant
1464 1748 1515 1774 ex
1540 1734 1655 1787 equis
1681 1742 1721 1774 et

361 1814 544 1854 pugnam
571 1805 801 1852 capessant.
840 1797 950 1838 dicto
968 1811 1153 1851 paruere.
1191 1795 1383 1836 desiliunt
1403 1810 1453 1836 ex
1472 1795 1601 1848 equis,
1627 1810 1721 1849 pro-

362 1861 501 1902 volant
536 1860 578 1900 in
612 1859 792 1914 primum
829 1866 868 1899 et
903 1873 977 1913 pro
1013 1857 1292 1912 antesignanis
1329 1872 1493 1912 parmas
1526 1856 1718 1897 obiciunt.

364 1923 507 1977 recipit
532 1921 738 1976 extemplo
764 1921 946 1961 animum
963 1920 1166 1974 pedestris
1186 1920 1312 1968 acies,
1339 1927 1559 1973 postquam
1579 1918 1721 1959 iuven-

364 1985 461 2025 tutis
487 1998 677 2038 proceres
703 1990 878 2035 aequato
902 1996 1052 2037 genere
1077 1995 1242 2036 pugnae
1269 1995 1407 2021 secum
1432 1988 1589 2034 partem
1615 1979 1721 2033 peri-

364 2047 445 2087 culi
482 2046 730 2087 sustinentes
766 2044 880 2085 vidit.
941 2052 1027 2084 tum
1065 2044 1232 2084 demum
1266 2043 1419 2097 inpulsi
1454 2042 1596 2082 Latini
1630 2056 1722 2095 per-

321 2116 338 2144 *2
365 2108 560 2161 culsaque
585 2106 796 2148 inclinavit
821 2106 948 2155 acies3
986 2106 1112 2159 equiti
1137 2104 1291 2145 admoti
1317 2105 1428 2156 equi,
1461 2112 1505 2143 ut
1530 2103 1722 2157 persequi

363 2171 525 2211 hostem
555 2176 715 2224 posset,
754 2176 895 2209 secuta
930 2176 969 2208 et
1005 2167 1206 2221 pedestris
1242 2166 1363 2207 acies.
1418 2165 1475 2206 ibi
1510 2165 1610 2205 nihil
1645 2179 1721 2205 nec

364 2232 527 2272 divinae
556 2245 632 2271 nee
661 2230 866 2270 humanae
897 2229 986 2283 opis
1018 2229 1191 2268 dictator
1219 2227 1545 2282 praetermittens
1577 2226 1718 2266 aedem

366 2293 529 2335 Castori
555 2292 720 2333 vovisse
745 2291 875 2332 fertur
899 2306 946 2332 ac
971 2290 1259 2345 pronuntiasse
1283 2289 1401 2329 militi
1427 2288 1625 2343 praemia,
1651 2287 1722 2341 qui

364 2355 540 2410 primu&
567 2354 637 2408 qui
663 2354 868 2395 secundus
895 2361 1028 2394 castra
1053 2352 1234 2393 hostium
1258 2351 1468 2399 intrasset,
1500 2357 1721 2402 tantusque

365 2417 486 2458 ardor
504 2417 594 2465 fuit,
621 2428 666 2456 ut
685 2416 830 2457 eodem
850 2416 1018 2469 impetu,
1045 2429 1126 2468 quo
1145 2414 1335 2454 fuderant
1355 2413 1515 2453 hostem
1530 2410 1719 2457 Romani,

366 2486 499 2519 castra
524 2485 727 2532 caperent.
777 2477 854 2518 hoe
879 2477 1002 2517 modo
1027 2477 1080 2517 ad
1103 2475 1238 2516 lacum
1258 2474 1468 2529 Regillum
1491 2480 1720 2528 pugnatum

367 2547 439 2580 est.
489 2539 661 2580 dictator
691 2547 729 2580 et
760 2539 956 2593 magister
981 2537 1164 2591 equitum
1189 2536 1486 2591 triumphantes
1511 2535 1554 2574 in
1577 2532 1718 2574 urbem

367 2601 535 2641 rediere.

451 2662 581 2703 XXI.
622 2663 816 2704 Triennio
842 2662 989 2703 deinde
1014 2676 1089 2703 nce
1115 2668 1223 2702 certa
1250 2674 1328 2714 pax
1354 2673 1427 2700 nee
1453 2657 1603 2698 bellum
1631 2655 1717 2696 fuit.
