1890 3303
237 274 423 303 xxxilll

278 350 414 384 Eorum
429 350 490 394 qui
505 349 613 383 nobis
623 349 941 393 supersuntlibro-
955 354 957 359 ’

233 406 312 428 rum
332 406 442 428 manu
464 394 686 437 scriptorum
705 394 829 426 nullus
850 392 941 426 Gre-

233 439 327 483 gorii
341 443 501 472 aetatem
516 438 645 479 anteit,
662 437 692 470 si
706 437 803 471 forte
818 437 943 471 lacera

233 484 297 516 illa
310 483 394 515 libri
409 481 505 515 XCI.
520 481 558 515 in
573 482 653 515 cod.
667 482 836 515 Palatino
852 481 942 515 bibl.

231 527 351 561 Vatie.
388 537 499 559 rescr.
539 526 678 560 XXIV.
719 525 941 570 fragmenta,

232 581 453 615 quamquam
469 581 513 604 ne
528 570 659 604 horum
674 571 823 615 quidem
837 575 941 605 aetas

232 615 321 649 satis
349 615 516 649 stabilita
546 619 682 658 est,‘-'59
713 620 751 650 et
776 616 857 649 cod.
883 626 941 650 ca—

230 661 294 703 pit.
327 660 556 694 Veronensis
591 660 800 694 XXXVIII
829 661 940 694 libro-

229 716 308 738 rum
345 704 514 739 III—VI
550 705 727 749 reliquias
759 705 941 749 excipias,

229 750 358 782 haruin
372 749 612 794 reliquiarum
631 750 764 784 notitia
783 750 942 784 debetur

228 794 288 827 Fr.
302 794 449 828 Blumio
461 798 522 837 ,260
542 795 604 839 qni
618 795 803 839 specimen
817 795 940 829 variae

228 839 400 873 lectionis
419 839 505 874 inde
527 840 711 883 excerpsit
730 841 777 874 ad
796 840 859 874 lib.
876 840 940 873 111.

229 888 342 927 caput
360 884 403 917 29
424 896 478 929 sq.
498 885 707 928 pertinens,
735 885 940 929 scripturae

228 933 389 963 aetatem
426 929 528 963 haud
563 930 773 964 accuratius
812 929 939 964 defini—

228 974 290 1006 vit.
299 976 346 1000 ‘261
386 974 556 1008 codicum
583 985 669 1009 vero
701 975 941 1019 superstitum

230 1018 414 1063 Gregorio
442 1019 518 1053 fere
544 1019 714 1064 aequalis
739 1031 820 1054 esse
841 1019 939 1054 vide-

228 1068 287 1096 tur
302 1064 382 1097 cod.
399 1064 485 1097 olim
498 1064 821 1107 Larishamiensis,
843 1076 940 1099 nunc

227 1108 535 1143 Vindoboncnsis
576 1109 755 1143 librorum
798 1109 941 1143 XLI—

228 1152 347 1195 XLV,
375 1153 438 1198 qui
459 1158 562 1188 sexto
584 1166 621 1198 p.
639 1153 676 1188 C.
691 1167 726 1189 n.
747 1155 897 1188 saeculo
919 1166 940 1188 a

228 1197 415 1232 iudicibus
430 1198 559 1233 harum
573 1210 694 1233 rerum
708 1199 940 1243 peritissimis

228 1242 460 1287 adsignatur,
481 1244 612 1277 eodem
626 1245 738 1288 paulo
754 1244 940 1288 posterior

226 1287 318 1321 bibl.
333 1288 416 1332 imp.
430 1289 618 1323 Parisinae
634 1289 939 1323 cod.Puteaneus

228 1332 380 1366 decadis
401 1333 544 1367 tertiae.
593 1344 674 1367 cum
695 1344 782 1368 vero
803 1334 939 1378 singuli

229 1377 378 1411 codices
395 1377 561 1422 singulas
576 1377 654 1413 fere
670 1378 832 1413 decadas
844 1390 939 1413 com—

227 1422 442 1465 plectantur
456 1449 465 1465 ,
519 1423 558 1456 in
594 1423 770 1457 ulteriore
802 1427 938 1466 textus,

229 1477 338 1511 quem
353 1471 500 1511 vocant,
513 1468 668 1502 historia
681 1479 748 1512 per
761 1468 939 1502 librorum

228 1523 313 1545 mss.
329 1512 460 1546 seriem
482 1513 793 1547 eontim1anda2⁶2
813 1513 938 1557 singu-

227 1557 286 1590 lae
301 1558 462 1591 decades
479 1558 695 1602 singillatim
708 1562 937 1602 pertractan-

228 1601 297 1635 dae
313 1606 408 1635 sunt.

269 1646 415 1681 Primae
430 1658 519 1692 ergo
535 1647 686 1682 decadis
694 1650 743 1674 26³
758 1647 936 1692 reliquiae

227 1691 506 1735 antiquissimae
527 1696 613 1726 sunt
631 1692 724 1726 folia
743 1693 936 1727 Veronen-

227 1736 290 1770 sia.
322 1735 352 1769 si
373 1747 417 1770 ex
431 1737 565 1781 exiguo
580 1738 645 1771 illo
661 1737 834 1771 lectionis
856 1749 936 1782 spe-

226 1780 357 1815 cimine
383 1792 405 1815 a
428 1781 575 1815 Blumio
607 1781 801 1826 proposito
828 1793 936 1826 argu-

225 1830 387 1860 mentum
401 1836 535 1870 capere
550 1826 654 1870 lieet,
680 1827 711 1860 is
725 1827 837 1870 liber,
864 1838 936 1871 quo

225 1870 318 1905 folia
331 1871 425 1905 hacc
438 1870 694 1916 pertinebant,
716 1872 764 1906 ab
780 1871 937 1916 optimo-

225 1927 303 1949 rum
324 1916 492 1950 codicum
517 1920 729 1950 nostrorum
755 1917 938 1961 scriptura

226 1960 316 1994 satis
332 1961 444 2005 longe
458 1961 631 1996 recessit:
647 1973 729 1995 cum
742 1965 866 1996 tamen
880 1972 935 1996 sa-

225 2041 386 2065 referendus
401 2044 444 2065 est
456 2042 585 2067 novicius
598 2043 710 2073 quidam
724 2043 839 2067 nuntius
847 2042 881 2066 de
890 2041 937 2066 Ci-

225 2076 334 2099 coronis
353 2076 431 2099 libris
451 2083 467 2100 a
481 2076 616 2107 Gregorio
637 2077 806 2106 combustis,
828 2076 862 2100 de
883 2084 936 2107 quo

223 2108 436 2133 ‘I'iraboschium
450 2110 469 2133 l.
484 2110 503 2134 1.
516 2110 646 2134 laudasse
659 2111 791 2134 sufficiat.

257 2143 306 2166 259
330 2149 358 2166 v.
377 2142 525 2168 Niebuhrii
543 2143 578 2168 ad
598 2143 658 2168 Cic.
685 2151 738 2169 orr.
760 2145 860 2174 fragm.
881 2146 934 2168 ete.

225 2176 312 2206 praes.
327 2183 354 2206 p.
369 2177 401 2200 18
416 2183 477 2207 sqq.

258 2210 308 2234 200
331 2216 402 2234 mus.
427 2210 517 2234 Rhen-
542 2210 726 2235 Niebuhrian.
753 2211 789 2235 11.
816 2212 882 2235 1828
906 2219 934 2242 p.

224 2243 368 2268 336—343.

258 2278 305 2301 261
326 2277 394 2301 solia
412 2277 548 2301 nonnulla
560 2277 636 2302 Livii
654 2279 791 2309 rescripta
810 2278 933 2302 Bobien-

225 2311 265 2334 sia
284 2317 299 2334 a
318 2311 352 2334 de
365 2311 480 2335 Vesmio
494 2311 606 2336 detecta
623 2318 685 2336 esse
699 2312 855 2336 Haenelius
872 2319 936 2336 uar-

225 2345 297 2369 ravit
314 2345 343 2368 in
357 2343 429 2369 Krit.
445 2343 560 2370 Jahn-bb.
581 2344 603 2377 s.
619 2344 750 2371 deutsche
767 2344 936 2371 ltecntswis-

225 2377 370 2409 musellas!
386 2379 450 2403 1844
464 2379 500 2402 11.
516 2386 544 2410 p.
558 2380 634 2404 1053.

259 2413 307 2436 262
328 2413 363 2436 cs.
379 2412 602 2437 Drakenborchii
616 2413 742 2444 syllabus
762 2413 854 2441 codd.‚
875 2414 950 2444 qui-i

225 2446 276 2470 bns
296 2447 324 2470 in
342 2446 426 2470 Livio
445 2447 618 2471 recensendo
640 2454 706 2471 usus
726 2454 802 2476 sum,
828 2448 888 2477 XV,
910 2449 934 2476 1,

225 2481 273 2504 613
287 2487 345 2510 sqq.
367 2480 411 2503 cd.
426 2480 546 2511 stuttg:
567 2481 778 2505 Alschefskium
801 2480 869 2506 iiber
887 2480 936 2506 ‹111›

225 2513 292 2538 trit.
316 2513 498 2544 liehancilunq
519 2514 568 2538 ‹la-r
590 2513 865 2540 Geschichtsbficlzer
888 2515 936 2540 des

229 2545 256 2571 T.
284 2546 380 2573 Livius
404 2547 499 2572 Berol.
526 2548 601 2572 1839.
628 2549 643 2572 4
674 2548 785 2573 collatis
810 2549 935 2573 eiusdem

226 2580 444 2611 praefationibus
458 2584 485 2605 ct
498 2581 532 2605 ad
543 2582 590 2606 lib.
604 2582 683 2606 XXX
695 2582 847 2607 editionem
863 2583 936 2607 etad

225 2614 334 2670 {iugula
347 2615 391 2639 ed.
406 2615 539 2639 librorum
552 2616 736 2640 Livianorum
758 2617 872 2641 maioris
886 2624 936 2640 vo-

238 2654 341 2672 umma.

259 2682 308 2704 ‘2133
339 2682 374 2705 cs.
399 2682 661 2707 Weissenbornium
691 2684 719 2708 in
744 2684 835 2708 Iahnii
867 2690 932 2708 ann.

226 2714 336 2743 XXXV,
351 2715 399 2739 356
413 2722 473 2746 sqq.
493 2716 662 2744 XXXVIIII.
677 2718 725 2742 243
739 2725 781 2748 sq.
801 2718 933 2742 Heerwa-

225 2749 338 2777 gcnium
353 2752 432 2772 nunt.
448 2750 474 2773 d.
489 2750 598 2774 Monac.
618 2751 692 2775 xm.
708 2758 735 2775 n.
750 2752 783 2776 80
795 2758 838 2782 sq.
859 2751 933 2776 XIX.

227 2789 253 2806 n.
270 2782 317 2806 13¹2
332 2789 372 2812 sq.

742 279 790 303 m:
818 278 905 303 VITA
930 277 980 302 AC
1007 277 1169 303 SCRIPTIS

967 349 1014 382 tis
1045 350 1290 393 neglegenter
1316 349 1492 394 scriptum
1525 363 1606 387 csse
1632 363 1676 387 ex

967 393 1091 426 multis
1117 394 1323 437 scripturae
1353 395 1452 428 vitiis
1484 402 1676 440 appareat,

968 448 1011 470 ex
1030 438 1153 481 parcis
1172 437 1340 482 reliquae
1361 439 1486 473 variae
1506 441 1677 475 lectionis

967 493 1034 525 per
1065 486 1140 515 tam
1171 483 1342 526 exiguam
1373 483 1594 526 particulam
1619 496 1678 520 ex·

968 530 1118 570 ccrptae
1156 526 1324 570 vestigiis
1362 532 1503 561 eertum
1539 529 1584 563 de
1622 540 1677 573 ea,

969 582 1063 616 quae
1078 571 1175 606 inter
1187 572 1285 605 hunc
1300 576 1337 605 et
1349 572 1514 616 reliquos
1531 573 1678 609 codices

968 628 1052 649 mss.
1073 616 1218 651 obtinet
1237 616 1382 651 ratione
1402 617 1578 651 iudicium
1595 629 1678 662 pro-

968 661 1063 695 ferre
1089 662 1190 695 haud
1221 662 1355 704 ausim,
1394 662 1561 706 quamvis
1591 663 1679 697 mihi

968 706 1115 750 quidem
1135 707 1431 741 emendationem
1446 707 1677 742 Victoriane-

967 762 1024 784 am
1046 762 1175 795 sapere
1196 763 1270 785 non
1291 751 1446 791 videtur.
1483 753 1599 786 multo
1614 752 1680 786 mi-

966 807 1036 829 nus
1057 800 1206 830 constat
1231 797 1275 830 dc
1303 797 1384 830 cod.
1406 796 1544 840 primae
1569 797 1678 830 huius

967 841 1118 875 decadis
1143 840 1388 885 Askewiano,
1422 853 1530 886 quem
1562 842 1678 877 literis

967 886 1176 920 uncialibus
1192 886 1368 930 seriptum
1382 897 1403 920 a
1418 898 1456 920 se
1472 887 1588 920 visum
1597 897 1679 921 csse

966 931 1003 964 in
1018 931 1179 975 epistula
1193 930 1461 964 Amstelodami
1477 932 1510 965 d.
1521 932 1677 966 vlam.

966 976 1034 1009 Iul.
1061 987 1093 1010 a.
1114 975 1473 1010 MDCCXXXXIX.
1499 977 1547 1010 ad
1572 976 1679 1011 Ioan—

965 1031 1048 1054 nem
1069 1021 1247 1055 Iacobum
1266 1020 1457 1055 Reiskium
1484 1021 1571 1055 data
1596 1033 1678 1055 nar-

966 1070 1024 1099 rat
1041 1066 1095 1099 Io.
1112 1066 1238 1109 Steph.
1252 1064 1485 1108 Bernardus,
1512 1066 1678 1099 medicus

968 1110 1156 1144 literarum
1176 1110 1444 1155 elegantiorum
1469 1110 1679 1154 peritus.204

967 1155 1064 1189 hunc
1084 1155 1217 1189 librum
1238 1157 1276 1188 in
1299 1155 1565 1189 bibliothecam
1579 1155 1677 1200 Tay-

966 1200 1146 1234 lorianam
1178 1211 1222 1234 ex
1248 1199 1469 1234 Askewiana
1498 1200 1678 1244 migrasse

966 1244 1207 1279 Alsehefskio
1236 1248 1463 1288 compertum
1490 1244 1607 1279 fuisse
1627 1245 1676 1278 vi-

967 1290 1084 1333 detur,
1093 1293 1142 1316 265
1157 1289 1328 1334 equidem
1344 1289 1595 1323 bibliothecae
1610 1289 1677 1323 As-

966 1334 1155 1370 kewianae
1193 1334 1526 1378 manuscriptac2GG
1563 1335 1676 1379 inspi-

966 1379 1119 1414 ciendae
1156 1379 1372 1414 facultatem
1405 1379 1571 1413 nancisci
1601 1391 1677 1413 non

966 1424 1068 1469 potui
1088 1435 1157 1459 nec
1182 1424 1333 1458 meliore
1361 1435 1538 1457 successu
1560 1424 1677 1468 ipsius

966 1469 1105 1503 codicis
1123 1480 1190 1514 per
1204 1468 1380 1513 Angliam
1402 1469 1558 1513 vestigia
1578 1480 1600 1503 a
1619 1480 1676 1503 me

965 1518 1118 1559 rogatus
1133 1514 1218 1547 dum
1233 1513 1356 1547 inillis
1371 1514 1587 1558 regionibus
1601 1525 1675 1547 mo-

964 1564 1108 1593 raretur
1143 1558 1346 1604 anquisivit
1380 1559 1435 1592 vir
1473 1558 1675 1593 eruditissi-

965 1615 1044 1637 mus
1058 1604 1213 1638 Carolus
1222 1603 1398 1637 Pertzius.
1425 1604 1540 1637 multo
1555 1603 1675 1648 magis

965 1659 1033 1682 nec
1047 1652 1170 1683 tamen
1190 1648 1279 1682 satis
1301 1652 1412 1681 notus
1434 1652 1490 1682 est
1509 1649 1604 1683 alter
1617 1659 1676 1682 eo-

965 1694 1052 1737 dex,
1072 1704 1170 1727 nunc
1184 1693 1263 1737 ipsc
1278 1694 1337 1727 vel
1351 1693 1471 1727 latens
1491 1693 1550 1727 vel
1570 1693 1676 1727 amis-

965 1750 1039 1781 sus,
1062 1749 1171 1783 quem
1184 1738 1399 1772 Reinhardo
1415 1749 1437 1772 a
1451 1738 1596 1782 Ritpur,
1619 1749 1676 1772 ec-

965 1783 1100 1817 clesiae
1126 1783 1403 1818 Vol-maciensis
1430 1783 1592 1826 decano,
1632 1794 1675 1817 ex

966 1828 1196 1862 bibliotheca
1215 1828 1291 1861 illic
1310 1828 1463 1871 publica
1483 1831 1676 1872 acceptum

964 1873 1078 1907 refert
1097 1872 1235 1907 Beatus
1255 1872 1535 1915 R11011a11us,26⁷
1561 1873 1609 1906 ad
1635 1872 1674 1905 li—

964 1919 1051 1952 bros
1083 1918 1192 1951 huius
1223 1917 1375 1951 decadis
1406 1917 1586 1961 primores
1611 1927 1676 1951 sex

963 1963 1190 1997 —desinunt
1203 1961 1299 1996 enim
1321 1961 1400 1996 eius
1414 1961 1676 1996 adnotationes

963 2008 1000 2041 in
1014 2007 1077 2042 lib.
1091 2008 1156 2043 VI.
1172 2018 1201 2041 e.
1214 2007 1258 2040 28
1279 2008 1309 2049 ξ.
1326 2007 1344 2040 7
1358 2027 1403 2032 —
1422 2007 1676 2041 emendandos

962 2053 1153 2097 praeclare
1168 2053 1241 2086 hoe
1261 2052 1357 2086 libro
1377 2055 1538 2085 usus.‘2⁶8
1562 2051 1674 2096 perti-

962 2098 1042 2132 nuit
1061 2102 1185 2132 autem
1204 2097 1252 2139 is,
1275 2097 1375 2141 quod
1401 2102 1501 2131 recte
1521 2107 1564 2130 ex
1578 2096 1675 2129 Rhe-

962 2143 1048 2176 nani
1063 2141 1366 2176 adnotationibus
1382 2141 1428 2175 ad
1444 2140 1674 2184 Liv.1,44‚4;

961 2187 1009 2231 11,
1025 2188 1080 2230 30,
1094 2187 1135 2230 43
1159 2187 1215 2230 36,
1230 2185 1251 2219 3
1270 2186 1422 2231 collegit
1435 2186 1673 2220 Drakenbor-

995 2312 1044 2336 ¹264
1065 2309 1120 2337 ΙοΙι.
1137 2309 1193 2336 Iac.
1209 2311 1346 2338 Reislwns
1361 2318 1385 2336 r.
1400 2310 1457 2336 ihm
1472 2310 1558 2337 selbst
1574 2309 1673 2343 ansfle—

961 2349 1046 2371 sclzle
1060 2345 1373 2377 Lebensbesehrrihn1137
1386 2353 1413 2376 p.
1429 2346 1477 2370 348
1491 2353 1532 2376 sq.

995 2380 1043 2403 265
1063 2380 1151 2410 praes.
1167 2380 1210 2403 ed.
1226 2381 1302 2404 Livii
1317 2380 1353 2403 11.
1368 2387 1395 2410 p.
1410 2379 1472 2403 xil.

995 2414 1043 2437 266
1069 2413 1136 2437 bibl.
1156 2414 1327 2437 Askewinna
1353 2420 1404 2437 ms.
1429 2415 1504 2437 auct.
1529 2412 1615 2437 vend.
1635 2419 1672 2437 m.

960 2447 1040 2472 Mart.
1056 2448 1131 2471 1785.
1146 2448 1238 2471 Lond.
1254 2448 1329 2471 1735.

995 2482 1041 2505 2137
1063 2481 1097 2504 cs.
1113 2481 1172 2505 eius
1186 2482 1220 2505 ad
1234 2481 1298 2505 Liv.
1313 2481 1335 2509 1,
1351 2481 1392 2507 20,
1407 2481 1438 2508 (ἐς
1458 2480 1506 2510 Vl,
1522 2481 1546 2509 1,
1562 2482 1576 2505 2
1598 2482 1626 2504 et
1639 2479 1673 2504 ad

961 2515 1026 2538 Tac.
1048 2521 1114 2539 ann.
1142 2515 1190 2543 VI,
1210 2516 1241 2539 37
1270 2515 1468 2539 adnotationes
1493 2517 1521 2538 et
1546 2514 1673 2538 Draken-

961 2548 1067 2572 borchii
1081 2549 1169 2579 praef.
1183 2549 1242 2577 XV.
1258 2550 1282 2577 1,
1297 2557 1324 2579 p.
1340 2548 1390 2573 LV
1405 2555 1476 2578 δρψ,
1493 2548 1540 2572 ubi
1554 2555 1581 2578 p.
1595 2547 1672 2571 LVII

961 2582 1076 2606 alterius
1089 2583 1150 2606 cod.
1163 2589 1179 2606 a
1192 2583 1326 2606 Rbenano
1341 2583 1369 2606 in
1389 2589 1469 2606 nsum
1487 2582 1579 2605 vocati
1593 2587 1673 2605 men-

961 2617 1000 2640 tio
1014 2617 1142 2643 inicitur,
1167 2624 1195 2647 p.
1210 2616 1273 2640 LXI
1287 2623 1328 2647 sq.
1353 2616 1470 2640 ‹iuorurn
1491 2615 1572 2639 codd.
1586 2621 1602 2638 a
1616 2614 1670 2638 Ge-

961 2650 1036 2674 lenio
1051 2650 1251 2674 adhibitorum.

994 2684 1042 2708 268
1062 2683 1163 2708 librum
1183 2685 1211 2708 in
1225 2684 1281 2708 fine
1301 2683 1431 2707 mutilum
1449 2682 1547 2712 primis
1560 2687 1670 2711 qnoque

960 2717 1068 2741 duobus
1086 2717 1263 2741 ternionibus
1283 2718 1405 2741 caruisse
1425 2715 1549 2746 queritur
1561 2715 1670 2738 Rhena-

960 2758 1012 2775 nus
1030 2751 1065 2775 ad
1083 2751 1146 2774 Liv.
1162 2751 1183 2777 l.
1198 2752 1240 2780 2²0,
1254 2752 1280 2780 2,
1301 2750 1374 2775 unde
1393 2749 1590 2773 adnotationes
1610 2748 1670 2772 eius

961 2785 1111 2814 incipiunt.
