1835 3226
282 593 318 621 123

281 842 319 869 14

304 2636 322 2664 3

347 225 401 266 30
658 232 811 266 LlssER
837 232 871 274 1,
898 233 953 265 126.
975 232 1027 265 az.
1056 234 1153 274 [a.u.
1171 232 1385 277 use-114]

432 336 524 376 Non
544 334 632 375 tulit
658 333 835 388 populus
856 347 930 373 nec
950 334 1078 388 patris
1104 333 1293 374 lacrimas
1315 349 1389 375 nec
1407 335 1537 388 ipsius
1563 351 1701 390 parem

345 399 386 437 in
405 397 515 436 omni
540 395 721 450 periculo
742 395 937 444 animum,
959 395 1307 449 absolveruntque
1333 396 1599 438 admiratione
1619 414 1704 440 ma-

346 459 410 512 gis
430 457 591 498 virtutis
617 471 741 510 quam
767 457 854 497 iure
874 471 1036 497 causae.
1075 457 1226 510 itaque,
1247 465 1291 497 ut
1313 458 1460 499 caedes
1486 459 1704 501 manifesta

346 519 484 572 aliquo
510 526 648 559 tamen
673 518 836 573 piaculo
861 518 1053 567 lueretur,
1080 519 1326 573 imperatum
1350 520 1475 574 patri,
1506 528 1551 561 ut
1575 520 1703 561 filiuni

345 581 528 635 expiaret
545 580 720 635 pecunia
740 579 917 634 publica.
955 581 989 620 is
1009 580 1257 633 quibusdam
1277 581 1554 635 piacularibus
1582 583 1705 624 saeri-

344 642 447 683 ficiis
473 642 606 691 factis,
628 656 733 695 quae
753 642 901 682 deinde
920 643 1034 697 genti
1048 642 1248 683 Horatiae
1274 643 1421 685 tradita
1447 651 1553 693 sunt,
1574 651 1705 685 trans—

345 704 473 745 misso
498 719 571 758 per
596 704 705 744 viam
736 703 885 759 tigillo,
919 705 1052 758 capite
1083 705 1279 758 adoperto
1310 705 1421 745 velut
1454 705 1530 746 sub
1562 706 1705 761 iugum

346 766 458 807 misit
481 766 685 807 iuvenem.
722 766 766 806 id
791 765 913 806 hodie
938 781 1103 820 quoque
1128 766 1293 821 publice
1319 782 1482 822 semper
1505 767 1703 808 refectum

346 836 501 869 manet:
529 828 732 869 sororium
751 828 927 882 tigillum
946 836 1107 869 vocant.
1140 828 1340 870 Horatiae
1361 829 1608 883 sepulcrum,
1624 844 1705 882 quo

345 890 435 931 loco
461 901 667 930 corruerat
692 890 785 938 icta,
813 897 1094 931 constructum
1119 898 1182 931 est
1208 905 1309 932 saxo
1335 891 1548 944 quadrato.

430 951 628 992 XXVII.
678 951 765 992 Nee
790 951 861 992 diu
886 966 969 1006 pax
993 951 1159 992 Albana
1184 952 1347 993 mansit.
1396 952 1551 993 invidia
1579 953 1703 1008 vulgi,

347 1014 458 1068 quod
482 1013 612 1054 tribus
639 1013 837 1054 militibus
863 1013 1029 1055 fortuna
1052 1013 1219 1068 publiea
1253 1014 1460 1055 conmissa
1479 1014 1614 1064 fuerit,
1639 1030 1706 1055 va-

348 1091 446 1116 rrum
472 1076 683 1131 ingenium
708 1075 919 1117 dictatoris
953 1076 1133 1130 corrupit
1163 1083 1221 1126 et,
1254 1077 1450 1130 quoniam
1473 1083 1585 1118 reeta
1610 1091 1706 1118 con-

349 1138 438 1178 silia
464 1138 563 1178 haut
599 1137 703 1178 bene
729 1147 962 1187 evenerant,
991 1138 1130 1192 pravis
1156 1138 1419 1179 reconciliare
1444 1139 1705 1193 popularium

347 1200 505 1240 animos
531 1199 676 1253 coepit.
715 1199 840 1254 igitur
865 1207 907 1240 ut
934 1200 1047 1254 prius
1074 1200 1116 1240 in
1140 1199 1248 1240 bello
1273 1215 1432 1255 pacem,
1454 1201 1512 1241 sic
1537 1201 1580 1240 in
1604 1215 1705 1255 pace

346 1261 499 1302 bellum
524 1275 745 1314 quaerens,
772 1261 868 1314 quia
894 1276 992 1302 suae
1019 1261 1174 1302 civitati
1199 1262 1431 1302 animorum
1454 1261 1548 1316 plus
1575 1276 1699 1315 quam

348 1323 496 1364 virium
527 1322 721 1364 cernebat
751 1338 860 1372 esse,
899 1324 950 1364 ad
982 1323 1135 1364 bellum
1167 1323 1303 1377 palam
1334 1331 1457 1376 atque
1489 1338 1540 1364 ex
1571 1324 1704 1364 edicto

346 1385 579 1440 gerundum
604 1384 706 1426 alios
733 1385 909 1426 concitat
933 1385 1128 1440 populos,
1158 1385 1242 1426 suis
1268 1399 1341 1439 per
1367 1385 1546 1439 speciem
1576 1386 1706 1426 socie—

349 1447 444 1488 tatis
475 1447 749 1501 proditionem
779 1454 973 1488 reservat.
1033 1447 1274 1495 Fidenates,
1313 1447 1473 1488 colonia
1501 1446 1704 1496 Romana,

346 1508 592 1550 Veientibus
619 1509 741 1550 sociis
762 1509 922 1550 consilii
947 1509 1189 1563 adsumptis,
1211 1516 1331 1563 pacto
1357 1509 1607 1550 transitionis
1628 1508 1704 1549 Al-

346 1570 548 1612 banorum
573 1570 626 1611 ad
650 1570 804 1611 bellum
830 1578 952 1624 atque
978 1586 1093 1612 arma
1116 1571 1348 1612 incitantur.

433 1631 542 1674 Cum
566 1632 749 1673 Fidenae
780 1640 918 1687 aperte
944 1633 1193 1681 descissent,
1221 1632 1388 1679 Tullus,
1415 1632 1564 1673 Mettio
1590 1648 1705 1673 excr-

347 1695 512 1747 cituque
533 1694 620 1735 eius
641 1694 692 1735 ab
706 1693 818 1735 Alba
843 1695 986 1744 accito,
1008 1702 1150 1736 eontra
1169 1695 1309 1735 hostes
1331 1695 1454 1735 ducit.
1491 1693 1706 1735 ubiAnie-

346 1772 441 1797 nem
466 1757 637 1805 transiit,
665 1757 718 1797 ad
742 1757 984 1798 confluentis
1011 1756 1184 1798 collocat
1209 1764 1356 1797 castra.
1400 1757 1505 1797 inter
1530 1771 1624 1797 eum
1648 1757 1707 1797 lo-

348 1834 441 1860 cum
461 1827 502 1860 et
518 1819 700 1860 Fidenas
714 1818 953 1860 Veientium
974 1820 1177 1860 exercitus
1193 1819 1378 1860 Tiberim
1398 1819 1626 1859 transierat.
1665 1819 1706 1859 hi

348 1890 387 1921 et
410 1881 454 1921 in
472 1881 559 1922 acie
584 1896 712 1936 prope
736 1881 890 1922 flumen
915 1889 1082 1922 tenuere
1108 1882 1299 1922 dextrum
1320 1896 1460 1930 cornu,
1479 1881 1523 1921 in
1543 1881 1707 1922 sinistro

346 1943 570 1985 Fidenates
612 1943 782 1998 propius
820 1950 980 1984 montes
1018 1944 1260 1985 consistunt.
1323 1942 1470 1983 Tullus
1508 1942 1706 1983 adversus

348 2004 566 2046 Veientem
598 2005 760 2046 hostem
779 2005 928 2061 derigit
960 2021 1075 2054 suos,
1109 2004 1298 2046 Albanos
1331 2012 1472 2045 contra
1502 2004 1707 2059 legionem

347 2066 611 2107 Fidenatium
630 2066 828 2107 conlocat.
889 2066 1056 2108 Albano
1081 2082 1163 2108 non
1193 2067 1286 2121 plus
1314 2066 1440 2107 animi
1470 2074 1556 2107 erat
1583 2080 1707 2119 quam

349 2127 458 2168 fidei.
509 2142 584 2168 nee
614 2143 779 2168 manere
811 2143 910 2183 ergo
935 2143 1010 2169 nec
1035 2129 1207 2169 transire
1233 2136 1371 2182 aperte
1397 2143 1523 2168 ausus
1551 2128 1708 2168 sensim

348 2189 400 2229 ad
425 2196 593 2230 montes,
612 2190 806 2230 succedit.
849 2190 957 2239 inde,
978 2189 1050 2230 ubi
1076 2190 1174 2231 satis
1201 2190 1364 2231 subisse
1390 2204 1480 2230 sese
1499 2196 1611 2230 ratus
1633 2198 1706 2238 est,

349 2250 468 2305 erigit
493 2258 619 2291 totam
645 2253 788 2300 aciem,
809 2251 1096 2305 fluctuansque
1121 2252 1270 2301 animo,
1292 2259 1337 2292 ut
1356 2259 1503 2292 tereret
1528 2259 1704 2305 tempus,

349 2312 512 2353 ordines
539 2312 727 2367 explicat.
777 2314 994 2354 consilium
1021 2320 1125 2361 crat,
1157 2328 1239 2367 qua
1270 2313 1435 2354 fortuna
1466 2327 1552 2353 rem
1579 2313 1706 2361 daret,

349 2389 397 2415 ea
421 2374 616 2415 inclinare
642 2375 762 2416 vires.
800 2375 996 2416 miraculo
1021 2376 1154 2430 primo
1180 2391 1271 2417 esse
1286 2375 1498 2424 Romanis,
1519 2375 1591 2428 qui
1613 2389 1708 2429 pro-

347 2437 462 2477 xumi
488 2444 693 2486 steterant,
714 2444 758 2478 ut
777 2438 923 2479 nudari
936 2438 1063 2479 latera
1084 2453 1159 2479 sua
1179 2438 1385 2479 sociorum
1404 2438 1596 2492 digressu
1615 2451 1707 2477 sen-

349 2506 507 2549 serunt3
532 2499 627 2540 inde
653 2515 779 2554 eques
806 2501 929 2542 citato
951 2515 1057 2554 equo
1077 2501 1237 2542 nuntiat
1255 2501 1356 2556 regi,
1377 2500 1490 2541 abire
1504 2499 1703 2540 Albanos.

348 2561 496 2603 Tullus
521 2562 564 2602 in
587 2577 630 2603 re
656 2564 815 2618 trepida
834 2564 1053 2605 duodecim
1073 2564 1186 2604 vovit
1202 2562 1339 2605 Salios
1359 2564 1538 2616 fanaque
1551 2561 1705 2602 Pallori

349 2637 396 2663 ac
415 2623 578 2665 Pavori.
623 2625 802 2678 equitem
827 2626 937 2667 clara
960 2625 1178 2680 increpans
1204 2640 1318 2674 voce,
1346 2632 1390 2665 ut
1415 2624 1554 2665 hostes
1581 2637 1707 2663 exau-

349 2684 500 2735 dirent,
532 2687 662 2728 redire
694 2687 735 2727 in
766 2688 967 2742 proelium
997 2688 1130 2738 iubet3
1167 2687 1267 2728 nihil
1301 2685 1569 2741 trepidatione
1602 2699 1705 2738 opus
