<?xml version="1.0" encoding="UTF-8"?>
<!DOCTYPE html PUBLIC "-//W3C//DTD XHTML 1.0 Transitional//EN"
    "http://www.w3.org/TR/xhtml1/DTD/xhtml1-transitional.dtd">
<html xmlns="http://www.w3.org/1999/xhtml" xml:lang="en" lang="en">
 <head>
  <title>
</title>
<meta http-equiv="Content-Type" content="text/html;charset=utf-8" />
  <meta name='ocr-system' content='tesseract 3.04.00' />
  <meta name='ocr-capabilities' content='ocr_page ocr_carea ocr_par ocr_line ocrx_word'/>
</head>
<body>
  <div class='ocr_page' id='page_1' title='image "./aburbeconditalib01livyuoft_0638.png"; bbox 0 0 1835 3226; ppageno 0'>
   <div class='ocr_carea' id='block_1_1' title="bbox 377 215 1442 267">
    <p class='ocr_par' dir='ltr' id='par_1_1' title="bbox 377 215 1442 267">
     <span class='ocr_line' id='line_1_1' title="bbox 377 215 1442 267; baseline 0.002 -12"><span class='ocrx_word' id='word_1_1' title='bbox 377 215 459 255; x_wconf 70' lang='grc'>448</span> <span class='ocrx_word' id='word_1_2' title='bbox 670 220 823 256; x_wconf 88' lang='lat' dir='ltr'>LIBER</span> <span class='ocrx_word' id='word_1_3' title='bbox 848 220 978 265; x_wconf 89' lang='lat' dir='ltr'><strong>VIIII,</strong></span> <span class='ocrx_word' id='word_1_4' title='bbox 1006 221 1035 254; x_wconf 80' lang='lat'>7.</span> <span class='ocrx_word' id='word_1_5' title='bbox 1055 221 1086 255; x_wconf 78' lang='lat' dir='ltr'>S.</span> <span class='ocrx_word' id='word_1_6' title='bbox 1114 223 1163 264; x_wconf 89' lang='lat' dir='ltr'>[a.</span> <span class='ocrx_word' id='word_1_7' title='bbox 1177 232 1211 256; x_wconf 91' lang='lat' dir='ltr'>u.</span> <span class='ocrx_word' id='word_1_8' title='bbox 1227 232 1256 256; x_wconf 92' lang='lat' dir='ltr'>c.</span> <span class='ocrx_word' id='word_1_9' title='bbox 1270 222 1346 256; x_wconf 84' lang='lat'><strong>433.</strong></span> <span class='ocrx_word' id='word_1_10' title='bbox 1359 223 1442 267; x_wconf 76' lang='lat'>434]</span> 
     </span>
    </p>
   </div>
   <div class='ocr_carea' id='block_1_2' title="bbox 311 323 1735 2743">
    <p class='ocr_par' dir='ltr' id='par_1_2' title="bbox 333 323 1734 504">
     <span class='ocr_line' id='line_1_2' title="bbox 333 323 1733 379; baseline 0.001 -12"><span class='ocrx_word' id='word_1_11' title='bbox 333 340 351 368; x_wconf 77' lang='lat'>4</span> <span class='ocrx_word' id='word_1_12' title='bbox 379 339 482 366; x_wconf 87' lang='lat' dir='ltr'>csse.</span> <span class='ocrx_word' id='word_1_13' title='bbox 533 330 601 365; x_wconf 88' lang='lat' dir='ltr'>aut</span> <span class='ocrx_word' id='word_1_14' title='bbox 620 324 810 364; x_wconf 82' lang='lat' dir='ltr'>Romana</span> <span class='ocrx_word' id='word_1_15' title='bbox 835 338 878 364; x_wconf 90' lang='lat' dir='ltr'>se</span> <span class='ocrx_word' id='word_1_16' title='bbox 903 323 1093 379; x_wconf 87' lang='lat' dir='ltr'>ignorare</span> <span class='ocrx_word' id='word_1_17' title='bbox 1117 324 1284 379; x_wconf 88' lang='lat' dir='ltr'>ingenia</span> <span class='ocrx_word' id='word_1_18' title='bbox 1308 331 1377 366; x_wconf 87' lang='lat' dir='ltr'>aut</span> <span class='ocrx_word' id='word_1_19' title='bbox 1404 325 1609 367; x_wconf 87' lang='lat' dir='ltr'>silentium</span> <span class='ocrx_word' id='word_1_20' title='bbox 1632 328 1733 369; x_wconf 90' lang='lat' dir='ltr'>illud</span> 
     </span>
     <span class='ocr_line' id='line_1_3' title="bbox 379 385 1734 442; baseline 0.002 -14"><span class='ocrx_word' id='word_1_21' title='bbox 379 386 634 428; x_wconf 78' lang='lat' dir='ltr'>Samnitibus</span> <span class='ocrx_word' id='word_1_22' title='bbox 654 385 810 426; x_wconf 88' lang='lat' dir='ltr'>flebiles</span> <span class='ocrx_word' id='word_1_23' title='bbox 830 385 944 427; x_wconf 85' lang='lat' dir='ltr'>brevi</span> <span class='ocrx_word' id='word_1_24' title='bbox 964 386 1162 428; x_wconf 88' lang='lat' dir='ltr'>clamores</span> <span class='ocrx_word' id='word_1_25' title='bbox 1182 387 1443 442; x_wconf 77' lang='lat' dir='ltr'>gemitusque</span> <span class='ocrx_word' id='word_1_26' title='bbox 1463 389 1734 431; x_wconf 81' lang='lat' dir='ltr'>excitaturum</span> 
     </span>
     <span class='ocr_line' id='line_1_4' title="bbox 379 448 1733 504; baseline 0.003 -16"><span class='ocrx_word' id='word_1_27' title='bbox 379 448 675 501; x_wconf 82' lang='lat' dir='ltr'>Caudinaeque</span> <span class='ocrx_word' id='word_1_28' title='bbox 705 448 819 502; x_wconf 82' lang='lat' dir='ltr'>pacis</span> <span class='ocrx_word' id='word_1_29' title='bbox 852 448 1062 502; x_wconf 89' lang='lat' dir='ltr'>aliquanto</span> <span class='ocrx_word' id='word_1_30' title='bbox 1090 448 1347 491; x_wconf 84' lang='lat' dir='ltr'>Samnitibus</span> <span class='ocrx_word' id='word_1_31' title='bbox 1379 465 1503 504; x_wconf 90' lang='lat' dir='ltr'>quam</span> <span class='ocrx_word' id='word_1_32' title='bbox 1533 451 1733 493; x_wconf 85' lang='lat' dir='ltr'>Romanis</span> 
     </span>
    </p>

    <p class='ocr_par' dir='ltr' id='par_1_3' title="bbox 333 510 1735 688">
     <span class='ocr_line' id='line_1_5' title="bbox 333 510 1733 566; baseline 0.001 -14"><span class='ocrx_word' id='word_1_33' title='bbox 333 523 352 552; x_wconf 79' lang='lat'>5</span> <span class='ocrx_word' id='word_1_34' title='bbox 378 511 598 551; x_wconf 78' lang='lat' dir='ltr'>tristiorem</span> <span class='ocrx_word' id='word_1_35' title='bbox 627 511 870 551; x_wconf 84' lang='lat' dir='ltr'>memoriam</span> <span class='ocrx_word' id='word_1_36' title='bbox 899 510 1006 552; x_wconf 84' lang='lat' dir='ltr'>fore:</span> <span class='ocrx_word' id='word_1_37' title='bbox 1044 512 1196 566; x_wconf 87' lang='lat' dir='ltr'>quippe</span> <span class='ocrx_word' id='word_1_38' title='bbox 1228 526 1325 553; x_wconf 88' lang='lat' dir='ltr'>suos</span> <span class='ocrx_word' id='word_1_39' title='bbox 1357 527 1562 566; x_wconf 88' lang='lat' dir='ltr'>quemque</span> <span class='ocrx_word' id='word_1_40' title='bbox 1593 528 1733 555; x_wconf 90' lang='lat' dir='ltr'>eorum</span> 
     </span>
     <span class='ocr_line' id='line_1_6' title="bbox 376 571 1735 629; baseline 0.003 -17"><span class='ocrx_word' id='word_1_41' title='bbox 376 573 534 613; x_wconf 89' lang='lat' dir='ltr'>animos</span> <span class='ocrx_word' id='word_1_42' title='bbox 554 571 789 613; x_wconf 87' lang='lat' dir='ltr'>habiturum</span> <span class='ocrx_word' id='word_1_43' title='bbox 810 572 1058 626; x_wconf 89' lang='lat' dir='ltr'>ubicumque</span> <span class='ocrx_word' id='word_1_44' title='bbox 1079 573 1441 629; x_wconf 80' lang='lat' dir='ltr'>congressurisint</span> <span class='ocrx_word' id='word_1_45' title='bbox 1449 591 1459 624; x_wconf 85' lang='lat'><em>3</em></span> <span class='ocrx_word' id='word_1_46' title='bbox 1481 574 1608 616; x_wconf 87' lang='lat' dir='ltr'>saltus</span> <span class='ocrx_word' id='word_1_47' title='bbox 1625 574 1735 617; x_wconf 85' lang='lat' dir='ltr'>Cau-</span> 
     </span>
     <span class='ocr_line' id='line_1_7' title="bbox 376 633 1193 688; baseline 0.002 -13"><span class='ocrx_word' id='word_1_48' title='bbox 376 635 497 675; x_wconf 89' lang='lat' dir='ltr'>dinos</span> <span class='ocrx_word' id='word_1_49' title='bbox 521 649 604 676; x_wconf 89' lang='lat' dir='ltr'>non</span> <span class='ocrx_word' id='word_1_50' title='bbox 629 634 781 688; x_wconf 88' lang='lat' dir='ltr'>ubique</span> <span class='ocrx_word' id='word_1_51' title='bbox 809 633 1066 678; x_wconf 86' lang='lat' dir='ltr'>Samnitibus</span> <span class='ocrx_word' id='word_1_52' title='bbox 1093 636 1193 678; x_wconf 85' lang='lat' dir='ltr'>fore.</span> 
     </span>
    </p>

    <p class='ocr_par' dir='ltr' id='par_1_4' title="bbox 333 696 1734 816">
     <span class='ocr_line' id='line_1_8' title="bbox 333 696 1732 741; baseline 0.003 -4"><span class='ocrx_word' id='word_1_53' title='bbox 333 703 350 732; x_wconf 86' lang='grc'><strong>6</strong></span> <span class='ocrx_word' id='word_1_54' title='bbox 461 697 551 738; x_wconf 89' lang='lat' dir='ltr'>Iam</span> <span class='ocrx_word' id='word_1_55' title='bbox 576 696 736 738; x_wconf 86' lang='lat' dir='ltr'>Romae</span> <span class='ocrx_word' id='word_1_56' title='bbox 768 697 890 738; x_wconf 88' lang='lat' dir='ltr'>etiam</span> <span class='ocrx_word' id='word_1_57' title='bbox 924 712 999 738; x_wconf 85' lang='lat' dir='ltr'>sua</span> <span class='ocrx_word' id='word_1_58' title='bbox 1028 698 1196 740; x_wconf 87' lang='lat' dir='ltr'>infamis</span> <span class='ocrx_word' id='word_1_59' title='bbox 1223 698 1360 740; x_wconf 84' lang='lat' dir='ltr'>clades</span> <span class='ocrx_word' id='word_1_60' title='bbox 1393 705 1490 740; x_wconf 86' lang='lat' dir='ltr'>erat.</span> <span class='ocrx_word' id='word_1_61' title='bbox 1539 699 1732 741; x_wconf 88' lang='lat' dir='ltr'>obsessos</span> 
     </span>
     <span class='ocr_line' id='line_1_9' title="bbox 375 759 1734 816; baseline 0.003 -17"><span class='ocrx_word' id='word_1_62' title='bbox 375 759 553 814; x_wconf 88' lang='lat' dir='ltr'>primum</span> <span class='ocrx_word' id='word_1_63' title='bbox 579 759 795 800; x_wconf 88' lang='lat' dir='ltr'>audierunt</span> <span class='ocrx_word' id='word_1_64' title='bbox 804 775 814 809; x_wconf 83' lang='lat'><em>3</em></span> <span class='ocrx_word' id='word_1_65' title='bbox 840 760 992 801; x_wconf 79' lang='lat' dir='ltr'>tristior</span> <span class='ocrx_word' id='word_1_66' title='bbox 1011 760 1159 802; x_wconf 88' lang='lat' dir='ltr'>deinde</span> <span class='ocrx_word' id='word_1_67' title='bbox 1184 761 1485 816; x_wconf 83' lang='lat' dir='ltr'>ignominiosae</span> <span class='ocrx_word' id='word_1_68' title='bbox 1510 762 1623 816; x_wconf 85' lang='lat' dir='ltr'>pacis</span> <span class='ocrx_word' id='word_1_69' title='bbox 1648 777 1734 803; x_wconf 88' lang='lat' dir='ltr'>ma-</span> 
     </span>
    </p>

    <p class='ocr_par' dir='ltr' id='par_1_5' title="bbox 332 821 1734 1065">
     <span class='ocr_line' id='line_1_10' title="bbox 332 821 1733 877; baseline 0.002 -16"><span class='ocrx_word' id='word_1_70' title='bbox 332 833 347 861; x_wconf 75' lang='grc' dir='ltr'><em>ῖ</em></span> <span class='ocrx_word' id='word_1_71' title='bbox 375 821 439 876; x_wconf 87' lang='lat' dir='ltr'>gis</span> <span class='ocrx_word' id='word_1_72' title='bbox 471 836 596 875; x_wconf 88' lang='lat' dir='ltr'>quam</span> <span class='ocrx_word' id='word_1_73' title='bbox 626 821 798 877; x_wconf 91' lang='lat' dir='ltr'>periculi</span> <span class='ocrx_word' id='word_1_74' title='bbox 827 822 995 864; x_wconf 83' lang='lat' dir='ltr'>nuntius</span> <span class='ocrx_word' id='word_1_75' title='bbox 1022 822 1111 863; x_wconf 84' lang='lat' dir='ltr'>fuit.</span> <span class='ocrx_word' id='word_1_76' title='bbox 1162 824 1214 864; x_wconf 87' lang='lat' dir='ltr'>ad</span> <span class='ocrx_word' id='word_1_77' title='bbox 1239 823 1394 864; x_wconf 86' lang='lat' dir='ltr'>famam</span> <span class='ocrx_word' id='word_1_78' title='bbox 1420 823 1646 865; x_wconf 88' lang='lat' dir='ltr'>obsidionis</span> <span class='ocrx_word' id='word_1_79' title='bbox 1672 824 1733 864; x_wconf 89' lang='lat' dir='ltr'>di-</span> 
     </span>
     <span class='ocr_line' id='line_1_11' title="bbox 373 883 1734 938; baseline 0.001 -14"><span class='ocrx_word' id='word_1_80' title='bbox 373 883 506 925; x_wconf 88' lang='lat' dir='ltr'>lectus</span> <span class='ocrx_word' id='word_1_81' title='bbox 543 883 688 925; x_wconf 85' lang='lat' dir='ltr'>haberi</span> <span class='ocrx_word' id='word_1_82' title='bbox 725 891 895 938; x_wconf 87' lang='lat' dir='ltr'>coeptus</span> <span class='ocrx_word' id='word_1_83' title='bbox 928 891 1039 935; x_wconf 83' lang='lat' dir='ltr'>erat3</span> <span class='ocrx_word' id='word_1_84' title='bbox 1077 885 1274 926; x_wconf 88' lang='lat' dir='ltr'>dimissus</span> <span class='ocrx_word' id='word_1_85' title='bbox 1306 885 1454 926; x_wconf 87' lang='lat' dir='ltr'>deinde</span> <span class='ocrx_word' id='word_1_86' title='bbox 1491 886 1734 927; x_wconf 72' lang='lat' dir='ltr'>auxiliorum</span> 
     </span>
     <span class='ocr_line' id='line_1_12' title="bbox 375 947 1734 1002; baseline 0.001 -14"><span class='ocrx_word' id='word_1_87' title='bbox 375 953 614 1002; x_wconf 84' lang='lat' dir='ltr'>apparatus,</span> <span class='ocrx_word' id='word_1_88' title='bbox 646 954 867 1002; x_wconf 86' lang='lat' dir='ltr'>postquam</span> <span class='ocrx_word' id='word_1_89' title='bbox 899 947 1148 989; x_wconf 88' lang='lat' dir='ltr'>deditionem</span> <span class='ocrx_word' id='word_1_90' title='bbox 1179 955 1263 989; x_wconf 89' lang='lat' dir='ltr'>tam</span> <span class='ocrx_word' id='word_1_91' title='bbox 1294 948 1415 989; x_wconf 84' lang='lat' dir='ltr'>foede</span> <span class='ocrx_word' id='word_1_92' title='bbox 1441 948 1593 989; x_wconf 89' lang='lat' dir='ltr'>factam</span> <span class='ocrx_word' id='word_1_93' title='bbox 1619 963 1734 989; x_wconf 91' lang='lat' dir='ltr'>acce-</span> 
     </span>
     <span class='ocr_line' id='line_1_13' title="bbox 374 1009 1734 1065; baseline 0.001 -15"><span class='ocrx_word' id='word_1_94' title='bbox 374 1016 539 1063; x_wconf 89' lang='lat' dir='ltr'>perunt,</span> <span class='ocrx_word' id='word_1_95' title='bbox 567 1009 856 1064; x_wconf 85' lang='lat' dir='ltr'>extemploque</span> <span class='ocrx_word' id='word_1_96' title='bbox 883 1010 970 1051; x_wconf 89' lang='lat' dir='ltr'>sine</span> <span class='ocrx_word' id='word_1_97' title='bbox 995 1010 1079 1051; x_wconf 90' lang='lat' dir='ltr'>ulla</span> <span class='ocrx_word' id='word_1_98' title='bbox 1103 1009 1270 1065; x_wconf 89' lang='lat' dir='ltr'>publica</span> <span class='ocrx_word' id='word_1_99' title='bbox 1295 1010 1536 1051; x_wconf 88' lang='lat' dir='ltr'>auctoritate</span> <span class='ocrx_word' id='word_1_100' title='bbox 1561 1025 1734 1052; x_wconf 86' lang='lat' dir='ltr'>consen-</span> 
     </span>
    </p>

    <p class='ocr_par' dir='ltr' id='par_1_6' title="bbox 329 1072 1733 1191">
     <span class='ocr_line' id='line_1_14' title="bbox 329 1072 1733 1114; baseline 0.001 -2"><span class='ocrx_word' id='word_1_101' title='bbox 329 1080 348 1110; x_wconf 83' lang='grc'>8</span> <span class='ocrx_word' id='word_1_102' title='bbox 376 1086 467 1113; x_wconf 89' lang='lat' dir='ltr'>sum</span> <span class='ocrx_word' id='word_1_103' title='bbox 493 1072 535 1112; x_wconf 91' lang='lat' dir='ltr'>in</span> <span class='ocrx_word' id='word_1_104' title='bbox 560 1087 724 1113; x_wconf 89' lang='lat' dir='ltr'>omnem</span> <span class='ocrx_word' id='word_1_105' title='bbox 755 1072 931 1113; x_wconf 86' lang='lat' dir='ltr'>formam</span> <span class='ocrx_word' id='word_1_106' title='bbox 961 1072 1096 1114; x_wconf 83' lang='lat' dir='ltr'>luctus</span> <span class='ocrx_word' id='word_1_107' title='bbox 1129 1079 1208 1114; x_wconf 88' lang='lat' dir='ltr'>est:</span> <span class='ocrx_word' id='word_1_108' title='bbox 1247 1073 1440 1114; x_wconf 86' lang='lat' dir='ltr'>tabernae</span> <span class='ocrx_word' id='word_1_109' title='bbox 1466 1073 1574 1114; x_wconf 89' lang='lat' dir='ltr'>circa</span> <span class='ocrx_word' id='word_1_110' title='bbox 1598 1072 1733 1114; x_wconf 86' lang='lat' dir='ltr'>forum</span> 
     </span>
     <span class='ocr_line' id='line_1_15' title="bbox 376 1133 1732 1191; baseline 0.001 -17"><span class='ocrx_word' id='word_1_111' title='bbox 376 1133 540 1175; x_wconf 86' lang='lat' dir='ltr'>clausae</span> <span class='ocrx_word' id='word_1_112' title='bbox 575 1135 860 1189; x_wconf 88' lang='lat' dir='ltr'>iustitiumque</span> <span class='ocrx_word' id='word_1_113' title='bbox 896 1135 939 1176; x_wconf 87' lang='lat' dir='ltr'>in</span> <span class='ocrx_word' id='word_1_114' title='bbox 975 1135 1065 1176; x_wconf 88' lang='lat' dir='ltr'>foro</span> <span class='ocrx_word' id='word_1_115' title='bbox 1099 1151 1174 1177; x_wconf 90' lang='lat' dir='ltr'>sua</span> <span class='ocrx_word' id='word_1_116' title='bbox 1211 1143 1356 1190; x_wconf 89' lang='lat' dir='ltr'>sponte</span> <span class='ocrx_word' id='word_1_117' title='bbox 1393 1142 1584 1190; x_wconf 89' lang='lat' dir='ltr'>coeptum</span> <span class='ocrx_word' id='word_1_118' title='bbox 1619 1135 1732 1191; x_wconf 86' lang='lat' dir='ltr'>prius</span> 
     </span>
    </p>

    <p class='ocr_par' dir='ltr' id='par_1_7' title="bbox 332 1196 1734 1375">
     <span class='ocr_line' id='line_1_16' title="bbox 332 1196 1734 1252; baseline 0.002 -16"><span class='ocrx_word' id='word_1_119' title='bbox 332 1206 349 1236; x_wconf 83' lang='grc'>9</span> <span class='ocrx_word' id='word_1_120' title='bbox 375 1210 500 1250; x_wconf 90' lang='lat' dir='ltr'>quam</span> <span class='ocrx_word' id='word_1_121' title='bbox 524 1196 740 1246; x_wconf 86' lang='lat' dir='ltr'>indictum,</span> <span class='ocrx_word' id='word_1_122' title='bbox 767 1197 838 1238; x_wconf 88' lang='lat' dir='ltr'>lati</span> <span class='ocrx_word' id='word_1_123' title='bbox 864 1197 986 1247; x_wconf 71' lang='lat' dir='ltr'>clavi,</span> <span class='ocrx_word' id='word_1_124' title='bbox 1019 1197 1131 1238; x_wconf 87' lang='lat' dir='ltr'>anuli</span> <span class='ocrx_word' id='word_1_125' title='bbox 1155 1198 1268 1238; x_wconf 90' lang='lat' dir='ltr'>aurei</span> <span class='ocrx_word' id='word_1_126' title='bbox 1292 1198 1434 1252; x_wconf 85' lang='lat' dir='ltr'>positi,</span> <span class='ocrx_word' id='word_1_127' title='bbox 1467 1212 1598 1252; x_wconf 87' lang='lat' dir='ltr'>paene</span> <span class='ocrx_word' id='word_1_128' title='bbox 1623 1212 1734 1239; x_wconf 84' lang='lat' dir='ltr'>mae-</span> 
     </span>
     <span class='ocr_line' id='line_1_17' title="bbox 377 1258 1732 1313; baseline 0.001 -15"><span class='ocrx_word' id='word_1_129' title='bbox 377 1259 475 1299; x_wconf 89' lang='lat' dir='ltr'>stior</span> <span class='ocrx_word' id='word_1_130' title='bbox 505 1258 687 1299; x_wconf 83' lang='lat' dir='ltr'>exercitu</span> <span class='ocrx_word' id='word_1_131' title='bbox 716 1258 806 1313; x_wconf 88' lang='lat' dir='ltr'>ipso</span> <span class='ocrx_word' id='word_1_132' title='bbox 838 1259 981 1300; x_wconf 86' lang='lat' dir='ltr'>civitas</span> <span class='ocrx_word' id='word_1_133' title='bbox 1015 1274 1106 1301; x_wconf 86' lang='lat' dir='ltr'>esse</span> <span class='ocrx_word' id='word_1_134' title='bbox 1136 1274 1213 1300; x_wconf 89' lang='lat' dir='ltr'>nec</span> <span class='ocrx_word' id='word_1_135' title='bbox 1244 1259 1418 1301; x_wconf 89' lang='lat' dir='ltr'>ducibus</span> <span class='ocrx_word' id='word_1_136' title='bbox 1453 1260 1586 1301; x_wconf 88' lang='lat' dir='ltr'>solum</span> <span class='ocrx_word' id='word_1_137' title='bbox 1611 1266 1732 1313; x_wconf 87' lang='lat' dir='ltr'>atque</span> 
     </span>
     <span class='ocr_line' id='line_1_18' title="bbox 376 1319 1731 1375; baseline 0 -14"><span class='ocrx_word' id='word_1_138' title='bbox 376 1319 610 1362; x_wconf 87' lang='lat' dir='ltr'>auctoribus</span> <span class='ocrx_word' id='word_1_139' title='bbox 638 1319 989 1375; x_wconf 87' lang='lat' dir='ltr'>sponsoribusque</span> <span class='ocrx_word' id='word_1_140' title='bbox 1014 1321 1128 1375; x_wconf 84' lang='lat' dir='ltr'>pacis</span> <span class='ocrx_word' id='word_1_141' title='bbox 1148 1321 1281 1370; x_wconf 84' lang='lat' dir='ltr'>irasci,</span> <span class='ocrx_word' id='word_1_142' title='bbox 1304 1321 1377 1362; x_wconf 83' lang='lat' dir='ltr'>sed</span> <span class='ocrx_word' id='word_1_143' title='bbox 1400 1321 1589 1362; x_wconf 81' lang='lat' dir='ltr'>innoxios</span> <span class='ocrx_word' id='word_1_144' title='bbox 1610 1321 1731 1361; x_wconf 87' lang='lat' dir='ltr'>ctiam</span> 
     </span>
    </p>

    <p class='ocr_par' dir='ltr' id='par_1_8' title="bbox 313 1382 1732 1623">
     <span class='ocr_line' id='line_1_19' title="bbox 313 1382 1732 1437; baseline 0.001 -16"><span class='ocrx_word' id='word_1_145' title='bbox 313 1393 350 1421; x_wconf 85' lang='lat'>10</span> <span class='ocrx_word' id='word_1_146' title='bbox 375 1382 524 1423; x_wconf 88' lang='lat' dir='ltr'>milites</span> <span class='ocrx_word' id='word_1_147' title='bbox 551 1382 687 1424; x_wconf 87' lang='lat' dir='ltr'>odisse</span> <span class='ocrx_word' id='word_1_148' title='bbox 713 1389 752 1423; x_wconf 91' lang='lat' dir='ltr'>et</span> <span class='ocrx_word' id='word_1_149' title='bbox 784 1397 935 1437; x_wconf 89' lang='lat' dir='ltr'>negare</span> <span class='ocrx_word' id='word_1_150' title='bbox 961 1382 1061 1423; x_wconf 80' lang='lat' dir='ltr'>urbe</span> <span class='ocrx_word' id='word_1_151' title='bbox 1087 1383 1258 1424; x_wconf 75' lang='lat' dir='ltr'>tectisve</span> <span class='ocrx_word' id='word_1_152' title='bbox 1284 1383 1557 1437; x_wconf 88' lang='lat' dir='ltr'>accipiendos.</span> <span class='ocrx_word' id='word_1_153' title='bbox 1607 1397 1732 1437; x_wconf 88' lang='lat' dir='ltr'>quam</span> 
     </span>
     <span class='ocr_line' id='line_1_20' title="bbox 377 1444 1731 1500; baseline -0.001 -13"><span class='ocrx_word' id='word_1_154' title='bbox 377 1444 691 1487; x_wconf 86' lang='lat' dir='ltr'>concitationem</span> <span class='ocrx_word' id='word_1_155' title='bbox 723 1445 953 1486; x_wconf 88' lang='lat' dir='ltr'>animorum</span> <span class='ocrx_word' id='word_1_156' title='bbox 985 1445 1109 1500; x_wconf 85' lang='lat' dir='ltr'>fregit</span> <span class='ocrx_word' id='word_1_157' title='bbox 1139 1445 1341 1486; x_wconf 74' lang='lat' dir='ltr'>adventus</span> <span class='ocrx_word' id='word_1_158' title='bbox 1374 1445 1576 1486; x_wconf 84' lang='lat' dir='ltr'>exercitus</span> <span class='ocrx_word' id='word_1_159' title='bbox 1609 1445 1731 1486; x_wconf 87' lang='lat' dir='ltr'>ctiam</span> 
     </span>
     <span class='ocr_line' id='line_1_21' title="bbox 377 1506 1732 1561; baseline 0.001 -15"><span class='ocrx_word' id='word_1_160' title='bbox 377 1506 490 1547; x_wconf 86' lang='lat' dir='ltr'>iratis</span> <span class='ocrx_word' id='word_1_161' title='bbox 523 1506 782 1547; x_wconf 84' lang='lat' dir='ltr'>miserabilis.</span> <span class='ocrx_word' id='word_1_162' title='bbox 831 1522 914 1547; x_wconf 91' lang='lat' dir='ltr'>non</span> <span class='ocrx_word' id='word_1_163' title='bbox 945 1507 1053 1547; x_wconf 89' lang='lat' dir='ltr'>enim</span> <span class='ocrx_word' id='word_1_164' title='bbox 1085 1513 1295 1560; x_wconf 85' lang='lat' dir='ltr'>tamquam</span> <span class='ocrx_word' id='word_1_165' title='bbox 1326 1507 1369 1547; x_wconf 89' lang='lat' dir='ltr'>in</span> <span class='ocrx_word' id='word_1_166' title='bbox 1398 1507 1571 1561; x_wconf 87' lang='lat' dir='ltr'>patriam</span> <span class='ocrx_word' id='word_1_167' title='bbox 1596 1521 1732 1547; x_wconf 77' lang='lat' dir='ltr'>rcvcr-</span> 
     </span>
     <span class='ocr_line' id='line_1_22' title="bbox 375 1567 1732 1623; baseline 0.001 -15"><span class='ocrx_word' id='word_1_168' title='bbox 375 1573 506 1608; x_wconf 89' lang='lat' dir='ltr'>tentes</span> <span class='ocrx_word' id='word_1_169' title='bbox 533 1582 584 1608; x_wconf 86' lang='lat' dir='ltr'>ex</span> <span class='ocrx_word' id='word_1_170' title='bbox 607 1567 814 1622; x_wconf 88' lang='lat' dir='ltr'>insperato</span> <span class='ocrx_word' id='word_1_171' title='bbox 838 1568 1079 1617; x_wconf 85' lang='lat' dir='ltr'>incolumes,</span> <span class='ocrx_word' id='word_1_172' title='bbox 1101 1569 1175 1609; x_wconf 84' lang='lat' dir='ltr'>scd</span> <span class='ocrx_word' id='word_1_173' title='bbox 1200 1575 1411 1623; x_wconf 86' lang='lat' dir='ltr'>captorum</span> <span class='ocrx_word' id='word_1_174' title='bbox 1436 1568 1579 1610; x_wconf 90' lang='lat' dir='ltr'>habitu</span> <span class='ocrx_word' id='word_1_175' title='bbox 1598 1568 1732 1609; x_wconf 73' lang='lat' dir='ltr'>vultu-</span> 
     </span>
    </p>

    <p class='ocr_par' dir='ltr' id='par_1_9' title="bbox 311 1630 1731 1747">
     <span class='ocr_line' id='line_1_23' title="bbox 311 1630 1730 1685; baseline 0.001 -15"><span class='ocrx_word' id='word_1_176' title='bbox 311 1643 346 1671; x_wconf 87' lang='lat'>11</span> <span class='ocrx_word' id='word_1_177' title='bbox 375 1644 454 1683; x_wconf 90' lang='lat' dir='ltr'>que</span> <span class='ocrx_word' id='word_1_178' title='bbox 485 1630 662 1685; x_wconf 87' lang='lat' dir='ltr'>ingressi</span> <span class='ocrx_word' id='word_1_179' title='bbox 693 1645 783 1671; x_wconf 90' lang='lat' dir='ltr'>sero</span> <span class='ocrx_word' id='word_1_180' title='bbox 813 1631 856 1670; x_wconf 90' lang='lat' dir='ltr'>in</span> <span class='ocrx_word' id='word_1_181' title='bbox 885 1630 1030 1671; x_wconf 80' lang='lat' dir='ltr'>urbem</span> <span class='ocrx_word' id='word_1_182' title='bbox 1059 1630 1116 1671; x_wconf 90' lang='lat' dir='ltr'>ita</span> <span class='ocrx_word' id='word_1_183' title='bbox 1147 1645 1191 1671; x_wconf 88' lang='lat' dir='ltr'>se</span> <span class='ocrx_word' id='word_1_184' title='bbox 1222 1631 1263 1670; x_wconf 88' lang='lat' dir='ltr'>in</span> <span class='ocrx_word' id='word_1_185' title='bbox 1295 1631 1379 1672; x_wconf 88' lang='lat' dir='ltr'>suis</span> <span class='ocrx_word' id='word_1_186' title='bbox 1406 1631 1580 1684; x_wconf 88' lang='lat' dir='ltr'>quisque</span> <span class='ocrx_word' id='word_1_187' title='bbox 1613 1631 1730 1672; x_wconf 83' lang='lat' dir='ltr'>tectis</span> 
     </span>
     <span class='ocr_line' id='line_1_24' title="bbox 375 1691 1731 1747; baseline 0.001 -15"><span class='ocrx_word' id='word_1_188' title='bbox 375 1691 637 1742; x_wconf 89' lang='lat' dir='ltr'>abdiderunt,</span> <span class='ocrx_word' id='word_1_189' title='bbox 669 1699 714 1732; x_wconf 89' lang='lat' dir='ltr'>ut</span> <span class='ocrx_word' id='word_1_190' title='bbox 743 1699 909 1747; x_wconf 88' lang='lat' dir='ltr'>postero</span> <span class='ocrx_word' id='word_1_191' title='bbox 940 1700 1062 1746; x_wconf 91' lang='lat' dir='ltr'>atque</span> <span class='ocrx_word' id='word_1_192' title='bbox 1091 1691 1403 1746; x_wconf 88' lang='lat' dir='ltr'>insequentibus</span> <span class='ocrx_word' id='word_1_193' title='bbox 1434 1693 1578 1734; x_wconf 89' lang='lat' dir='ltr'>diebus</span> <span class='ocrx_word' id='word_1_194' title='bbox 1609 1708 1731 1734; x_wconf 87' lang='lat' dir='ltr'>nemo</span> 
     </span>
    </p>

    <p class='ocr_par' dir='ltr' id='par_1_10' title="bbox 312 1754 1733 1935">
     <span class='ocr_line' id='line_1_25' title="bbox 312 1754 1732 1809; baseline 0.001 -14"><span class='ocrx_word' id='word_1_195' title='bbox 312 1761 349 1790; x_wconf 78' lang='grc'>12</span> <span class='ocrx_word' id='word_1_196' title='bbox 377 1769 518 1795; x_wconf 91' lang='lat' dir='ltr'>eorum</span> <span class='ocrx_word' id='word_1_197' title='bbox 553 1754 687 1796; x_wconf 87' lang='lat' dir='ltr'>forum</span> <span class='ocrx_word' id='word_1_198' title='bbox 726 1761 796 1796; x_wconf 88' lang='lat' dir='ltr'>aut</span> <span class='ocrx_word' id='word_1_199' title='bbox 826 1754 1039 1809; x_wconf 89' lang='lat' dir='ltr'>publicum</span> <span class='ocrx_word' id='word_1_200' title='bbox 1071 1754 1255 1809; x_wconf 86' lang='lat' dir='ltr'>aspicere</span> <span class='ocrx_word' id='word_1_201' title='bbox 1285 1754 1420 1795; x_wconf 78' lang='lat' dir='ltr'>vellet.</span> <span class='ocrx_word' id='word_1_202' title='bbox 1469 1755 1658 1797; x_wconf 86' lang='lat' dir='ltr'>consules</span> <span class='ocrx_word' id='word_1_203' title='bbox 1689 1756 1732 1796; x_wconf 91' lang='lat' dir='ltr'>in</span> 
     </span>
     <span class='ocr_line' id='line_1_26' title="bbox 374 1815 1733 1872; baseline 0.001 -16"><span class='ocrx_word' id='word_1_204' title='bbox 374 1816 534 1871; x_wconf 69' lang='lat' dir='ltr'>privato</span> <span class='ocrx_word' id='word_1_205' title='bbox 566 1815 696 1858; x_wconf 90' lang='lat' dir='ltr'>abditi</span> <span class='ocrx_word' id='word_1_206' title='bbox 726 1816 827 1858; x_wconf 91' lang='lat' dir='ltr'>nihil</span> <span class='ocrx_word' id='word_1_207' title='bbox 857 1831 932 1871; x_wconf 90' lang='lat' dir='ltr'>pro</span> <span class='ocrx_word' id='word_1_208' title='bbox 963 1816 1207 1872; x_wconf 88' lang='lat' dir='ltr'>magistratu</span> <span class='ocrx_word' id='word_1_209' title='bbox 1239 1831 1379 1871; x_wconf 86' lang='lat' dir='ltr'>agere,</span> <span class='ocrx_word' id='word_1_210' title='bbox 1411 1816 1492 1857; x_wconf 88' lang='lat' dir='ltr'>nisi</span> <span class='ocrx_word' id='word_1_211' title='bbox 1521 1817 1632 1870; x_wconf 91' lang='lat' dir='ltr'>quod</span> <span class='ocrx_word' id='word_1_212' title='bbox 1661 1832 1733 1858; x_wconf 83' lang='lat' dir='ltr'>ex-</span> 
     </span>
     <span class='ocr_line' id='line_1_27' title="bbox 373 1880 1733 1935; baseline 0 -14"><span class='ocrx_word' id='word_1_213' title='bbox 373 1895 564 1935; x_wconf 87' lang='lat' dir='ltr'>pressum</span> <span class='ocrx_word' id='word_1_214' title='bbox 590 1887 757 1922; x_wconf 89' lang='lat' dir='ltr'>senatus</span> <span class='ocrx_word' id='word_1_215' title='bbox 779 1881 966 1922; x_wconf 90' lang='lat' dir='ltr'>consulto</span> <span class='ocrx_word' id='word_1_216' title='bbox 986 1887 1059 1930; x_wconf 89' lang='lat' dir='ltr'>est,</span> <span class='ocrx_word' id='word_1_217' title='bbox 1080 1887 1125 1921; x_wconf 89' lang='lat' dir='ltr'>ut</span> <span class='ocrx_word' id='word_1_218' title='bbox 1144 1880 1385 1922; x_wconf 87' lang='lat' dir='ltr'>dictatorem</span> <span class='ocrx_word' id='word_1_219' title='bbox 1404 1881 1584 1922; x_wconf 91' lang='lat' dir='ltr'>dicerent</span> <span class='ocrx_word' id='word_1_220' title='bbox 1609 1881 1733 1922; x_wconf 90' lang='lat' dir='ltr'>comi-</span> 
     </span>
    </p>

    <p class='ocr_par' dir='ltr' id='par_1_11' title="bbox 311 1941 1733 1996">
     <span class='ocr_line' id='line_1_28' title="bbox 311 1941 1733 1996; baseline 0.001 -14"><span class='ocrx_word' id='word_1_221' title='bbox 311 1949 348 1978; x_wconf 82' lang='lat'>13</span> <span class='ocrx_word' id='word_1_222' title='bbox 375 1942 524 1983; x_wconf 88' lang='lat' dir='ltr'>tiorum</span> <span class='ocrx_word' id='word_1_223' title='bbox 544 1957 681 1984; x_wconf 84' lang='lat' dir='ltr'>causa.</span> <span class='ocrx_word' id='word_1_224' title='bbox 716 1942 768 1996; x_wconf 87' lang='lat' dir='ltr'>Q</span> <span class='ocrx_word' id='word_1_225' title='bbox 782 1942 960 1984; x_wconf 86' lang='lat' dir='ltr'>Fabium</span> <span class='ocrx_word' id='word_1_226' title='bbox 974 1942 1230 1984; x_wconf 88' lang='lat' dir='ltr'>Ambustum</span> <span class='ocrx_word' id='word_1_227' title='bbox 1251 1942 1441 1983; x_wconf 84' lang='lat' dir='ltr'>dixerunt</span> <span class='ocrx_word' id='word_1_228' title='bbox 1454 1949 1494 1983; x_wconf 84' lang='lat' dir='ltr'>et</span> <span class='ocrx_word' id='word_1_229' title='bbox 1506 1941 1733 1984; x_wconf 87' lang='lat' dir='ltr'>P.Aelium</span> 
     </span>
    </p>

    <p class='ocr_par' dir='ltr' id='par_1_12' title="bbox 311 2004 1734 2247">
     <span class='ocr_line' id='line_1_29' title="bbox 311 2004 1734 2061; baseline 0.001 -16"><span class='ocrx_word' id='word_1_230' title='bbox 311 2012 350 2040; x_wconf 66' lang='lat'>14</span> <span class='ocrx_word' id='word_1_231' title='bbox 375 2004 552 2046; x_wconf 87' lang='lat' dir='ltr'>Pactum</span> <span class='ocrx_word' id='word_1_232' title='bbox 577 2005 822 2061; x_wconf 85' lang='lat' dir='ltr'>magistrum</span> <span class='ocrx_word' id='word_1_233' title='bbox 849 2005 1046 2058; x_wconf 91' lang='lat' dir='ltr'>equitum.</span> <span class='ocrx_word' id='word_1_234' title='bbox 1096 2005 1247 2059; x_wconf 88' lang='lat' dir='ltr'>quibus</span> <span class='ocrx_word' id='word_1_235' title='bbox 1274 2005 1372 2045; x_wconf 74' lang='lat' dir='ltr'>vitio</span> <span class='ocrx_word' id='word_1_236' title='bbox 1399 2005 1544 2046; x_wconf 87' lang='lat' dir='ltr'>creatis</span> <span class='ocrx_word' id='word_1_237' title='bbox 1571 2005 1734 2046; x_wconf 87' lang='lat' dir='ltr'>suffecti</span> 
     </span>
     <span class='ocr_line' id='line_1_30' title="bbox 374 2066 1734 2122; baseline 0.001 -15"><span class='ocrx_word' id='word_1_238' title='bbox 374 2066 435 2108; x_wconf 84' lang='lat' dir='ltr'>M.</span> <span class='ocrx_word' id='word_1_239' title='bbox 451 2066 657 2109; x_wconf 88' lang='lat' dir='ltr'>Aemilius</span> <span class='ocrx_word' id='word_1_240' title='bbox 677 2067 819 2122; x_wconf 88' lang='lat' dir='ltr'>Papus</span> <span class='ocrx_word' id='word_1_241' title='bbox 845 2067 1029 2117; x_wconf 86' lang='lat' dir='ltr'>dictator,</span> <span class='ocrx_word' id='word_1_242' title='bbox 1054 2067 1108 2108; x_wconf 87' lang='lat' dir='ltr'>L.</span> <span class='ocrx_word' id='word_1_243' title='bbox 1123 2066 1316 2108; x_wconf 90' lang='lat' dir='ltr'>Valerius</span> <span class='ocrx_word' id='word_1_244' title='bbox 1335 2067 1511 2108; x_wconf 88' lang='lat' dir='ltr'>Flaccus</span> <span class='ocrx_word' id='word_1_245' title='bbox 1536 2067 1734 2122; x_wconf 86' lang='lat' dir='ltr'>magister</span> 
     </span>
     <span class='ocr_line' id='line_1_31' title="bbox 375 2128 1734 2185; baseline -0.001 -14"><span class='ocrx_word' id='word_1_246' title='bbox 375 2129 571 2183; x_wconf 87' lang='lat' dir='ltr'>equitum.</span> <span class='ocrx_word' id='word_1_247' title='bbox 609 2144 685 2171; x_wconf 87' lang='lat' dir='ltr'>neo</span> <span class='ocrx_word' id='word_1_248' title='bbox 704 2145 778 2185; x_wconf 90' lang='lat' dir='ltr'>per</span> <span class='ocrx_word' id='word_1_249' title='bbox 802 2144 872 2171; x_wconf 86' lang='lat' dir='ltr'>eos</span> <span class='ocrx_word' id='word_1_250' title='bbox 899 2129 1063 2171; x_wconf 89' lang='lat' dir='ltr'>comitia</span> <span class='ocrx_word' id='word_1_251' title='bbox 1087 2129 1229 2170; x_wconf 88' lang='lat' dir='ltr'>habita</span> <span class='ocrx_word' id='word_1_252' title='bbox 1248 2136 1300 2179; x_wconf 92' lang='lat' dir='ltr'>et,</span> <span class='ocrx_word' id='word_1_253' title='bbox 1326 2129 1423 2182; x_wconf 87' lang='lat' dir='ltr'>quia</span> <span class='ocrx_word' id='word_1_254' title='bbox 1447 2128 1637 2170; x_wconf 87' lang='lat' dir='ltr'>taedebat</span> <span class='ocrx_word' id='word_1_255' title='bbox 1660 2143 1734 2183; x_wconf 92' lang='lat' dir='ltr'>po-</span> 
     </span>
     <span class='ocr_line' id='line_1_32' title="bbox 374 2191 1732 2247; baseline -0.001 -15"><span class='ocrx_word' id='word_1_256' title='bbox 374 2191 517 2246; x_wconf 90' lang='lat' dir='ltr'>pulum</span> <span class='ocrx_word' id='word_1_257' title='bbox 537 2192 720 2233; x_wconf 90' lang='lat' dir='ltr'>omnium</span> <span class='ocrx_word' id='word_1_258' title='bbox 738 2192 1054 2247; x_wconf 83' lang='lat' dir='ltr'>magistratuum</span> <span class='ocrx_word' id='word_1_259' title='bbox 1074 2192 1161 2233; x_wconf 88' lang='lat' dir='ltr'>eius</span> <span class='ocrx_word' id='word_1_260' title='bbox 1181 2192 1288 2241; x_wconf 87' lang='lat' dir='ltr'>anni,</span> <span class='ocrx_word' id='word_1_261' title='bbox 1304 2206 1368 2232; x_wconf 87' lang='lat' dir='ltr'>res</span> <span class='ocrx_word' id='word_1_262' title='bbox 1384 2191 1436 2232; x_wconf 90' lang='lat' dir='ltr'>ad</span> <span class='ocrx_word' id='word_1_263' title='bbox 1454 2191 1732 2246; x_wconf 86' lang='lat' dir='ltr'>interregnum</span> 
     </span>
    </p>

    <p class='ocr_par' dir='ltr' id='par_1_13' title="bbox 313 2251 1731 2496">
     <span class='ocr_line' id='line_1_33' title="bbox 313 2251 1730 2310; baseline -0.001 -16"><span class='ocrx_word' id='word_1_264' title='bbox 313 2261 350 2290; x_wconf 75' lang='grc'>15</span> <span class='ocrx_word' id='word_1_265' title='bbox 375 2254 506 2295; x_wconf 84' lang='lat' dir='ltr'>rediit.</span> <span class='ocrx_word' id='word_1_266' title='bbox 549 2254 774 2310; x_wconf 85' lang='lat' dir='ltr'>interreges</span> <span class='ocrx_word' id='word_1_267' title='bbox 797 2253 848 2307; x_wconf 86' lang='lat' dir='ltr'>Q.</span> <span class='ocrx_word' id='word_1_268' title='bbox 864 2254 1021 2295; x_wconf 89' lang='lat' dir='ltr'>Fabius</span> <span class='ocrx_word' id='word_1_269' title='bbox 1035 2253 1262 2303; x_wconf 83' lang='lat' dir='ltr'>Maximus,</span> <span class='ocrx_word' id='word_1_270' title='bbox 1277 2253 1338 2294; x_wconf 85' lang='lat' dir='ltr'>M.</span> <span class='ocrx_word' id='word_1_271' title='bbox 1348 2252 1539 2294; x_wconf 87' lang='lat' dir='ltr'>Valerius</span> <span class='ocrx_word' id='word_1_272' title='bbox 1555 2251 1730 2294; x_wconf 79' lang='lat' dir='ltr'>Corvus.</span> 
     </span>
     <span class='ocr_line' id='line_1_34' title="bbox 375 2314 1731 2369; baseline -0.001 -13"><span class='ocrx_word' id='word_1_273' title='bbox 375 2316 409 2357; x_wconf 90' lang='lat' dir='ltr'>is</span> <span class='ocrx_word' id='word_1_274' title='bbox 436 2316 626 2358; x_wconf 87' lang='lat' dir='ltr'>consules</span> <span class='ocrx_word' id='word_1_275' title='bbox 653 2317 805 2357; x_wconf 71' lang='lat' dir='ltr'>creavit</span> <span class='ocrx_word' id='word_1_276' title='bbox 831 2315 883 2369; x_wconf 93' lang='lat' dir='ltr'>Q.</span> <span class='ocrx_word' id='word_1_277' title='bbox 898 2316 1125 2357; x_wconf 88' lang='lat' dir='ltr'>Publilium</span> <span class='ocrx_word' id='word_1_278' title='bbox 1144 2315 1362 2356; x_wconf 89' lang='lat' dir='ltr'>Philonem</span> <span class='ocrx_word' id='word_1_279' title='bbox 1388 2321 1428 2356; x_wconf 87' lang='lat' dir='ltr'>et</span> <span class='ocrx_word' id='word_1_280' title='bbox 1451 2315 1504 2355; x_wconf 91' lang='lat' dir='ltr'>L.</span> <span class='ocrx_word' id='word_1_281' title='bbox 1519 2314 1731 2369; x_wconf 84' lang='lat' dir='ltr'>Papirium</span> 
     </span>
     <span class='ocr_line' id='line_1_35' title="bbox 377 2375 1731 2431; baseline -0.002 -12"><span class='ocrx_word' id='word_1_282' title='bbox 377 2377 600 2420; x_wconf 88' lang='lat' dir='ltr'>Cursorem</span> <span class='ocrx_word' id='word_1_283' title='bbox 625 2379 773 2420; x_wconf 89' lang='lat' dir='ltr'>iterum</span> <span class='ocrx_word' id='word_1_284' title='bbox 792 2378 904 2419; x_wconf 88' lang='lat' dir='ltr'>haud</span> <span class='ocrx_word' id='word_1_285' title='bbox 923 2377 1048 2419; x_wconf 90' lang='lat' dir='ltr'>dubio</span> <span class='ocrx_word' id='word_1_286' title='bbox 1069 2393 1274 2419; x_wconf 88' lang='lat' dir='ltr'>consensu</span> <span class='ocrx_word' id='word_1_287' title='bbox 1294 2377 1482 2426; x_wconf 77' lang='lat' dir='ltr'>civitatis,</span> <span class='ocrx_word' id='word_1_288' title='bbox 1503 2377 1614 2431; x_wconf 90' lang='lat' dir='ltr'>quod</span> <span class='ocrx_word' id='word_1_289' title='bbox 1633 2375 1731 2416; x_wconf 89' lang='lat' dir='ltr'>nulli</span> 
     </span>
     <span class='ocr_line' id='line_1_36' title="bbox 377 2441 1239 2496; baseline -0.001 -14"><span class='ocrx_word' id='word_1_290' title='bbox 377 2456 424 2483; x_wconf 89' lang='lat' dir='ltr'>ea</span> <span class='ocrx_word' id='word_1_291' title='bbox 449 2448 692 2496; x_wconf 87' lang='lat' dir='ltr'>tempestate</span> <span class='ocrx_word' id='word_1_292' title='bbox 718 2442 844 2482; x_wconf 91' lang='lat' dir='ltr'>duces</span> <span class='ocrx_word' id='word_1_293' title='bbox 871 2441 1062 2482; x_wconf 87' lang='lat' dir='ltr'>clariores</span> <span class='ocrx_word' id='word_1_294' title='bbox 1089 2447 1239 2482; x_wconf 90' lang='lat' dir='ltr'>essent.</span> 
     </span>
    </p>

    <p class='ocr_par' dir='ltr' id='par_1_14' title="bbox 335 2501 1731 2621">
     <span class='ocr_line' id='line_1_37' title="bbox 335 2501 1731 2557; baseline -0.001 -14"><span class='ocrx_word' id='word_1_295' title='bbox 335 2516 346 2543; x_wconf 87' lang='lat'>1</span> <span class='ocrx_word' id='word_1_296' title='bbox 459 2503 582 2544; x_wconf 83' lang='lat' dir='ltr'><strong>VIII.</strong></span> <span class='ocrx_word' id='word_1_297' title='bbox 628 2503 723 2557; x_wconf 86' lang='lat' dir='ltr'>Quo</span> <span class='ocrx_word' id='word_1_298' title='bbox 749 2503 875 2545; x_wconf 88' lang='lat' dir='ltr'>creati</span> <span class='ocrx_word' id='word_1_299' title='bbox 905 2509 1001 2545; x_wconf 85' lang='lat' dir='ltr'>sunt</span> <span class='ocrx_word' id='word_1_300' title='bbox 1031 2503 1114 2552; x_wconf 89' lang='lat' dir='ltr'>die,</span> <span class='ocrx_word' id='word_1_301' title='bbox 1147 2517 1195 2544; x_wconf 91' lang='lat' dir='ltr'>eo</span> <span class='ocrx_word' id='word_1_302' title='bbox 1221 2528 1275 2532; x_wconf 90' lang='lat'>—-</span> <span class='ocrx_word' id='word_1_303' title='bbox 1301 2502 1360 2544; x_wconf 87' lang='lat' dir='ltr'>sic</span> <span class='ocrx_word' id='word_1_304' title='bbox 1384 2501 1493 2543; x_wconf 89' lang='lat' dir='ltr'>enim</span> <span class='ocrx_word' id='word_1_305' title='bbox 1523 2501 1731 2556; x_wconf 83' lang='lat' dir='ltr'>placuerat</span> 
     </span>
     <span class='ocr_line' id='line_1_38' title="bbox 375 2563 1728 2621; baseline -0.004 -14"><span class='ocrx_word' id='word_1_306' title='bbox 375 2565 559 2620; x_wconf 87' lang='lat' dir='ltr'>patribus</span> <span class='ocrx_word' id='word_1_307' title='bbox 586 2591 639 2596; x_wconf 89' lang='lat'>—</span> <span class='ocrx_word' id='word_1_308' title='bbox 665 2566 954 2621; x_wconf 87' lang='lat' dir='ltr'>magistratum</span> <span class='ocrx_word' id='word_1_309' title='bbox 984 2565 1162 2606; x_wconf 83' lang='lat' dir='ltr'>inierunt</span> <span class='ocrx_word' id='word_1_310' title='bbox 1188 2563 1538 2617; x_wconf 87' lang='lat' dir='ltr'>sollemnibusque</span> <span class='ocrx_word' id='word_1_311' title='bbox 1565 2569 1728 2603; x_wconf 86' lang='lat' dir='ltr'>senatus</span> 
     </span>
    </p>

    <p class='ocr_par' dir='ltr' id='par_1_15' title="bbox 333 2622 1729 2743">
     <span class='ocr_line' id='line_1_39' title="bbox 333 2622 1729 2683; baseline -0.004 -16"><span class='ocrx_word' id='word_1_312' title='bbox 333 2639 350 2667; x_wconf 72' lang='lat'><em>2</em></span> <span class='ocrx_word' id='word_1_313' title='bbox 377 2627 573 2668; x_wconf 87' lang='lat' dir='ltr'>consultis</span> <span class='ocrx_word' id='word_1_314' title='bbox 599 2628 793 2683; x_wconf 89' lang='lat' dir='ltr'>perfectis</span> <span class='ocrx_word' id='word_1_315' title='bbox 820 2628 870 2669; x_wconf 90' lang='lat' dir='ltr'>de</span> <span class='ocrx_word' id='word_1_316' title='bbox 895 2641 996 2682; x_wconf 88' lang='lat' dir='ltr'>pace</span> <span class='ocrx_word' id='word_1_317' title='bbox 1019 2626 1209 2668; x_wconf 86' lang='lat' dir='ltr'>Caudina</span> <span class='ocrx_word' id='word_1_318' title='bbox 1232 2626 1487 2667; x_wconf 88' lang='lat' dir='ltr'>rettulerunt.</span> <span class='ocrx_word' id='word_1_319' title='bbox 1531 2630 1570 2665; x_wconf 88' lang='lat' dir='ltr'>et</span> <span class='ocrx_word' id='word_1_320' title='bbox 1587 2622 1729 2664; x_wconf 90' lang='lat' dir='ltr'>Publi-</span> 
     </span>
     <span class='ocr_line' id='line_1_40' title="bbox 376 2683 1725 2743; baseline -0.004 -15"><span class='ocrx_word' id='word_1_321' title='bbox 376 2688 467 2737; x_wconf 82' lang='lat' dir='ltr'>lius,</span> <span class='ocrx_word' id='word_1_322' title='bbox 493 2704 620 2743; x_wconf 88' lang='lat' dir='ltr'>pcncs</span> <span class='ocrx_word' id='word_1_323' title='bbox 646 2704 769 2743; x_wconf 89' lang='lat' dir='ltr'>quem</span> <span class='ocrx_word' id='word_1_324' title='bbox 795 2690 932 2731; x_wconf 83' lang='lat' dir='ltr'>fasces</span> <span class='ocrx_word' id='word_1_325' title='bbox 958 2695 1091 2731; x_wconf 87' lang='lat' dir='ltr'>erant:</span> <span class='ocrx_word' id='word_1_326' title='bbox 1126 2689 1228 2739; x_wconf 83' lang='lat' dir='ltr'>‘dic,</span> <span class='ocrx_word' id='word_1_327' title='bbox 1257 2686 1332 2742; x_wconf 84' lang='lat' dir='ltr'>Sp.</span> <span class='ocrx_word' id='word_1_328' title='bbox 1351 2685 1559 2729; x_wconf 86' lang='lat' dir='ltr'>Postumi’</span> <span class='ocrx_word' id='word_1_329' title='bbox 1583 2683 1725 2736; x_wconf 90' lang='lat' dir='ltr'>inquit.</span> 
     </span>
    </p>
   </div>
  </div>
 </body>
</html>
