1835 3226
372 221 453 262 416
637 228 788 263 LIBER
811 227 922 272 VIII,
950 228 1002 262 17.
1024 229 1076 262 18.
1104 231 1153 272 [a.
1168 240 1201 263 u.
1216 230 1455 276 c.422-424]

330 349 343 376 7
372 333 471 373 cola.
532 347 556 372 a
597 331 747 383 quibus
790 345 883 371 cum
921 332 1094 373 dilectus
1132 333 1325 374 intentius
1363 348 1486 386 quam
1523 336 1719 379 adversus

372 394 543 434 finitima
581 392 688 433 bella
728 392 963 443 haberetur,
1014 394 1290 449 exploratores
1332 395 1448 436 missi
1488 397 1719 447 attulerunt,

328 470 346 498 s
372 455 509 508 quieta
545 455 682 495 omnia
717 455 827 508 apud
859 453 1002 496 Gallos
1034 471 1138 497 esse.
1201 455 1417 497 Samnium
1447 472 1610 511 quoque
1640 459 1720 500 iam

373 517 544 557 alterum
570 531 721 556 annum
748 516 902 558 turbari
927 518 1044 558 novis
1070 518 1250 559 consiliis
1277 526 1515 573 suspectum
1540 526 1642 561 erat:
1673 535 1722 562 eo

328 594 345 622 a
373 594 423 620 cx
448 594 547 633 agro
575 577 758 620 Sidicino
784 580 986 621 exercitus
1006 580 1220 621 Romanus
1245 582 1565 623 non-deductus.
1615 589 1723 624 cete-

371 656 461 681 rum
500 640 707 681 Samnites
745 640 897 681 bellum
933 641 1163 683 Alexandri
1197 643 1413 697 Epirensis
1449 644 1490 684 in
1526 645 1721 686 Lucanos

372 703 511 752 traxit,
560 703 629 756 qui
672 703 754 744 duo
789 704 932 758 populi
967 705 1166 745 adversus
1202 720 1343 760 regem
1380 706 1662 747 escensionem
1699 722 1723 748 a

309 780 347 808 10
372 765 524 805 Paesto
554 764 773 806 facientem
805 766 933 820 signis
966 766 1136 807 conlatis
1167 775 1466 822 pugnaverunt.
1516 783 1564 809 eo
1596 775 1724 810 certa-

372 827 481 867 mine
508 826 692 881 superior
716 826 967 877 Alexander,
999 828 1216 878 incertum,
1249 844 1330 882 qua
1354 829 1434 870 fide
1461 830 1661 881 culturus,
1688 831 1723 872 si

372 889 540 943 perinde
566 895 700 930 cetera
724 890 1042 943 processissent,
1074 905 1218 945 pacem
1245 906 1337 931 011111
1363 891 1574 933 Romanis.

309 967 343 995 11
458 951 619 991 Eodem
646 967 752 992 anno
778 967 926 993 census
953 959 1068 993 actus
1093 954 1270 1007 novique
1295 954 1405 995 cives
1432 955 1561 1004 censi,
1593 954 1722 996 tribus

372 1019 538 1067 propter
563 1027 632 1054 cos
659 1014 820 1054 additae
846 1014 1012 1055 Maecia
1037 1021 1076 1055 et
1103 1014 1283 1069 Scaptia.
1339 1030 1529 1057 censores
1556 1017 1723 1057 addide-

310 1090 346 1119 12
374 1082 466 1116 runt
498 1075 550 1127 Q.
582 1075 786 1117 Publilius
818 1076 958 1126 Philo,
999 1076 1072 1131 Sp.
1104 1077 1358 1119 Postumius.
1418 1078 1595 1119 Romani
1625 1079 1723 1119 facti

373 1136 573 1177 Acerrani
611 1137 704 1191 lege
741 1138 792 1179 ab
824 1139 877 1179 L.
909 1139 1077 1194 Papirio
1113 1146 1299 1194 praetore
1330 1140 1430 1189 lata,
1468 1155 1550 1193 qua
1580 1140 1722 1181 civitas

374 1200 460 1240 sine
487 1200 683 1254 suffragio
703 1201 809 1241 data.
858 1201 959 1242 hacc
986 1217 1033 1242 eo
1060 1218 1164 1243 anno
1190 1203 1299 1243 domi
1325 1203 1574 1256 militiaeque
1593 1209 1722 1258 gesta.

331 1277 343 1306 1
458 1261 629 1302 XVIII.
667 1262 832 1303 Foedus
859 1263 1078 1316 insequens
1105 1280 1234 1305 annus
1263 1280 1335 1305 seu
1360 1266 1596 1319 intemperie
1622 1265 1723 1305 caeli

375 1338 447 1364 seu
473 1324 651 1364 humana
676 1323 818 1364 fraude
844 1324 938 1373 fuit,
966 1325 1026 1365 M.
1050 1326 1225 1366 Claudio
1244 1326 1462 1375 Marcello,
1490 1326 1538 1366 T.
1555 1326 1721 1367 Valerio

375 1387 624 1428 consulibus.
674 1387 868 1428 Flaccum
892 1387 1158 1441 Potitumque
1183 1389 1292 1429 varie
1319 1389 1359 1428 in
1385 1388 1599 1428 annalibus
1625 1403 1722 1443 cog-

374 1465 524 1490 nomen
555 1450 732 1490 consulis
764 1450 946 1491 invenio:
984 1457 1165 1491 ceterum
1196 1451 1237 1491 in
1263 1466 1310 1491 eo
1336 1451 1450 1505 parvi
1476 1450 1599 1491 refert
1624 1451 1723 1504 quid

374 1511 459 1552 veri
491 1512 553 1551 sit.
614 1511 713 1551 illud
744 1512 941 1565 pervelim
972 1538 1023 1541 —
1054 1528 1129 1553 ncc
1161 1528 1301 1553 omnes
1333 1519 1517 1553 auctores
1550 1519 1644 1552 sunt
1669 1536 1721 1541 —

374 1573 581 1626 proditum
619 1573 725 1614 falso
763 1588 873 1622 esse,
911 1575 1078 1614 venenis
1111 1575 1370 1629 absumpms,
1409 1590 1581 1628 qnorum
1613 1589 1721 1615 mors

375 1634 568 1675 infamem
596 1650 748 1675 annum
778 1636 1010 1689 pestilentia
1039 1636 1198 1677 fecerit:
1238 1637 1342 1677 sicut
1373 1637 1556 1691 proditur
1586 1644 1722 1676 tamen

374 1711 457 1745 res,
490 1711 540 1737 ne
568 1697 631 1736 cui
659 1703 871 1737 auctorum
896 1697 1020 1737 fidem
1046 1697 1348 1753 abrogaverim,
1381 1699 1622 1752 exponenda
1647 1705 1720 1738 est.

329 1771 348 1799 4
376 1774 468 1799 cum
499 1759 697 1813 primores
731 1759 904 1799 civitatis
938 1759 1139 1800 similibus
1166 1759 1318 1800 morbis
1345 1760 1569 1812 eodemque
1594 1760 1722 1800 ferme

375 1836 517 1862 omncs
544 1828 693 1861 eventu
718 1828 983 1871 morerentur,
1010 1822 1158 1862 ancilla
1182 1821 1383 1875 quaedam
1405 1822 1456 1862 ad
1476 1820 1527 1873 Q.
1547 1821 1722 1862 Fabium

374 1884 607 1925 Maximum
634 1884 807 1924 aedilem
833 1884 1016 1924 curulem
1041 1884 1310 1924 indicaturam
1338 1898 1380 1924 se
1407 1898 1573 1924 causam
1591 1883 1724 1938 publi-

376 1961 446 1987 cae
482 1946 610 2000 pestis
647 1946 836 2000 professa
873 1952 952 1994 cst,
992 1946 1026 1987 si
1057 1945 1108 1987 ab
1141 1961 1188 1986 co
1219 1946 1321 1986 fides
1359 1945 1436 1986 sibi
1472 1945 1567 1985 data
1603 1951 1723 1994 esset,

332 2021 349 2049 ι’)
376 2008 487 2049 haud
512 2008 695 2048 futurum
721 2008 868 2048 noxiae
893 2008 1102 2048 indicium.
1151 2007 1306 2048 Fabius
1327 2007 1543 2048 confestim
1562 2021 1647 2047 rem
1673 2007 1726 2047 ad

375 2070 584 2119 consules,
613 2070 802 2111 consules
829 2071 881 2111 ad
908 2076 1094 2111 senatum
1119 2069 1319 2118 referunt,
1352 2083 1635 2122 consensuque
1662 2083 1726 2109 or-

331 2144 348 2173 6
376 2134 481 2175 dinis
507 2133 609 2174 fides
635 2133 760 2173 indici
786 2133 892 2174 data.
953 2139 1039 2173 tum
1065 2132 1336 2187 patefactum,
1367 2130 1555 2171 muliebri
1580 2131 1724 2171 fraude

375 2196 581 2236 civitatem
615 2196 747 2250 premi
782 2201 1071 2248 matronasque
1108 2210 1156 2235 ea
1191 2209 1350 2235 venena
1385 2207 1558 2246 coquere
1595 2198 1652 2242 et,
1691 2193 1725 2233 si

331 2269 347 2296 7
377 2258 493 2311 sequi
518 2257 723 2312 extemplo
743 2257 888 2306 velint,
915 2257 1134 2298 manifesto
1154 2255 1403 2310 deprehendi
1423 2269 1558 2309 posse.
1597 2254 1725 2295 secuti

374 2320 549 2360 indicem
581 2325 620 2360 ct
651 2319 862 2372 coquentis
895 2319 1095 2371 quasdam
1126 2318 1424 2358 medicamenta
1455 2323 1494 2357 et
1518 2316 1727 2357 recondita

331 2391 349 2420 8
375 2381 512 2422 letalia
542 2381 797 2421 invenerunt.
847 2381 996 2434 quibus
1028 2381 1069 2420 in
1101 2380 1237 2421 forum
1268 2379 1412 2420 delatis
1439 2385 1478 2419 et
1503 2378 1555 2418 ad
1579 2377 1725 2432 viginti

374 2443 590 2492 matronis,
622 2443 732 2497 apud
763 2458 864 2496 quas
896 2442 1151 2497 deprehensa
1177 2447 1307 2490 erant,
1339 2455 1412 2495 per
1436 2440 1631 2480 viatorem
1658 2454 1725 2480 ac-

376 2505 484 2553 citis,
523 2505 627 2545 duae
660 2519 710 2545 ex
741 2505 800 2546 eis
828 2504 1021 2546 Cornelia
1052 2518 1099 2545 ae
1126 2502 1291 2558 Sergia,
1328 2502 1523 2557 patriciae
1552 2507 1723 2554 utraque

375 2568 527 2620 gentis,
566 2583 659 2608 cum
691 2583 739 2609 ea
769 2569 1069 2609 medicamenta
1098 2567 1280 2607 salubria
1305 2580 1396 2606 esse
1421 2564 1722 2614 contenderent,

377 2628 427 2669 ab
465 2629 702 2670 confutante
737 2630 871 2671 indice
908 2629 1047 2671 bibere
1083 2629 1239 2677 iussae,
1277 2634 1322 2668 ut
1353 2642 1397 2668 se
1427 2626 1578 2667 falsum
1615 2639 1725 2666 com-

334 2701 350 2730 9
378 2697 554 2732 mentam
581 2700 817 2748 arguerent,
852 2693 983 2748 spatio
1009 2693 1061 2733 ad
1086 2691 1414 2745 conloquendum
1441 2694 1604 2743 sumpto
1631 2702 1723 2729 cum

330 1400 348 1428 10

331 1648 349 1676 02
