1780 3204
457 187 611 222 Lmen
634 187 704 231 vl,
729 187 783 221 40.
803 186 856 220 41.
885 188 932 230 [a.
948 185 987 220 0.
1002 186 1084 229 365]
1371 176 1451 217 347

97 311 176 350 quc
195 295 304 336 hunc
320 292 473 336 Gaium
485 292 697 334 Licinium
715 290 917 341 consules,
945 290 1056 344 quod
1074 290 1314 345 indignaris,
1341 289 1453 342 quod

98 356 365 406 abominaris,
397 355 564 396 videas?
594 361 664 395 aut
689 354 825 395 omnia
850 352 989 407 accipe
1015 359 1085 393 aut
1109 352 1211 392 nihil
1235 350 1358 392 fer0.”
1406 357 1452 392 ut

99 420 133 460 si
158 419 250 473 quis
276 418 330 467 ei,
363 432 486 471 quem
510 423 655 471 urgeat
679 415 830 465 fames,
865 429 1067 455 venenum
1091 420 1218 469 ponat
1242 429 1335 454 011111
1362 413 1452 454 01110

98 488 138 522 01
170 487 240 522 aut
270 480 475 521 abstinere
507 494 555 521 eo
580 479 692 533 quod
715 478 838 519 vitale
865 478 917 518 sit
940 476 1080 518 iubeat
1104 483 1174 518 aut
1197 476 1452 518 mortiferum

97 542 211 583 vitali
235 542 472 583 admisceat.
521 555 618 596 ergo
639 540 673 582 si
693 546 802 581 esset
820 539 949 580 libera
967 539 1070 579 haec
1089 539 1252 588 civitas,
1278 553 1361 579 non
1380 537 1452 578 tibi

99 605 334 657 frequentes
367 603 692 644 succlamassent
723 601 824 643 “abi
853 601 948 642 hinc
979 616 1074 642 cum
1105 600 1379 642 tribunatibus
1406 613 1453 640 ac

98 664 380 720 rogationibus
400 664 531 705 tuisl³⁷
568 664 690 718 quid?
716 664 751 705 si
775 671 820 704 tu
843 679 925 705 non
951 663 1110 713 tuleris,
1137 664 1248 717 quod
1273 676 1453 704 commo-

97 728 197 767 dum
228 732 290 767 est
319 726 472 780 populo
503 726 706 780 accipere,
742 741 864 766 nemo
895 725 970 766 erit
1001 726 1072 779 qui
1107 725 1212 766 ferat
1247 725 1372 766 illud?
1420 723 1454 764 si

98 789 190 842 quis
214 788 430 843 patricius,
458 788 493 828 si
517 788 608 841 quis
631 813 685 817 —
710 788 821 841 quod
844 788 903 828 illi
927 787 1069 828 volunt
1093 787 1335 828 invidiosius
1362 803 1454 830 esse

98 876 151 880 ——
179 849 379 891 Claudius
411 849 565 890 diceret
596 853 699 890 “aut
730 849 866 890 omnia
897 849 1069 904 accipite
1099 855 1169 890 aut
1199 849 1299 889 nihil
1329 850 1453 901 fcro‚''

97 912 189 965 quis
214 918 416 961 vestrum,
450 910 652 964 Quirites,
690 911 838 952 ferret?
873 926 1152 965 numquamne
1183 926 1257 952 vos
1287 927 1353 953 res
1380 928 1453 967 po-

98 975 178 1014 tius
204 988 327 1027 quani
353 980 540 1015 auctores
572 973 830 1028 spectabitis,
869 973 943 1014 sed
972 973 1109 1014 omnia
1140 988 1314 1028 semper,
1347 989 1452 1027 quae

97 1035 362 1090 magistratus
388 1035 456 1076 ille
481 1036 605 1085 dicet,
633 1035 824 1076 secundis
850 1034 1036 1081 auribus,
1063 1049 1169 1087 quae
1194 1034 1245 1075 ab
1265 1043 1453 1076 nostrum

97 1112 179 1151 quo
210 1097 414 1147 dicentur,
452 1097 636 1138 adversis
672 1096 907 1150 accipietis?
954 1102 994 1136 at
1024 1096 1191 1136 hercule
1222 1110 1357 1137 sermo
1389 1104 1452 1138 est

97 1160 265 1200 minime
295 1159 446 1200 civilis:
484 1159 608 1213 quid?
643 1158 802 1213 rogatio
832 1157 964 1211 qualis
996 1163 1076 1206 051,
1114 1171 1238 1210 quam
1274 1173 1298 1198 a
1334 1158 1452 1200 vobis

97 1223 349 1275 antiquatam
391 1221 686 1276 indignantur?
744 1220 940 1268 sermoni,
985 1219 1188 1272 Quirites,
1233 1220 1451 1262 simillima.

99 1283 351 1325 “consules”
391 1283 522 1336 inquit
560 1287 711 1338 “rogo,
759 1297 811 1323 ne
848 1281 966 1323 vobis
1003 1296 1107 1335 quos
1144 1282 1278 1324 velitis
1315 1283 1451 1324 facere

99 1346 254 1387 liceat.’'
303 1361 355 1386 an
380 1345 496 1387 aliter
519 1352 654 1400 rogat,
686 1344 757 1398 qui
782 1344 921 1398 utique
947 1344 1119 1386 alterum
1145 1359 1197 1385 ex
1220 1344 1340 1400 plebe
1364 1346 1452 1387 fieri

99 1407 309 1449 consulem
333 1407 447 1449 iubet
470 1422 547 1448 nee
571 1407 675 1448 duos
700 1407 893 1461 patricios
919 1406 1084 1448 creandi
1108 1413 1355 1461 potestatem
1379 1423 1453 1449 vo-

97 1469 160 1511 bis
190 1469 411 1524 permittit?
454 1470 488 1510 si
517 1469 640 1510 hodie
671 1469 779 1510 bella
811 1469 909 1519 sint,
947 1469 1068 1523 quale
1097 1468 1324 1510 Etruscum
1360 1469 1450 1519 fuit,

97 1546 191 1572 cum
225 1531 401 1572 Porsina
434 1531 666 1572 Ianiculum
701 1526 868 1580 insedit,
912 1531 1032 1585 quale
1070 1529 1277 1572 Gallicum
1313 1532 1450 1581 modo,

97 1607 190 1633 cum
215 1599 376 1647 praeter
397 1592 647 1647 Capitolium
673 1599 795 1646 atque
820 1607 956 1634 arcem
981 1593 1119 1634 onmia
1144 1593 1245 1634 haec
1270 1593 1450 1634 hostium

97 1662 228 1703 erant,
256 1661 295 1695 et
319 1655 578 1695 consulatum
604 1669 698 1695 eum
717 1655 795 1696 hoc
813 1654 874 1696 M.
890 1655 1017 1695 Furio
1037 1661 1076 1695 et
1096 1654 1278 1708 quolibet
1298 1655 1376 1695 alio
1402 1670 1453 1695 ex

97 1716 283 1770 patribus
302 1716 356 1756 L.
376 1716 443 1756 ille
465 1715 632 1758 Sextius
652 1723 827 1770 peteret,
853 1717 1084 1771 possetisne
1109 1716 1233 1766 ferre,
1262 1715 1453 1758 Sextium

97 1778 209 1819 haud
238 1793 312 1832 pro
343 1778 468 1819 dubio
499 1779 710 1820 consulem
735 1793 846 1828 esse,
880 1778 1103 1819 Camillum
1128 1779 1179 1819 de
1204 1779 1368 1833 repulsa
1393 1780 1454 1819 (11-

99 1840 275 1880 micare?
310 1840 456 1880 hocine
481 1846 544 1881 est
567 1840 610 1880 in
635 1854 853 1881 commune
877 1840 1054 1881 honores
1080 1855 1245 1889 vocare,
1278 1847 1322 1881 ut
1347 1841 1450 1883 duos

100 1901 282 1956 plebeios
307 1901 396 1941 fieri
420 1901 610 1942 consules
635 1902 774 1951 liceat,
800 1902 903 1943 duos
929 1902 1121 1956 patricios
1147 1917 1230 1943 non
1247 1903 1385 1952 liceat,
1412 1910 1453 1944 et

99 1963 271 2004 alterum
297 1978 347 2004 ex
372 1962 490 2017 plebe
516 1963 643 2004 creari
666 1978 835 2005 necesse
862 1964 931 2013 sit,
957 1971 1176 2018 utrumque
1197 1980 1247 2005 ex
1265 1965 1450 2019 patribus

99 2025 317 2080 praeterire
341 2025 486 2066 liceat?
510 2040 711 2079 quaenam
735 2026 815 2067 ista
840 2026 1032 2076 societas,
1059 2041 1262 2079 quaenam
1288 2042 1453 2068 consor-

99 2087 154 2128 tio
174 2087 260 2128 est?
284 2102 429 2141 parum
450 2093 528 2136 051,
557 2087 608 2136 51,
636 2087 752 2128 0111115
777 2103 872 2142 pars
898 2095 968 2129 tua
992 2088 1104 2129 nulla
1129 2088 1262 2129 adhue
1288 2088 1384 2138 fuit,
1411 2089 1452 2129 in

99 2155 256 2202 partem
287 2149 373 2190 cius
403 2149 538 2198 venis,
574 2149 654 2190 nisi
682 2155 841 2204 partem
876 2151 1052 2204 petendo
1090 2157 1221 2191 totum
1256 2151 1453 2192 traxeris?

102 2210 284 2251 “timeo'’
315 2211 448 2264 inquit
479 2215 579 2261 “ne,
613 2211 647 2252 si
678 2212 782 2253 duos
812 2212 951 2253 licebit
980 2213 1109 2253 creari
1138 2213 1349 2266 patricios,
1382 2228 1452 2254 ne-

100 2271 252 2312 minem
287 2272 430 2313 creetis
466 2272 709 2327 plebeium.'’
757 2274 856 2327 quid
892 2281 954 2315 est
990 2274 1125 2315 dicere
1155 2275 1284 2316 aliut:
1324 2275 1452 2328 “quia

99 2333 290 2388 indignos
316 2341 452 2375 vestra
475 2334 684 2376 voluntate
710 2336 885 2376 creaturi
909 2351 991 2377 non
1017 2336 1135 2386 estis,
1162 2337 1451 2377 necessitatem

100 2395 216 2436 vobis
248 2396 412 2436 creandi
442 2410 545 2450 quos
574 2412 657 2438 non
687 2398 810 2439 vultis
840 2397 1088 2452 inponam?”
1123 2398 1223 2451 quid
1254 2399 1449 2452 sequitur,

100 2457 178 2497 nisi
203 2463 247 2497 ut
271 2472 321 2498 ne
347 2457 592 2499 beneficium
616 2460 782 2512 quidem
808 2459 955 2500 debeat
973 2460 1146 2514 populo,
1173 2460 1208 2501 si
1233 2475 1326 2500 cum
1352 2461 1452 2502 duo-

99 2517 176 2559 bus
201 2519 381 2573 patriciis
407 2535 512 2561 unus
537 2520 698 2575 petierit
722 2520 908 2575 plebeius
933 2528 974 2562 et
997 2522 1089 2577 lege
1115 2536 1176 2571 50,
1202 2537 1286 2563 11011
1305 2523 1452 2563 suffra-

98 2579 167 2635 gio
193 2589 375 2622 creatum
400 2582 532 2623 dicat?

183 2642 411 2685 XXXXI.
440 2643 535 2697 Quo
550 2645 674 2687 modo
688 2651 969 2699 extorqueant,
984 2660 1066 2687 non
1078 2660 1160 2700 quo
1174 2646 1296 2687 modo
1310 2653 1447 2701 petant

1482 737 1520 766 13

1481 923 1518 951 14

1480 1108 1518 1136 15

1481 1357 1519 1386 lo·

1480 1482 1517 1510 17

1482 1852 1519 1882 18

1480 2226 1518 2255 19

1478 2660 1489 2690 1
