1780 3204
447 249 602 283 LIBER
626 249 700 292 111,
726 248 780 282 32.
801 248 855 282 33.
882 250 930 292 [a.
946 246 1193 290 C.455-451]
1422 236 1501 276 155)

143 355 232 397 orti.
270 355 353 394 iam
378 353 581 394 redierant
604 352 731 407 legati
750 367 843 393 cum
862 350 1014 392 Atticis
1033 350 1215 406 legibus,
1242 364 1291 390 eo
1309 348 1504 389 intentius
1532 362 1549 390 (3

143 415 351 458 instabant
375 415 544 464 tribuni,
576 422 622 455 ut
647 414 811 455 tandem
838 413 1147 455 scribendarum
1171 412 1313 468 legum
1342 411 1504 452 initium

144 479 270 520 fieret.
319 477 454 532 placet
489 476 617 517 creari
653 475 908 516 decemviros
946 475 1033 516 sine
1064 474 1354 529 provocatione
1385 479 1426 513 et
1455 486 1506 513 ne

144 540 236 595 quis
273 554 321 581 eo
358 553 465 580 anno
502 539 605 579 alius
642 538 908 593 magistratus
946 544 1067 578 esset.
1129 536 1505 577 admiscerenturne
1534 549 1550 578 ῖ

144 602 298 657 plebei,
325 601 604 643 controversia
628 600 880 654 aliquamdiu
905 600 1002 650 fuit,
1027 605 1237 654 postremo
1263 612 1507 639 eoncessum

145 663 350 719 patribus,
382 663 504 704 modo
535 677 586 703 ne
616 662 684 702 lex
708 662 825 703 Icilia
849 662 900 703 de
925 661 1134 702 Aventino
1161 661 1346 714 aliaeque
1373 674 1509 701 sacra-

145 734 212 767 tae
236 726 351 780 leges
377 725 685 780 abrogarentur.

229 787 457 829 XXXIII.
506 786 632 828 Anno
669 786 958 827 trecentesimo
996 785 1122 826 altero
1180 800 1306 839 quam
1342 783 1546 826 condita}

144 851 280 891 Roma
305 856 407 899 erat,
433 849 580 891 iterum
605 855 787 890 mutatur
811 849 944 889 forma
969 848 1145 889 civitatis
1190 846 1242 888 ab
1268 845 1507 888 consulibus

146 913 198 953 ad
229 911 502 961 decemviros,
542 911 891 964 quemadmodum
922 910 973 951 ab
1005 910 1173 965 regibus
1205 916 1299 950 ante
1331 909 1384 950 ad
1414 923 1510 949 con-

147 974 256 1014 sules
281 980 466 1022 venerat,
493 973 689 1013 translato
708 973 892 1027 imperio.
931 972 1067 1013 minus
1087 971 1282 1027 insignis,
1309 970 1406 1024 quia
1424 985 1508 1011 non

146 1036 355 1084 diuturna,
392 1034 563 1076 mutatio
595 1034 685 1075 fuit.
733 1034 841 1075 laeta
871 1034 981 1075 enim
1011 1034 1212 1088 principia
1241 1033 1507 1087 magistratus

146 1097 234 1138 eius
260 1097 381 1137 nimis
411 1096 689 1146 luxuriavere3
727 1111 775 1136 eo
807 1096 926 1136 citius
951 1096 1068 1150 lapsa
1091 1110 1157 1136 res
1184 1101 1246 1135 est
1270 1093 1510 1148 repetitum-

146 1173 244 1212 que,
276 1158 438 1199 duobus
470 1158 530 1198 uti
559 1157 822 1198 mandaretur
852 1157 1069 1198 consulum
1094 1171 1245 1196 nomen
1271 1154 1508 1209 imperium-

145 1234 238 1273 que.
287 1219 507 1260 decemviri
533 1219 657 1259 creati
680 1218 846 1273 Appius
875 1218 1096 1267 Claudius,
1125 1217 1174 1258 T.
1197 1215 1430 1265 Genucius,
1456 1215 1505 1256 P.
1535 1231 1552 1258 :3

146 1281 326 1330 Sestius,
353 1282 406 1322 L.
422 1280 637 1330 Veturius,
666 1279 715 1322 C.
735 1280 882 1330 Iulius,
909 1279 963 1321 A.
983 1279 1182 1330 Manlius,
1209 1280 1259 1320 P.
1283 1279 1506 1334 Sulpicius,

143 1343 192 1383 P.
215 1342 437 1392 Curiatius,
459 1342 508 1383 T.
528 1342 746 1392 Romilius,
775 1341 849 1397 Sp.
869 1342 1126 1384 Postumius.
1167 1342 1344 1383 Claudio
1365 1348 1403 1382 et
1425 1339 1509 1382 Ge-
1535 1357 1554 1385 4

143 1405 281 1454 uncio,
309 1405 405 1458 quia
430 1404 635 1460 designati
660 1404 850 1446 consules
875 1405 918 1446 in
937 1420 1031 1446 eum
1051 1420 1205 1446 annum
1225 1405 1407 1453 fuerant,
1433 1418 1507 1458 pro

143 1467 296 1508 honore
326 1467 456 1508 honos
487 1467 671 1507 redditus
703 1473 743 1507 et
770 1465 927 1516 Sestio,
966 1467 1082 1508 alteri
1113 1466 1330 1508 consulum
1361 1465 1507 1520 prioris

145 1529 258 1578 anni,
290 1529 402 1582 quod
426 1544 517 1570 eam
541 1544 628 1570 rem
681 1529 841 1584 collega
865 1529 994 1570 invito
1047 1529 1100 1570 ad
1130 1536 1268 1584 patres
1300 1527 1506 1569 retulerat.

143 1592 208 1634 his
237 1592 414 1647 proximi
443 1592 573 1633 habiti
602 1592 728 1647 legati
758 1598 862 1642 tres,
894 1592 965 1645 qui
989 1591 1180 1633 Athenas
1205 1592 1353 1640 ierant,
1388 1589 1508 1630 simul
1536 1605 1554 1633 5

145 1660 190 1694 ut
213 1669 287 1708 pro
311 1654 517 1709 legatione
542 1660 626 1694 tam
650 1654 878 1709 longinqua
906 1654 1090 1708 praemio
1124 1660 1234 1694 esset
1264 1653 1416 1701 honos,
1456 1652 1510 1691 si-

146 1716 232 1756 mul
261 1716 413 1769 peritos
443 1716 585 1771 legum
614 1717 924 1771 peregrinarum
956 1716 1008 1756 ad
1039 1716 1254 1757 condenda
1283 1730 1392 1755 nova
1421 1714 1511 1754 iura

147 1776 243 1817 usui
265 1777 353 1817 fore
379 1777 611 1818 credebant.
662 1778 906 1832 supplevere
932 1778 1056 1818 ceteri
1079 1792 1311 1818 numerum.
1360 1790 1508 1831 graves
1536 1790 1553 1819 6

150 1852 313 1891 quoque
350 1845 482 1879 aetate
520 1839 671 1879 eleetos
708 1840 944 1880 novissimis
983 1839 1192 1893 suffragiis
1230 1839 1384 1887 ferunt,
1428 1852 1510 1891 quo

148 1899 284 1940 minus
309 1899 500 1940 ferociter
524 1900 695 1941 aliorum
723 1901 835 1941 scitis
861 1901 1188 1942 adversarentur.
1237 1900 1425 1955 regimen
1449 1906 1510 1940 to·
1538 1914 1552 1942 ῖ

150 1961 229 2001 tius
255 1961 520 2016 magistratus
545 1976 672 2015 penes
697 1961 886 2016 Appium
917 1969 1003 2003 erat
1032 1962 1173 2003 favore
1204 1961 1356 2016 plebis,
1389 1961 1511 2002 adeo-

151 2038 230 2076 que
261 2038 416 2064 novum
447 2023 526 2064 sibi
555 2024 767 2078 ingenium
798 2024 1003 2074 induerat,
1041 2031 1086 2064 ut
1116 2023 1320 2078 plebicola
1342 2029 1510 2078 repente

150 2085 366 2138 omnisque
392 2099 514 2126 aurae
539 2086 748 2139 popularis
775 2092 959 2140 captator
984 2086 1175 2126 evaderet
1199 2100 1273 2140 pro
1298 2085 1404 2126 truci
1423 2099 1512 2136 sae-

150 2161 285 2200 voque
309 2147 554 2188 insectatore
578 2147 725 2202 plebis.

233 2208 425 2250 Decumo
450 2209 515 2249 die
539 2209 603 2250 ius
628 2210 782 2264 populo
808 2210 960 2265 singuli
989 2209 1227 2251 reddebant.
1277 2224 1325 2251 eo
1350 2210 1416 2250 die
1440 2224 1512 2264 pe-
1536 2226 1555 2254 ε

150 2285 223 2311 nes
264 2270 518 2325 praefectum
560 2271 659 2312 iuris
707 2271 841 2313 fasces
885 2272 1102 2312 duodecim
1145 2277 1277 2321 erant,
1327 2271 1510 2328 conlegis

151 2346 300 2372 novem
326 2332 477 2387 singuli
502 2333 665 2374 accensi
690 2333 955 2388 apparebant.
1005 2344 1045 2374 et
1068 2334 1111 2374 in
1141 2334 1262 2374 unica
1294 2334 1512 2375 concordia

151 2393 256 2434 inter
279 2393 410 2448 ipsos,
437 2394 508 2447 qui
533 2409 758 2435 consensus
783 2396 953 2450 privatis
978 2395 1182 2436 interdum
1207 2395 1362 2437 inutilis
1388 2403 1509 2446 esset,

152 2471 313 2496 summa
337 2456 536 2497 adversus
563 2457 663 2498 alios
689 2458 875 2510 aequitas
902 2464 999 2498 erat.
1049 2458 1342 2499 moderationis
1368 2472 1509 2500 eorum
1537 2472 1553 2502 9

151 2524 440 2572 argumentum
475 2519 662 2573 exemplo
698 2519 820 2560 unius
856 2520 915 2560 rei
950 2526 1117 2561 notasse
1149 2519 1248 2561 satis
1280 2520 1373 2561 erit:
1417 2535 1511 2561 cum

152 2579 239 2619 sine
275 2580 564 2633 provocatione
601 2581 726 2622 creati
761 2588 917 2631 essent,
962 2582 1128 2623 defosso
1166 2582 1364 2623 cadavere
1400 2582 1511 2623 domi

150 2641 261 2695 apud
288 2640 490 2692 Sestium,
516 2643 711 2696 patriciae
735 2643 871 2698 gentis
897 2644 1048 2693 virum,
1074 2644 1243 2685 invento
1267 2644 1507 2699 prolatoque
1535 2658 1576 2688 10

150 2702 193 2744 in
220 2703 470 2753 contionem,
497 2704 538 2744 in
562 2720 606 2746 re
631 2705 746 2746 iuxta
769 2705 989 2748 manifesta
1014 2712 1136 2760 atque
1163 2707 1290 2748 atroci
1310 2705 1358 2748 C.
1378 2706 1510 2748 Iulius

1534 983 1552 1011 Ν)
