1780 3204
419 246 572 281 LIBER
592 247 639 287 II,
661 245 805 280 18—20.
840 246 889 287 [a.
906 243 948 278 C.
963 241 1159 284 502-499]
1416 234 1466 274 81

112 353 152 391 in
178 351 359 392 animum
384 349 654 390 induxissent.
704 347 855 388 bellum
881 347 1096 390 indictum:
1123 346 1269 387 tacitae
1287 346 1468 386 indutiae

112 413 296 466 quietum
322 426 477 452 annum
501 417 682 450 tenuere.

196 472 391 514 XVIIII.
431 471 636 513 Consules
664 469 834 512 Servius
862 469 1090 525 Sulpicius,
1117 470 1285 511 Manius
1307 469 1468 510 Tullius

112 562 161 565 —
185 535 285 575 nihil
304 535 476 589 dignum
495 534 693 574 memoria
711 540 848 574 actum
869 558 935 583 —,
963 533 1013 573 T.
1035 532 1242 574 Aebutius
1263 531 1410 572 deinde
1431 537 1471 571 et

113 597 382 639 C.Vetusius.
409 596 473 636 his
495 595 733 637 consulibus
747 595 930 635 Fidenae
951 594 1158 643 obsessae,
1182 593 1467 635 Crustumeria

111 666 247 713 capta,
285 658 510 699 Praeneste
541 657 592 698 ab
624 657 787 697 Latinis
819 657 872 697 ad
901 657 1112 697 Romanos
1144 656 1330 697 descivit.
1390 669 1467 695 1100

110 721 216 761 ultra
241 720 395 761 bellum
419 720 618 760 Latinum
649 719 828 773 gliscens
859 718 942 758 iani
972 733 1045 772 per
1069 718 1226 770 aliquot
1251 731 1380 757 annos
1407 716 1468 756 di-

111 783 249 822 latum.
309 781 446 822 Aulus
477 780 719 821 Postumius
757 780 947 829 dictator,
988 779 1106 820 Titus
1137 778 1345 820 Aebutius
1382 793 1469 819 ma-

109 844 237 898 gister
274 843 457 896 equitum
493 842 655 896 magnis
693 842 820 895 copiis
856 841 1042 895 peditum
1079 841 1345 894 equitumque
1375 854 1469 894 pro-

110 905 218 953 fecti,
240 905 292 945 ad
310 905 445 945 lacum
458 903 668 958 Regillum
687 903 729 942 in
748 917 847 957 agro
862 902 1099 942 Tusculano
1120 902 1274 956 agmini
1288 902 1468 942 hostium

110 973 371 1007 occurrerunt
392 972 449 1014 et,
476 965 570 1018 quia
586 964 833 1017 Tarquinios
854 978 945 1004 esse
965 964 1006 1003 in
1027 964 1208 1004 exercitu
1221 964 1467 1004 Latinorum

110 1028 294 1068 auditum
321 1034 401 1076 est,
429 1026 620 1068 sustineri
644 1026 704 1066 ira
727 1040 809 1066 non
834 1025 983 1079 potuit,
1016 1025 1117 1078 quin
1142 1024 1347 1078 extemplo
1373 1039 1469 1065 con-

108 1089 306 1144 fligerent.
345 1103 442 1143 ergo
469 1088 591 1128 etiam
615 1087 817 1141 proelium
842 1087 1050 1139 aliquanto
1076 1101 1202 1139 quam
1221 1094 1355 1126 cetera
1374 1101 1468 1139 gra-

109 1151 198 1190 vius
236 1158 357 1203 atque
399 1149 576 1190 atrocius
608 1149 698 1188 suit.
747 1163 830 1188 non
861 1148 969 1188 enim
1001 1148 1127 1188 duces
1160 1147 1213 1187 ad
1242 1147 1466 1202 regendam

107 1214 228 1254 modo
260 1212 429 1253 consilio
458 1227 545 1252 rem
576 1211 764 1260 adfuere,
804 1210 877 1251 sed
908 1210 1080 1250 suismet
1110 1210 1190 1264 ipsi
1226 1208 1466 1264 corporibus

106 1275 346 1315 dimicantes
377 1274 578 1314 miscuere
610 1273 843 1314 certamina.
893 1287 968 1313 nec
1000 1272 1219 1326 quisquam
1249 1286 1466 1327 procerum

106 1336 233 1376 ferme
259 1336 335 1377 hac
360 1343 430 1376 aut
454 1335 524 1376 illa
549 1350 600 1376 ex
625 1335 711 1376 acie
738 1335 824 1376 sine
851 1335 1019 1375 vulnere
1044 1341 1206 1389 praeter
1225 1335 1465 1374 dictatorem

104 1398 339 1438 Romanuin
376 1397 565 1438 excessit.
620 1397 662 1437 in
697 1397 960 1438 Postumium
997 1397 1130 1451 prima
1165 1397 1207 1436 in
1244 1396 1330 1437 acie
1368 1410 1464 1435 suos

105 1459 389 1500 adhortantem
414 1460 765 1512 instruentemque
786 1459 1037 1512 Tarquinius
1060 1458 1294 1513 Superbus,
1321 1472 1466 1511 quam-

105 1536 228 1574 quam
253 1522 333 1562 iam
360 1528 492 1562 aetate
518 1529 557 1562 et
582 1521 737 1563 viribus
770 1528 855 1562 erat
885 1522 1067 1576 gravior,
1106 1536 1258 1574 equum
1288 1519 1464 1560 infestus

105 1585 269 1625 admisit
304 1585 493 1638 ictusque
525 1585 576 1625 ab
606 1585 732 1625 latere
765 1599 969 1625 concursu
1002 1599 1171 1625 suorum
1201 1590 1391 1637 receptus
1422 1582 1465 1622 in

105 1652 238 1686 tutum
269 1654 348 1696 est3
386 1654 426 1687 et
455 1647 507 1687 ad
537 1647 709 1686 alterum
741 1660 866 1686 cornu
890 1645 1099 1686 Aebutius
1130 1645 1328 1700 magister
1352 1643 1466 1696 equi-

106 1715 193 1747 tum
216 1708 259 1747 in
280 1707 503 1749 Octavium
522 1708 756 1748 Mamilium
795 1707 981 1762 inpetum
1007 1708 1192 1755 dederat,
1219 1720 1294 1746 nec
1319 1704 1464 1745 fefellit

106 1769 274 1808 veniens
302 1769 584 1809 Tusculanum
616 1770 781 1818 ducem,
819 1779 960 1811 contra
985 1784 1108 1822 quem
1133 1775 1172 1808 et
1196 1768 1264 1807 ille
1290 1767 1465 1807 concitat

107 1844 276 1882 equum3
315 1838 509 1882 tantaque
540 1831 602 1870 vis
634 1830 796 1870 infestis
836 1831 1085 1870 venientium
1121 1829 1251 1869 hastis
1288 1828 1384 1876 fuit,
1421 1837 1465 1867 ut

106 1891 319 1931 brachium
343 1890 526 1931 Aebutio
557 1891 772 1931 traiectum
803 1891 872 1939 sit,
904 1890 1093 1931 Mamilio
1124 1898 1268 1944 pectus
1299 1904 1467 1943 percus-

109 1967 212 1992 sum.
262 1951 371 1992 hune
402 1952 567 2004 quidem
598 1952 638 1991 in
672 1952 895 1992 secundam
927 1952 1057 1992 aciem
1087 1951 1229 1992 Latini
1260 1965 1462 2004 recepere,

111 2013 313 2054 Aebutius
346 2028 441 2054 011111
473 2013 612 2053 saucio
648 2012 816 2053 brachio
853 2021 990 2053 tenere
1027 2012 1155 2053 telum
1190 2027 1274 2053 non
1308 2019 1462 2066 posset,

106 2090 247 2130 pugna
284 2075 471 2116 excessit.
531 2075 709 2116 Latinus
746 2075 848 2124 dux,
891 2075 993 2115 nihil
1029 2075 1244 2116 deterritus
1282 2074 1460 2123 volnere,

106 2137 306 2191 proelium
343 2137 422 2178 ciet
457 2144 513 2186 et,
558 2137 654 2189 quia
691 2151 787 2177 suos
824 2137 1036 2190 perculsos
1073 2136 1257 2185 videbat,
1295 2136 1465 2177 arcessit

107 2199 316 2239 cohortem
353 2199 520 2239 exulum
550 2198 851 2248 Romanorum,
889 2199 956 2239 0111
985 2199 1095 2239 Luci
1126 2198 1326 2251 Tarquini
1355 2198 1463 2238 filius

107 2268 303 2314 praeerat.
353 2276 419 2309 ea,
459 2275 540 2314 quo
571 2261 724 2301 maiore
754 2260 966 2315 pugnabat
996 2261 1055 2301 ira
1092 2259 1144 2301 ob
1181 2267 1320 2314 erepta
1355 2260 1463 2301 bona

107 2322 361 2376 patriamque
387 2323 640 2376 ademptam,
666 2337 850 2377 pugnam
874 2337 1094 2376 parumper
1118 2322 1307 2362 restituit.

190 2383 298 2424 XX.
348 2383 639 2424 Referentibus
670 2384 752 2424 iam
784 2384 931 2438 pedem
957 2383 1008 2424 ab
1035 2398 1083 2424 ea
1107 2390 1222 2438 parte
1246 2383 1460 2432 Romanis,

106 2444 166 2485 M.
187 2444 397 2494 Valerius,
423 2445 662 2486 Publicolae
688 2445 824 2495 frater,
858 2446 1119 2499 conspicatus
1144 2445 1323 2486 ferocem
1348 2446 1462 2485 iuve-

106 2521 199 2547 nem
231 2506 501 2560 Tarquinium
532 2514 807 2548 ostentantem
838 2522 882 2548 se
912 2508 952 2547 in
987 2507 1120 2561 prima
1156 2508 1324 2547 exulum
1360 2507 1459 2556 acie,

106 2569 329 2609 domestica
356 2570 477 2609 etiam
501 2569 632 2624 gloria
657 2583 873 2618 accensus,
900 2577 961 2618 ut,
989 2570 1104 2609 cuius
1130 2569 1310 2610 familiae
1336 2569 1460 2610 decus

106 2631 222 2670 eiecti
252 2645 371 2686 reges
404 2640 535 2680 erant,
574 2631 758 2671 eiusdem
788 2631 991 2672 interfecti
1021 2631 1172 2679 forent,
1211 2630 1349 2671 subdit
1379 2630 1461 2671 cal-

106 2693 214 2734 caria
234 2708 339 2746 equo
359 2700 397 2734 et
418 2693 688 2746 Tarquinium
708 2692 859 2734 infesto
881 2693 1038 2747 spiculo
1056 2693 1169 2746 petit.
1210 2691 1458 2746 Tarquinius

176 2771 236 2797 Liti
260 2772 311 2796 rol.
330 2771 348 2796 1.
1211 2759 1231 2790 fi

1498 486 1510 513 1

1495 608 1512 637 2

1492 1659 1507 1685 «1

1491 1840 1509 1869 S

1491 1965 1508 1993 9

1493 2089 1531 2116 10

1487 2581 1504 2610 2

1487 2706 1502 2717 n

1486 2721 1504 2734 ι)
