1780 3204
476 250 628 285 LIBER
652 250 779 292 VIIII,
804 251 835 285 9.
856 250 908 284 10.
937 252 984 294 [a.
1001 248 1133 295 C.320]
1403 240 1482 281 451

125 370 242 398 301103
269 355 320 397 ab
345 354 468 396 domo
493 355 545 395 ad
571 354 886 396 consultandum
913 359 1191 403 accerserunt,
1217 352 1377 394 mittere
1396 353 1482 394 Ro-

124 433 234 459 mam
258 418 429 472 legatos,
452 431 546 457 eum
573 424 728 466 senatu,
750 431 843 457 eum
868 416 1020 471 populo
1041 416 1090 457 de
1115 431 1217 471 paee
1242 430 1290 457 ae
1315 415 1481 456 foedere

124 480 272 535 agere?
308 479 430 520 tridui
462 479 538 519 iter
568 479 769 534 expeditis
802 485 899 520 erat.
953 479 1109 519 interea
1138 479 1183 519 in
1212 478 1379 519 indutiis
1415 493 1480 519 res

125 543 290 591 fuisset,
324 542 454 582 donee
485 540 536 582 ab
562 541 698 582 Roma
727 541 852 596 legati
883 547 954 582 aut
978 541 1192 582 victoriam
1222 541 1301 581 illis
1328 546 1481 582 certam

125 611 195 644 aut
219 618 363 658 pacem
389 603 607 644 adferrent.
651 618 700 644 ea
725 604 890 644 deinum
917 603 1084 657 sponsio
1110 609 1232 652 esset,
1259 617 1383 656 quam
1407 618 1481 657 po-

124 666 211 720 puli
242 666 360 706 iussu
385 665 764 719 spopondissemus.
815 665 889 707 sed
918 680 1052 718 neque
1077 680 1151 706 vos
1178 665 1375 706 tulissetis
1402 679 1478 706 nee

126 743 200 769 nos
223 728 602 782 spopondissemus,
620 742 696 769 nee
715 728 778 769 fas
799 728 879 768 fuit
898 728 1023 768 alium
1042 743 1180 768 rerum
1202 728 1357 768 exitum
1377 742 1481 776 esse,

126 805 251 843 quam
276 796 320 830 ut
344 790 402 830 illi
429 790 539 830 velut
564 791 724 831 somnio
748 791 914 831 laetiore
941 805 1064 843 quam
1090 791 1201 844 quod
1227 797 1385 831 mentes
1412 804 1481 831 eo-

125 867 216 892 rum
249 866 394 906 capere
424 859 595 906 possent
630 853 880 906 nequiquam
918 853 1181 893 eluderentur
1217 859 1257 894 et
1292 859 1479 894 nostrum

126 914 348 954 exercitum
369 914 511 954 eadem
532 929 636 967 quae
660 915 887 969 inpedierat
907 914 1071 955 fortuna
1090 915 1312 969 expediret,
1333 930 1482 955 vanam

125 976 338 1017 victoriam
368 976 510 1016 vanior
542 977 704 1017 inritam
734 977 889 1018 faceret
917 992 1018 1032 pax,
1051 978 1220 1032 sponsio
1250 977 1483 1032 interpone-

125 1044 247 1087 retur,
280 1053 384 1091 quae
415 1038 622 1079 neminem
653 1045 814 1093 praeter
846 1054 1088 1093 sponsorem
1120 1039 1333 1093 obligaret.
1384 1038 1482 1091 quid

126 1100 234 1140 enim
259 1100 495 1149 vobiscum,
528 1107 664 1154 patres
691 1102 930 1155 conscripti,
963 1100 1063 1154 quid
1094 1115 1187 1141 cum
1218 1100 1372 1154 populo
1397 1100 1484 1140 Ro-

126 1177 247 1202 mano
266 1170 402 1202 aetum
428 1162 514 1202 est?
544 1163 636 1215 quis
656 1178 730 1203 vos
751 1163 956 1217 appellare
974 1169 1122 1216 potest,
1144 1162 1236 1215 quis
1258 1176 1301 1201 se
1322 1178 1343 1202 a
1364 1161 1482 1202 vobis

126 1224 260 1264 dicere
286 1224 528 1277 deceptum?
551 1224 682 1264 hostis
703 1240 755 1264 an
775 1224 903 1265 civis?
928 1224 1036 1264 hosti
1061 1224 1162 1264 nihil
1189 1224 1481 1278 spopondistis,

125 1286 258 1326 civem
288 1286 493 1326 neminem
527 1286 729 1340 spondere
758 1301 833 1340 pro
860 1286 977 1327 vobis
1009 1287 1201 1327 iussistis.
1250 1287 1351 1327 nihil
1382 1302 1481 1342 ergo

124 1346 242 1387 vobis
268 1362 343 1387 nee
368 1347 584 1388 nobiscum
612 1354 686 1397 est,
714 1348 864 1401 quibus
891 1348 992 1389 1111111
1017 1349 1258 1398 mandastis,
1284 1364 1361 1390 nee
1387 1364 1480 1390 011111

128 1407 404 1457 Samnitibus,
438 1424 531 1450 cum
557 1409 706 1463 quibus
734 1410 833 1450 nihil
866 1411 1021 1465 egistis.
1074 1410 1331 1453 Samnitibus
1358 1426 1482 1466 spon-

126 1484 239 1511 sores
271 1485 346 1511 nos
380 1486 522 1512 sumus
553 1471 612 1512 rei
644 1472 742 1513 satis
773 1472 999 1527 locupletes
1025 1473 1134 1514 inid
1159 1474 1271 1527 quod
1296 1480 1482 1514 nostrum

126 1539 199 1582 031,
225 1532 265 1572 111
285 1532 326 1572 1(1
345 1533 457 1586 quod
481 1540 690 1587 praestare
714 1549 950 1588 possumus,
973 1549 1143 1589 corpora
1167 1542 1308 1576 nostra
1333 1541 1373 1575 et
1397 1535 1484 1575 ani-

125 1609 233 1635 mos:
259 1594 300 1635 in
319 1594 421 1635 haee
442 1595 638 1644 saeviant,
658 1596 701 1636 in
720 1596 822 1636 haee
842 1596 1008 1645 ferrum,
1029 1597 1071 1636 111
1090 1597 1191 1637 11300
1210 1597 1291 1637 iras
1318 1604 1479 1637 acuant.

124 1657 234 1710 quod
253 1657 305 1698 ad
325 1656 507 1697 tribunos
528 1657 684 1707 attinet,
706 1659 920 1707 consulite,
946 1665 1082 1699 utrum
1107 1673 1303 1713 praesens
1329 1659 1482 1699 deditio

125 1733 265 1759 eorum
296 1719 384 1759 fieri
414 1719 546 1773 possit
577 1734 628 1760 an
653 1720 692 1759 111
720 1720 829 1760 diem
855 1720 1085 1761 differatur:
1122 1735 1197 1761 nos
1223 1720 1403 1770 interim,
1431 1720 1480 1761 T.

125 1779 271 1820 Veturi
295 1794 452 1832 vosque
479 1781 614 1830 ceteri,
642 1781 738 1822 vilia
762 1781 866 1822 haee
891 1782 1025 1835 capita
1049 1781 1223 1822 luendae
1250 1782 1482 1836 sponsionis

125 1842 307 1883 feramus
334 1849 373 1882 et
399 1850 538 1884 nostro
565 1843 766 1898 supplicio
792 1843 1014 1884 liberemus
1040 1844 1230 1885 Romana
1255 1844 1392 1885 arma.’

210 1903 270 1944 X.
313 1903 449 1945 Movit
479 1912 615 1958 patres
649 1906 902 1960 conscriptos
935 1921 1028 1946 eum
1060 1920 1185 1947 causa
1215 1912 1301 1946 tum
1327 1912 1480 1956 auctor,

126 1980 201 2006 nee
221 1972 377 2007 ceteros
399 1966 544 2016 solum,
567 1967 640 2008 sed
661 1967 844 2009 tribunos
866 1968 988 2008 etiam
1007 1967 1154 2022 plebei,
1176 1975 1220 2009 ut
1240 1984 1283 2010 se
1304 1968 1345 2008 in
1366 1983 1484 2009 sena—

127 2034 193 2068 tus
220 2028 400 2068 dicerent
426 2028 512 2069 fore
536 2035 794 2083 potestatem.
832 2030 1075 2085 magistratu
1099 2030 1193 2071 inde
1214 2045 1257 2071 se
1278 2031 1482 2085 extemplo

127 2089 439 2140 abdicaverunt,
479 2091 697 2144 traditique
734 2091 941 2132 fetialibus
973 2107 1067 2132 eum
1098 2093 1242 2133 ceteris
1276 2092 1482 2134 Caudium

127 2152 315 2192 ducendi.
365 2152 442 2193 hoc
474 2159 640 2194 senatus
673 2154 859 2195 consulto
890 2154 999 2195 facto
1024 2154 1096 2195 lux
1120 2155 1323 2208 quaedam
1349 2155 1484 2196 adful-

129 2214 232 2255 sisse
258 2214 411 2254 civitati
437 2215 526 2256 visa
552 2221 625 2256 est.
674 2215 916 2257 Postumius
942 2216 984 2256 in
1009 2231 1077 2257 ore
1103 2223 1206 2266 erat,
1234 2232 1327 2258 011111
1351 2217 1483 2258 laudi-

127 2274 204 2315 bus
232 2276 282 2315 ad
310 2276 468 2316 caelum
493 2276 690 2327 ferebant,
718 2278 925 2319 devotioni
949 2277 998 2319 P.
1024 2277 1147 2319 Decii
1172 2279 1364 2329 consulis,
1391 2278 1481 2320 aliis

129 2337 248 2378 claris
280 2337 530 2379 facinoribus
563 2339 806 2392 aequabant.
856 2341 1072 2381 emersisse
1104 2341 1308 2382 civitatem
1335 2356 1387 2382 ex
1411 2340 1513 2382 ob·->

127 2399 251 2439 noxia
274 2414 375 2453 pace
400 2400 508 2441 1111113
534 2401 704 2442 001131110
724 2409 763 2442 01
788 2417 924 2456 opera,
951 2402 1087 2456 ipsum
1108 2417 1150 2443 se
1170 2402 1417 2444 cruciatibus
1443 2410 1484 2444 01

128 2460 306 2501 hostium
331 2461 414 2501 irae
440 2462 586 2503 offerre
610 2463 852 2517 piaculaque
877 2479 953 2518 pro
978 2464 1131 2518 populo
1156 2464 1345 2505 Romano
1371 2465 1480 2506 dare.

128 2537 242 2562 arma
266 2523 401 2563 cuncti
427 2531 614 2578 spectant
639 2532 679 2566 et
702 2525 873 2567 bellum:
911 2541 961 2567 en
988 2541 1183 2580 umquam
1208 2526 1411 2577 futurum,
1438 2534 1482 2568 ut

129 2584 323 2638 congredi
348 2586 514 2626 armatis
541 2601 633 2627 eum
661 2585 846 2628 Sanmite
870 2587 1014 2629 liceat?

211 2646 261 2686 In
281 2646 443 2688 civitate
469 2648 528 2689 ira
553 2649 728 2702 odioque
753 2650 922 2691 ardente
947 2650 1120 2691 dilectus
1145 2666 1272 2706 prope
1297 2651 1479 2692 omnium

128 2708 449 2751 voluntariorum
481 2710 569 2752 fuit.
619 2712 839 2767 rescriptae
866 2728 916 2754 cx
942 2713 1086 2754 eodem
1118 2713 1244 2754 milite
1269 2729 1399 2755 novae
1424 2714 1482 2755 lc-

1199 2779 1266 2813 29*

1510 491 1548 521 13

1509 679 1549 707 14

1510 866 1549 894 1.)

1513 1046 1549 1074 lt}

1511 1298 1548 1325 1?

1512 1668 1548 1696 12)

1509 2040 1526 2068 [Ο
