1780 3204
501 277 654 312 LIBER
677 277 748 321 VI,
775 276 827 310 18.
856 277 903 320 [a.
917 273 957 310 C.
971 275 1047 309 385.
1061 274 1143 319 384]
1417 263 1500 303 323

143 385 269 425 minia
292 397 433 424 reeens
458 383 500 423 in
525 381 661 423 animo
687 380 739 421 ad
759 378 1049 421 contumeliam
1068 378 1302 432 inexperto3
1331 375 1497 432 spiritus

143 446 284 495 dabat,
310 445 421 499 quod
446 459 521 485 nee
546 457 672 485 ausus
698 448 806 484 esset
830 442 940 482 idem
965 441 1007 481 in
1033 455 1078 482 se
1103 440 1288 489 dictator,
1322 438 1433 492 quod
1456 439 1499 478 in

147 509 298 564 Spurio
322 506 478 548 Maelio
500 505 772 547 Cincinnatus
794 503 1013 557 Quinctius
1039 503 1225 552 fecisset,
1251 508 1292 542 et
1316 500 1501 542 vinculo-

145 587 235 611 rum
262 584 429 611 suorum
454 568 651 609 invidiam
674 582 758 608 non
783 567 957 607 dictator
980 565 1104 606 modo
1124 563 1353 606 abdicando
1373 563 1501 604 dicta-

146 640 277 673 turam
302 631 496 686 fugisset,
524 630 598 670 sed
619 644 670 670 ne
691 635 857 670 senatus
877 628 1043 682 quidem
1065 626 1266 668 sustinere
1284 625 1500 681 potuisset.

230 694 312 736 His
332 693 454 735 simul
473 692 639 733 inflatus
660 691 1011 744 exacerbatusque
1030 690 1112 730 iam
1136 704 1211 744 per
1235 703 1279 730 se
1304 701 1500 729 accensos
1528 704 1546 732 5

147 756 343 797 incitabat
376 754 509 810 plebis
541 754 717 795 animos:
756 757 857 807 ‘quo
888 767 1019 806 usque
1056 752 1222 792 tandem
1258 749 1501 806 ignorabitis

148 819 255 859 vires
282 823 458 866 vestras,
485 830 588 870 quas
614 822 759 856 natura
782 830 833 856 ne
858 814 1001 856 beluas
1027 813 1193 867 quidem
1217 813 1407 868 ignorare
1431 826 1504 852 vo-

148 881 246 921 luit?
281 886 491 920 numerate
523 879 686 927 saltem,
724 884 824 931 quot
853 877 933 932 ipsi
964 876 1071 926 sitis,
1109 882 1210 929 quot
1245 874 1502 916 adversarios

150 942 347 983 habeatis.
403 941 437 982 si
474 940 626 995 singuli
661 939 846 995 singulos
884 938 1122 994 adgressuri
1159 937 1323 986 essetis,
1367 943 1505 977 tamen
1531 952 1548 981 6

150 1004 283 1045 acrius
309 1004 517 1044 crederem
542 1016 616 1043 vos
642 1016 715 1056 pro
740 1001 927 1042 libertate
952 1015 1078 1054 quam
1102 999 1194 1040 illos
1219 1013 1294 1054 pro
1320 998 1506 1039 domina-

150 1067 257 1107 tione
284 1071 520 1106 certaturos.
570 1070 670 1117 quot
695 1063 804 1104 enim
829 1063 997 1103 clientes
1023 1062 1132 1102 circa
1157 1060 1342 1115 singulos
1367 1059 1504 1100 fuistis

148 1136 361 1183 patronos,
394 1133 452 1167 tot
482 1141 591 1167 nuno
621 1126 820 1166 adversus
854 1139 981 1164 unum
1006 1124 1167 1165 hostem
1193 1123 1317 1164 eritis.
1368 1129 1507 1163 osten-

149 1191 230 1230 dite
255 1190 377 1230 modo
403 1189 573 1229 bellum:
606 1202 749 1242 pacem
775 1186 992 1227 habebitis.
1041 1185 1209 1226 videant
1238 1199 1312 1225 vos
1338 1189 1504 1238 paratos

148 1252 200 1292 ad
225 1251 325 1290 vim:
352 1250 415 1290 ius
441 1249 521 1304 ipsi
544 1249 762 1289 remittent.
812 1248 1048 1288 audendum
1074 1253 1137 1287 est
1161 1246 1317 1300 aliquid
1341 1245 1506 1286 univer-

148 1313 203 1353 sis
235 1319 305 1353 aut
336 1312 472 1353 onmia
504 1310 676 1366 singulis
707 1310 913 1365 patienda.
963 1324 1044 1363 quo
1075 1323 1208 1362 usque
1239 1323 1305 1349 me
1332 1307 1506 1349 eircum-

147 1373 409 1429 spectabitis?
445 1388 522 1428 ego
554 1372 720 1426 quidem
745 1372 847 1412 nulli
870 1377 1054 1412 vestrum
1081 1371 1222 1421 deero3
1258 1385 1310 1411 ne
1342 1370 1506 1411 fortuna
1531 1384 1550 1414 S

147 1452 237 1478 mea
263 1437 385 1486 desit,
413 1436 561 1476 videte.
605 1436 694 1490 ipse
719 1435 871 1476 vindex
896 1441 1044 1484 vester,
1072 1434 1144 1476 ubi
1167 1434 1304 1475 visum
1329 1433 1505 1474 inimicis

147 1506 226 1550 est,
252 1500 388 1540 nullus
414 1505 581 1554 repente
606 1498 685 1548 fui,
713 1503 751 1539 et
777 1497 939 1539 vidistis
965 1497 1007 1538 in
1025 1496 1190 1538 vincula
1211 1496 1305 1537 duci
1326 1495 1506 1536 universi

147 1578 252 1611 eum,
279 1562 349 1615 qui
369 1577 393 1602 a
412 1561 585 1616 singulis
605 1560 722 1602 vobis
745 1561 905 1601 vincula
920 1559 1170 1615 depuleram.
1209 1558 1309 1612 quid
1329 1572 1503 1612 sperem,
1533 1572 1550 1601 9

147 1625 181 1666 si
205 1625 298 1680 plus
323 1625 366 1664 in
389 1639 454 1665 me
480 1624 659 1664 audeant
683 1624 861 1664 inimici?
893 1639 943 1665 an
964 1623 1119 1664 exitum
1141 1621 1263 1663 Cassi
1276 1620 1506 1673 Maeliique

148 1686 410 1741 exspectem?
445 1685 550 1727 bene
575 1685 729 1735 facitis,
756 1686 868 1739 quod
893 1684 1204 1726 abominamini:
1237 1683 1293 1723 dii
1317 1681 1510 1736 prohibe-

147 1749 250 1790 bunt
284 1749 399 1788 haec.
449 1748 523 1788 sed
557 1762 783 1800 numquam
819 1754 986 1802 propter
1015 1761 1080 1787 me
1112 1747 1163 1786 de
1194 1744 1307 1786 caelo
1338 1745 1510 1785 descen-

150 1813 258 1852 dent.
308 1810 426 1851 vobis
463 1810 560 1850 dent
590 1816 770 1850 mentem
802 1816 978 1864 oportet,
1016 1815 1062 1849 ut
1091 1806 1362 1863 prohibeatis,
1403 1806 1508 1846 sicut

152 1872 251 1912 mihi
276 1872 477 1912 dederunt
501 1878 657 1911 armato
683 1877 924 1925 togatoque,
950 1878 996 1911 ut
1020 1884 1094 1911 vos
1120 1884 1143 1910 a
1168 1867 1354 1910 barbaris
1379 1867 1509 1908 hosti-

151 1935 248 1983 bus,
282 1949 306 1974 a
331 1932 519 1987 superbis
546 1933 811 1973 defenderem
837 1931 1009 1973 civibus.
1058 1937 1142 1972 tam
1167 1945 1320 1985 parvus
1346 1930 1507 1971 animus
1538 1942 1576 1972 10

153 1996 254 2037 tanti
284 1995 427 2050 populi
458 2001 539 2044 est,
576 2000 620 2035 ut
653 2009 816 2049 semper
839 1993 958 2034 vobis
984 1993 1183 2034 auxilium
1208 1992 1407 2033 adversus
1433 1991 1509 2032 ini-

153 2059 280 2099 micos
314 2058 411 2098 satis
444 2057 513 2106 sit,
550 2071 626 2098 nec
656 2056 804 2106 ullum,
836 2056 916 2096 nisi
946 2062 1149 2109 quatenus
1174 2054 1366 2109 imperari
1390 2053 1509 2095 vobis

155 2121 317 2170 sinatis,
350 2126 556 2160 certamen
580 2120 779 2160 adversus
804 2125 941 2173 patres
967 2118 1133 2159 noritis?
1162 2131 1240 2158 nec
1263 2116 1342 2158 hoc
1366 2122 1512 2157 natura

155 2183 322 2224 insitum
346 2182 465 2223 vobis
491 2188 571 2231 est,
604 2182 677 2222 sed
701 2196 779 2222 usu
804 2180 1085 2236 possidemini.
1135 2194 1208 2220 eur
1231 2179 1341 2220 enim
1366 2178 1510 2219 adver·
1540 2191 1575 2219 11

156 2260 226 2286 sus
258 2252 447 2285 externos
479 2250 636 2284 tantum
668 2243 898 2284 animorum
927 2242 1087 2298 geritis,
1124 2249 1170 2282 ut
1200 2242 1401 2296 imperare
1430 2240 1510 2281 illis

156 2321 334 2360 aequum
364 2305 591 2347 censeatis?
625 2305 723 2359 quia
753 2305 984 2346 consuestis
1015 2319 1107 2345 cum
1141 2304 1199 2344 eis
1230 2318 1304 2358 pro
1340 2303 1511 2357 imperio

157 2375 331 2417 certare,
364 2368 561 2408 adversus
587 2367 662 2408 hos
688 2373 886 2422 temptare
911 2366 1044 2422 magis
1070 2381 1195 2419 quam
1220 2365 1325 2406 tueri
1349 2364 1512 2406 liberta-

157 2437 251 2471 tem.
301 2438 455 2478 tamen,
488 2429 809 2482 qualescumque
840 2429 966 2470 duces
997 2427 1220 2477 habuistis,
1253 2426 1513 2480 qualescum-
1540 2439 1578 2468 12

157 2507 237 2545 que
261 2491 341 2546 ipsi
365 2491 519 2540 fuistis,
546 2491 682 2531 omnia
701 2491 854 2540 adhuc,
881 2496 1213 2544 quantacumque
1232 2488 1413 2543 petistis,
1441 2487 1513 2529 ob-

158 2554 335 2595 tinuistis
374 2568 447 2594 seu
482 2553 523 2593 vi
561 2568 633 2594 seu
670 2553 834 2593 fortuna
869 2558 1018 2593 vestra.
1078 2558 1241 2606 tempus
1284 2557 1347 2592 est
1389 2550 1511 2591 etiam

159 2616 313 2658 maiora
338 2616 493 2657 conari:
521 2615 767 2670 experimini
791 2615 914 2656 modo
940 2621 980 2655 et
1004 2621 1185 2656 vestram
1210 2613 1448 2654 felicitatem
1474 2620 1513 2654 et
1542 2624 1578 2654 12³

160 2694 242 2728 me,
274 2685 319 2719 ut
345 2693 482 2733 spero,
513 2678 686 2719 feliciter
710 2683 923 2732 expertum
932 2693 942 2727 3
973 2677 1129 2718 minore
1153 2676 1318 2732 negotio
1344 2676 1414 2730 qui
1438 2675 1513 2716 im-

158 2750 271 2797 peret
284 2740 468 2797 patribus
488 2740 705 2795 inponetis,
731 2753 855 2793 quam
875 2739 945 2793 qui
963 2739 1200 2780 resisterent
1217 2737 1512 2793 imperantibus

1221 2804 1288 2838 21*

1534 1138 1549 1166 *1
