1835 3226
280 192 362 233 344
619 195 772 230 Lmen
797 194 868 239 v1,
894 194 947 228 33
967 194 1021 228 39.
1049 194 1286 238 [3113336]

238 318 254 347 o
281 302 409 344 tribus
442 300 642 348 dicerent,
680 305 766 338 tum
795 296 1016 338 Camillus:
1056 296 1238 349 ‘quando
1269 296 1466 349 quidem‚'
1502 297 1631 351 inquit

280 363 481 416 ‘Quirites
491 393 501 411 ,
527 361 609 401 iam
634 374 708 401 vos
735 359 952 400 tribunicia
975 358 1114 407 libido,
1141 373 1224 399 non
1241 364 1424 412 potestas
1445 358 1566 413 regit,
1593 365 1632 399 61

278 423 612 466 intercessionem
643 421 876 463 secessione
908 421 1115 474 quondam
1150 419 1283 474 plebis
1321 425 1481 474 partam
1517 419 1632 462 vobis

279 486 420 528 eadem
446 484 486 525 vi
512 484 646 525 facitis
672 483 853 532 inritam,
880 497 962 536 qua
986 482 1223 537 peperistis,
1255 497 1337 522 11011
1361 481 1420 522 rei
1443 481 1632 536 publicae

278 547 410 602 magis
443 546 658 587 universae
690 560 814 599 quam
841 552 976 586 vestra
1002 559 1128 585 causa
1153 544 1326 600 dictator
1349 543 1633 585 intercessioni

279 610 400 651 adero
426 622 697 662 eversumque
723 614 906 648 vestrum
932 606 1130 648 auxilium
1155 606 1325 660 imperio
1347 605 1521 646 tutabor.
1559 605 1634 645 ita-

279 686 377 726 que,
405 671 439 712 si
461 669 509 712 C.
525 670 716 711 Licinius
736 676 775 710 et
793 670 846 710 L.
871 667 1038 711 Sextius
1064 667 1345 709 intercessioni
1370 667 1634 722 conlegarum

278 733 445 782 cedunt,
472 732 572 772 nihil
591 731 809 787 patricium
834 730 1122 786 magistratum
1147 730 1325 770 inseram
1351 728 1523 769 concilio
1548 728 1634 782 ple-

278 795 360 837 bis:
398 795 432 836 si
463 795 661 835 adversus
692 793 1028 834 intercessionem
1059 798 1269 845 tamquam
1301 796 1444 845 captae
1480 789 1634 830 civitati

277 857 390 912 leges
415 857 611 911 inponere
631 856 816 905 tendent,
843 855 927 895 vim
946 853 1204 895 tribuniciam
1231 868 1255 894 a
1280 867 1323 894 se
1348 852 1439 907 ipsa
1465 850 1635 892 dissolvi

233 934 251 962 s
278 935 360 960 non
390 918 545 973 patiar?
593 918 793 959 adversus
825 931 874 958 ea
903 931 997 957 cum
1029 915 1296 970 contemptim
1325 913 1475 955 tribuni
1501 912 1633 968 plebis

277 996 363 1022 rem
387 981 514 1022 nihilo
541 980 709 1035 segnius
734 984 996 1034 peragerent,
1028 984 1116 1018 tum
1139 977 1319 1032 percitus
1345 977 1405 1017 ira
1431 975 1632 1017 Camillus

277 1043 459 1092 lictores,
486 1042 556 1096 qui
575 1043 626 1083 dc
651 1042 786 1082 medio
812 1040 975 1096 plebem
1004 1045 1258 1088 emoverent,
1284 1038 1395 1078 misit
1421 1043 1460 1079 et
1478 1037 1635 1078 addidit

278 1105 428 1154 minas,
468 1104 503 1144 si
531 1110 767 1159 pergerent,
807 1109 1061 1144 sacramento
1094 1115 1236 1143 omnes
1260 1100 1440 1141 iuniores
1466 1100 1634 1141 adactu-

234 1182 251 1209 9
278 1181 370 1207 rum
395 1166 701 1219 exercitumque
727 1164 932 1218 extemplo
953 1179 1005 1205 ex
1022 1163 1123 1205 urbe
1148 1163 1402 1204 educturum.
1440 1168 1635 1202 terrorem

277 1229 487 1284 ingentem
518 1228 746 1268 incusserat
770 1226 898 1281 plebi3
930 1225 1104 1266 ducibus
1131 1224 1264 1280 plebis
1291 1223 1476 1264 accendit
1500 1222 1634 1277 magis

279 1290 498 1331 certamine
530 1290 687 1330 animos
719 1303 843 1342 quam
874 1287 1017 1328 minuit
1028 1303 1037 1336 3
1077 1287 1150 1328 sed
1178 1300 1222 1326 re
1258 1291 1402 1326 neutro
1437 1284 1631 1325 inclinata

279 1352 524 1407 magistratu
555 1365 598 1392 se
629 1350 852 1399 abdicavit,
892 1363 965 1390 seu
996 1348 1093 1402 quia
1122 1348 1221 1388 vitio
1257 1355 1416 1388 creatus
1448 1352 1551 1394 erat,
1589 1352 1634 1385 ut

279 1415 478 1468 scripsere
504 1413 691 1467 quidam,
718 1428 792 1454 seu
811 1412 907 1465 quia
932 1410 1082 1452 tribuni
1107 1409 1238 1465 plebis
1265 1408 1442 1449 tulerunt
1472 1407 1524 1448 ad
1549 1407 1634 1462 ple-

281 1475 375 1517 bem
411 1475 535 1528 idque
565 1474 683 1529 plebs
716 1474 852 1523 scivit,
890 1479 952 1522 ut,
992 1473 1026 1513 si
1056 1471 1116 1512 M.
1148 1471 1299 1513 Furius
1329 1485 1403 1525 pro
1434 1470 1631 1511 dictatore

216 1552 254 1581 10
280 1539 378 1591 quid
404 1538 573 1592 egisset,
600 1537 869 1592 quingentum
895 1535 1052 1575 milium
1078 1535 1115 1575 ei
1138 1533 1268 1574 multa
1292 1541 1413 1574 esset.
1463 1532 1536 1573 sed
1560 1546 1632 1572 au-

280 1599 418 1654 spiciis
451 1599 584 1654 magis
616 1613 739 1652 quam
766 1598 862 1639 novi
888 1597 1065 1651 exempli
1089 1596 1299 1651 rogatione
1325 1594 1561 1636 deterritum
1586 1600 1631 1634 111

277 1661 415 1716 potius
442 1662 623 1710 credam,
657 1675 750 1701 cum
774 1659 904 1714 ipsius
930 1659 1006 1698 viri
1031 1658 1130 1699 facit
1153 1657 1382 1712 ingenium,
1409 1662 1495 1697 tum
1521 1656 1632 1710 quod

215 1739 250 1767 11
279 1724 316 1765 61
342 1723 539 1765 suffectus
566 1729 627 1763 est
646 1722 852 1776 extemplo
870 1720 920 1761 P.
935 1720 1118 1761 Manlius
1139 1720 1312 1760 dictator
1325 1744 1379 1748 —-
1392 1733 1515 1771 quem
1534 1718 1633 1771 quid

279 1785 407 1827 creari
442 1784 640 1826 attinebat
676 1784 728 1825 ad
763 1784 806 1824 id
841 1789 1065 1830 certamen,
1103 1796 1184 1835 quo
1219 1780 1280 1822 M.
1312 1781 1463 1821 Furius
1503 1780 1634 1820 victus

279 1849 412 1890 esset?
443 1873 497 1877 —
529 1854 570 1889 et
599 1847 711 1901 quod
741 1846 918 1888 eundem
948 1844 1010 1885 M.
1041 1844 1213 1885 Furium
1251 1843 1490 1883 dictatorem
1524 1841 1633 1882 inse-

278 1925 407 1964 quens
428 1925 559 1950 annus
580 1908 735 1959 habuit,
762 1908 873 1949 haud
895 1907 981 1948 sine
1001 1907 1156 1962 pudore
1177 1912 1284 1946 certe
1303 1905 1479 1945 fractum
1498 1903 1632 1958 priore

214 1986 253 2015 12
280 1987 386 2013 anno
410 1972 452 2013 in
478 1986 522 2013 se
546 1972 763 2026 imperium
783 1970 1070 2025 repetiturum3
1098 1967 1219 2009 simul
1238 1968 1350 2021 quod
1369 1982 1416 2008 eo
1437 1972 1631 2020 tempore,

278 2049 359 2088 quo
389 2033 699 2089 promulgatum
728 2034 779 2074 de
809 2032 939 2073 multa
964 2031 1051 2072 eius
1078 2030 1261 2079 traditur,
1294 2035 1364 2070 aut
1388 2034 1427 2069 et
1450 2027 1546 2068 huic
1569 2042 1635 2067 ro-

277 2096 451 2152 gationi,
478 2111 561 2150 qua
587 2110 630 2137 se
655 2096 697 2136 in
721 2095 906 2137 ordinem
932 2094 1024 2149 cogi
1050 2093 1235 2142 videbat,
1262 2092 1462 2133 obsistere
1488 2089 1630 2145 potuit,

279 2166 348 2199 aut
372 2173 422 2199 ne
448 2158 537 2199 illas
563 2158 750 2212 quidem,
788 2163 954 2212 propter
985 2170 1087 2209 quas
1119 2161 1159 2196 et
1187 2154 1290 2195 haec
1319 2153 1403 2194 lata
1433 2161 1536 2201 erat,
1573 2151 1633 2191 111-

214 2233 252 2261 15
276 2221 434 2275 pedire,
473 2227 512 2261 et
542 2220 654 2274 quod
683 2234 815 2273 usque
846 2219 898 2260 ad
929 2217 1168 2259 memoriam
1198 2222 1380 2257 nostram
1406 2213 1632 2255 tribuniciis

278 2281 645 2336 consularibusque
678 2287 876 2322 certatum
908 2280 1063 2321 viribus
1096 2286 1175 2329 est,
1214 2279 1439 2319 dictaturae
1471 2289 1633 2330 semper

278 2344 398 2385 altius
424 2343 640 2399 fastigium
666 2343 755 2384 suit.

239 2422 248 2448 1
362 2405 657 2446 XXXVIIII.
695 2405 809 2446 Inter
832 2405 1009 2459 priorem
1035 2403 1278 2444 dictaturam
1308 2401 1540 2443 abdicatam
1563 2414 1636 2440 no-

279 2483 453 2521 vamque
473 2484 497 2509 a
510 2467 670 2509 Manlio
690 2467 833 2509 initam
853 2466 904 2508 ab
924 2465 1098 2507 tribunis
1118 2464 1230 2505 velut
1260 2478 1334 2518 per
1356 2463 1635 2517 interregnum

278 2530 449 2571 concilio
473 2529 606 2585 plebis
631 2528 772 2570 habito
792 2528 993 2583 apparuit,
1020 2541 1126 2581 quae
1146 2541 1197 2567 ex
1222 2524 1492 2581 promulgatis
1511 2522 1633 2578 plebi,

234 2604 251 2633 2
279 2605 383 2644 quac
407 2591 605 2633 latoribus
624 2591 804 2646 gratiora
828 2597 977 2631 essent.
1010 2604 1106 2630 nam
1127 2588 1177 2629 de
1201 2588 1368 2629 faenore
1389 2593 1511 2639 atque
1535 2598 1634 2639 agro

278 2653 510 2707 rogationes
542 2653 756 2703 iubebant,
795 2653 845 2695 de
875 2651 1037 2708 plebeio
1073 2650 1241 2693 consule
1266 2648 1545 2703 antiquabant.
1595 2651 1634 2685 et

236 626 251 654 “l
