1780 3204
450 235 604 270 LIBER
628 235 717 280 VII,
743 235 774 269 5.
793 236 822 269 6.
853 238 900 279 [a.
916 235 1048 270 C.363.
1068 236 1150 280 362]
1399 227 1481 269 355

128 355 253 396 quam
284 340 458 381 inimicis
490 340 577 380 eius
610 339 748 388 malle,
787 339 895 394 capit
925 340 1139 382 consilium
1171 340 1282 381 rudis
1315 341 1481 395 quidem

129 409 250 456 atque
286 401 460 457 agrestis
497 401 622 442 animi
659 407 698 442 et
734 415 985 455 quamquam
1015 417 1098 444 non
1128 403 1258 444 civilis
1291 403 1480 458 exempli,

129 471 264 504 tamen
294 464 444 518 pietate
474 462 692 504 laudabile.
742 463 1011 505 inscientibus
1044 465 1201 506 cunctis
1234 465 1363 507 cultro
1389 480 1481 506 suc-

129 526 285 566 cinctus
318 540 436 566 mane
467 526 508 565 in
540 525 683 566 urbem
714 531 836 579 atque
868 541 892 567 a
921 533 1039 581 porta
1069 528 1237 568 domum
1264 527 1482 569 confestim

128 589 180 629 ad
198 588 259 629 M.
274 588 552 642 Pomponium
572 587 779 629 tribunum
798 589 949 644 pergit,
975 590 1138 631 ianitori
1157 605 1260 645 opus
1287 605 1378 632 esse
1404 590 1482 632 sibi

127 650 293 691 domino
313 650 398 691 eius
420 658 619 691 convento
641 651 846 705 extemplo
867 651 939 692 ait:
966 653 1182 703 nuntiaret,
1204 653 1346 694 Titum
1358 652 1482 693 Man-

127 712 226 753 lium
276 712 330 753 L.
355 712 484 752 filium
536 726 640 753 esse.
690 728 787 753 mox
817 713 1072 756 introductus
1098 740 1152 744 ——
1178 715 1326 756 etenim
1351 715 1482 770 perci-

127 781 214 814 tum
239 774 297 815 ira
324 774 366 814 in
389 782 547 828 patrem
574 789 667 829 spes
694 781 780 815 crat
805 781 875 816 aut
901 776 1080 817 criminis
1107 776 1260 830 aliquid
1287 778 1382 818 novi
1412 784 1482 818 aut

127 836 284 876 consilii
316 836 368 876 ad
397 850 485 876 rem
515 836 718 891 agendam
750 837 909 878 deferre
935 863 1008 887 —,
1042 839 1171 879 salute
1197 846 1366 894 accepta
1390 839 1482 880 red-

126 897 290 951 ditaque
335 911 427 938 esse
453 897 525 946 ait,
553 912 658 951 quae
678 912 772 939 cum
792 913 839 939 eo
860 914 981 954 agere
1001 900 1163 941 arbitris
1183 901 1349 942 remotis
1371 901 1479 942 velit.

125 959 265 1014 procul
290 959 384 999 inde
410 959 600 1000 omnibus
626 959 738 1001 abire
762 960 886 1002 iussis
914 962 1089 1002 cultrum
1116 963 1279 1018 stringit
1298 969 1337 1003 et
1358 978 1482 1018 super

125 1022 274 1061 lectum
307 1027 420 1061 stans
452 1021 561 1062 ferro
592 1021 765 1071 intento,
803 1023 882 1063 nisi
913 1023 952 1063 in
978 1038 1083 1077 quae
1107 1024 1197 1078 ipse
1223 1025 1480 1079 concepisset

126 1084 249 1124 verba
280 1084 448 1132 iuraret,
487 1098 530 1124 se
562 1084 688 1138 patris
720 1084 808 1125 eius
840 1086 1063 1126 accusandi
1100 1101 1226 1127 causa
1261 1087 1479 1127 concilium

122 1145 254 1199 plebis
288 1159 512 1197 numquam
544 1144 797 1195 habiturum,
831 1161 875 1187 se
901 1161 994 1187 eum
1021 1147 1228 1201 extemplo
1261 1148 1479 1188 transfixu-

123 1222 212 1247 rum
244 1207 432 1247 minatur.
482 1207 658 1261 pavidus
691 1207 899 1257 tribunus,
933 1208 1084 1263 quippe
1111 1210 1180 1263 qui
1205 1210 1360 1250 ferrum
1385 1217 1478 1250 ante

122 1269 260 1309 oculos
288 1268 457 1317 micare,
491 1283 533 1308 se
561 1268 694 1308 solum
719 1269 935 1318 inermem,
968 1270 1083 1310 illum
1108 1271 1391 1325 praevalidum
1417 1273 1479 1312 iu-

123 1345 265 1370 venem
292 1337 348 1378 ct,
376 1330 486 1383 quod
510 1330 621 1371 haud
647 1331 782 1372 minus
809 1332 1036 1373 timendum
1063 1340 1166 1384 erat,
1201 1334 1346 1376 stolide
1371 1335 1479 1376 fero-

120 1407 208 1433 cem
244 1392 399 1433 viribus
438 1392 523 1433 suis
561 1400 762 1443 cerneret,
801 1394 962 1435 adiurat
993 1396 1032 1435 in
1065 1410 1170 1449 quae
1208 1397 1378 1437 adactus
1417 1404 1478 1438 est

119 1453 260 1503 verba,
288 1460 327 1494 et
351 1469 448 1508 prae
474 1469 518 1495 se
544 1455 691 1496 deinde
717 1456 826 1504 tulit,
862 1472 910 1498 ca
935 1457 975 1497 vi
1002 1457 1218 1499 subactum
1246 1474 1288 1500 se
1315 1459 1477 1514 incepto

119 1516 337 1556 destitisse.
387 1531 463 1557 nec
487 1517 656 1571 perinde
683 1525 726 1558 ut
752 1518 964 1560 maluisset
989 1519 1151 1574 plebes,
1186 1520 1263 1562 sibi
1290 1521 1475 1576 suffragii

120 1577 276 1618 ferendi
301 1578 351 1618 de
377 1584 460 1618 tam
486 1579 641 1620 crudeli
667 1586 705 1620 et
731 1580 908 1634 superbo
934 1596 1004 1622 reo
1022 1588 1269 1636 potestatem
1290 1583 1394 1631 fieri,
1421 1583 1478 1623 ita

118 1654 240 1694 aegre
265 1639 426 1690 habuit,
453 1640 582 1681 filium
606 1641 648 1681 id
673 1657 746 1696 pro
771 1650 941 1697 parente
966 1659 1128 1685 ausum.
1167 1659 1297 1697 eoque
1322 1645 1365 1684 id
1389 1645 1476 1685 lau-

119 1701 295 1743 dabilius
333 1709 436 1751 erat,
475 1703 585 1755 quod
623 1704 806 1744 animum
843 1705 930 1746 eius
968 1711 1081 1746 tanta
1113 1705 1314 1746 acerbitas
1345 1706 1477 1760 patria

119 1765 219 1804 nihil
244 1780 268 1805 a
292 1765 440 1818 pietate
466 1766 692 1806 avertisset.
741 1766 880 1819 itaque
911 1782 993 1807 non
1024 1767 1129 1821 patri
1155 1768 1278 1808 modo
1303 1768 1476 1809 remissa

119 1841 267 1867 causae
293 1826 416 1867 dictio
442 1835 521 1876 est,
549 1828 622 1867 sed
646 1827 725 1882 ipsi
751 1828 873 1868 etiam
899 1828 1153 1869 adulescenti
1179 1844 1227 1870 ea
1245 1844 1310 1870 res
1331 1829 1475 1871 honori

119 1887 214 1937 fuit,
249 1894 288 1928 et
313 1903 407 1928 cum
433 1902 480 1929 eo
506 1904 613 1929 anno
638 1889 815 1943 primum
840 1889 1065 1944 placuisset
1090 1890 1274 1933 tribunos
1300 1892 1474 1932 militum

120 1950 171 1990 ad
206 1950 390 2005 legiones
429 1950 626 2006 suffragio
663 1951 749 1991 ficri
775 1977 828 1980 —
859 1967 954 1992 nam
987 1959 1026 1993 et
1056 1959 1194 2003 antea,
1232 1954 1336 1995 sicut
1366 1969 1476 1995 nune

119 2027 222 2066 quos
249 2013 427 2054 Rufulos
458 2020 623 2063 vocant,
662 2014 927 2068 imperatores
958 2015 1037 2069 ipsi
1067 2015 1275 2057 faciebant
1300 2041 1372 2066 —,
1411 2031 1475 2058 sc-

120 2075 300 2115 cundum
331 2075 374 2115 in
406 2090 479 2116 sex
509 2075 608 2116 locis
641 2076 788 2125 tenuit,
825 2076 948 2117 nullis
985 2077 1097 2117 domi
1134 2078 1384 2132 militiaeque
1421 2079 1473 2119 ad

121 2137 419 2178 conciliandam
438 2138 613 2193 gratiam
639 2138 813 2187 meritis,
839 2145 883 2178 ut
908 2139 978 2192 qui
1003 2154 1095 2179 rure
1122 2146 1160 2179 et
1186 2141 1328 2194 procul
1354 2137 1472 2181 coetu

119 2199 331 2241 hominum
356 2200 565 2240 iuventam
592 2200 756 2254 egisset.

204 2260 280 2301 VI.
329 2261 490 2301 Eodem
528 2276 634 2302 anno
671 2276 744 2302 scu
781 2268 894 2302 motu
931 2269 1061 2304 terrae
1099 2278 1172 2304 seu
1209 2279 1291 2317 qua
1321 2264 1362 2304 vi
1393 2264 1473 2305 alia

120 2322 255 2363 forum
280 2323 460 2363 medium
486 2323 614 2364 ferme
641 2339 767 2378 specu
787 2331 904 2366 vasto
925 2325 1164 2380 conlapsum
1183 2327 1225 2366 in
1244 2326 1472 2368 inmensam

121 2384 378 2425 altitudinem
403 2385 562 2435 dicitur,
588 2401 720 2439 neque
746 2401 836 2426 eam
863 2387 1102 2442 voraginem
1121 2388 1309 2429 coniectu
1328 2394 1469 2439 terrae,

120 2461 214 2487 eum
239 2461 312 2501 pro
339 2462 382 2488 se
407 2448 581 2501 quisque
606 2455 784 2503 gereret,
811 2448 975 2503 explere
1000 2450 1184 2504 potuisse
1209 2451 1322 2505 prius
1347 2465 1471 2504 quam

120 2509 243 2550 deum
285 2510 442 2550 monitu
484 2511 625 2563 quaeri
663 2518 872 2565 coeptum,
916 2526 998 2564 quo
1035 2513 1255 2566 plurimum
1291 2513 1470 2568 populus

119 2571 329 2613 Romanus
355 2579 495 2626 posset
505 2589 515 2622 3
547 2572 589 2613 id
614 2573 721 2613 enim
747 2572 804 2613 illi
829 2573 920 2614 loco
951 2574 1172 2615 dicandum
1204 2582 1319 2616 vates
1351 2591 1470 2617 cane-

120 2633 233 2683 bant,
262 2634 296 2674 si
319 2648 406 2674 rem
431 2634 638 2688 publicam
663 2634 895 2676 Romanam
920 2643 1162 2690 perpetuam
1188 2652 1279 2678 esse
1304 2638 1467 2679 vellent.

119 2704 203 2736 tum
228 2695 289 2736 M.
319 2695 526 2758 Curtium,
553 2697 743 2737 iuvenem
768 2697 875 2739 bello
901 2699 1132 2753 egregium,
1159 2700 1385 2755 castigasse
1410 2701 1470 2741 fc-

1179 2766 1246 2799 23*

1506 729 1525 757 4

1506 978 1525 1006 5

1505 1536 1520 1563 *1

1498 2404 1516 2432 10
