1835 3226
282 424 300 450 4

331 236 410 277 168
664 242 819 276 LIBER
842 242 916 285 111,
942 241 996 275 47.
1010 241 1063 276 48.
1092 244 1140 285 [a.
1153 253 1187 276 u.
1203 253 1233 277 e.
1250 243 1332 286 305]

328 347 544 389 comitatus
571 344 781 385 muliebris
806 344 900 398 plus
921 344 1044 384 tacito
1062 343 1160 384 fletu
1185 358 1309 397 quam
1329 344 1412 384 ulla
1437 360 1519 386 vox
1543 361 1683 388 move-

328 409 407 449 bat.
445 407 643 447 adversus
663 420 769 459 quae
789 405 926 447 omnia
945 405 1152 446 obstinato
1172 405 1308 446 animo
1322 405 1487 460 Appius
1502 432 1555 436 —
1572 414 1685 449 tanta

325 470 387 509 vis
413 467 615 509 amentiae
639 467 776 508 verius
801 481 926 521 quam
939 468 1090 509 amoris
1110 474 1290 508 mentem
1309 467 1545 509 turbaverat
1563 493 1616 498 —-
1641 470 1682 509 in

326 529 503 571 tribunal
528 529 729 578 escendit,
768 535 808 570 et
831 529 938 570 ultro
969 536 1164 583 querente
1189 544 1322 584 pauca
1345 530 1535 584 petitore,
1573 531 1684 584 quod

325 592 388 632 ius
421 591 499 632 sibi
528 591 659 645 pridie
688 605 762 645 per
792 591 1057 632 ambitionem
1089 591 1243 632 dictum
1273 598 1514 647 non-esset,
1551 592 1685 646 prius-

325 669 450 707 quam
473 660 544 694 aut
573 652 641 693 ille
671 653 923 708 postulatum
948 659 1163 709 perageret
1192 659 1262 694 aut
1286 653 1485 708 Verginio
1515 668 1685 708 respon-

285 730 293 735 *
326 715 449 755 dendi
473 715 639 755 daretur
660 714 789 764 locus,
815 714 982 770 Appius
1006 714 1233 756 interfatur.
1270 730 1393 768 quem
1418 715 1581 756 decreto
1602 729 1685 756 ser-

326 791 489 817 monem
501 776 786 830 praetenderit,
812 776 954 817 forsan
968 776 1146 830 aliquem
1159 791 1302 817 verum
1321 782 1508 817 auctores
1529 776 1683 829 antiqui

325 838 584 888 tradiderint3
609 838 706 892 quia
729 853 934 892 nusquam
959 838 1089 879 ullum
1113 838 1156 878 in
1180 844 1293 879 tanta
1316 838 1511 879 foeditate
1532 838 1683 879 decreti

326 900 412 941 veri
437 900 612 941 similem
636 900 813 950 invenio,
840 901 882 941 id
906 900 1018 954 quod
1042 906 1202 941 constat
1226 901 1383 941 nudum
1408 901 1569 941 videtur
1591 914 1686 954 pro-

326 962 573 1016 ponendum,
600 962 791 1004 decresse
804 962 1004 1003 vindicias
1022 962 1248 1003 secundum
1270 963 1519 1003 servitutem.
1551 962 1684 1017 primo

327 1030 470 1078 stupor
494 1039 636 1065 omnes
656 1024 924 1065 admiratione
942 1024 1002 1064 rei
1020 1029 1104 1064 tam
1123 1024 1271 1064 atrocis
1291 1024 1451 1073 defixit3
1479 1024 1685 1064 silentium

326 1086 420 1126 inde
450 1085 703 1138 aliquamdiu
733 1086 875 1126 tenuit.
925 1086 1037 1135 dein,
1070 1100 1164 1126 cum
1189 1085 1251 1127 M.
1280 1084 1480 1127 Claudius
1513 1086 1686 1127 circum-

328 1146 529 1188 stantibus
555 1147 750 1187 matronis
776 1147 851 1187 iret
876 1147 928 1188 ad
952 1148 1232 1201 prendendam
1256 1147 1458 1202 virginem
1488 1147 1686 1189 lamenta-

326 1208 501 1262 bilisque
527 1222 620 1249 eum
645 1208 862 1249 mulierum
888 1208 1154 1263 comploratio
1180 1209 1428 1263 excepisset,
1461 1209 1684 1264 Verginius

284 1286 297 1312 ῖ
326 1271 532 1311 intentans
551 1270 594 1310 in
611 1269 798 1324 Appium
819 1285 977 1320 manus,
1006 1270 1165 1320 ‘Icilio‚’
1190 1271 1322 1323 inquit
1348 1270 1486 1325 ‘Appi,
1513 1285 1593 1311 non
1613 1270 1684 1311 tibi

283 1963 300 1991 [ὗ

283 2704 300 2731 ζ)

326 1333 452 1373 filiam
482 1332 684 1387 despondi
714 1339 754 1373 et
785 1333 837 1373 ad
867 1333 1050 1387 nuptias,
1088 1347 1169 1373 non
1201 1333 1253 1373 ad
1279 1339 1466 1387 stuprum
1497 1333 1682 1373 educavi.

327 1395 460 1449 placet
489 1395 696 1449 pecudum
726 1394 988 1448 ferarumque
1018 1395 1099 1435 ritu
1134 1395 1337 1449 promisce
1368 1395 1410 1435 in
1440 1394 1683 1436 concubitus

325 1456 468 1497 ruere?
496 1457 711 1510 passurine
730 1457 831 1497 haec
850 1457 917 1497 isti
938 1457 1029 1506 sint,
1055 1457 1196 1498 nescio
1205 1473 1215 1506 3
1242 1472 1323 1497 non
1345 1471 1463 1511 spero
1484 1471 1574 1498 esse
1590 1471 1684 1510 pas-

329 1533 446 1559 suros
477 1518 568 1559 illos
600 1518 671 1571 qui
701 1534 814 1559 arma
844 1517 1021 1558 habent.’
1070 1533 1164 1559 cum
1199 1518 1463 1573 repelleretur
1499 1519 1684 1559 adsertor

326 1580 496 1635 virginis
529 1595 553 1620 a
587 1579 711 1634 globo
742 1580 959 1620 mulierum
995 1580 1428 1634 circumstantiumque
1466 1581 1684 1621 advocato-

326 1656 430 1689 rum,
459 1641 665 1681 silentium
690 1640 846 1681 factum
871 1655 944 1695 per
968 1655 1225 1695 praeconem.

410 1701 730 1743 XXXXVHI.
767 1701 1003 1751 Decemvir,
1030 1702 1229 1743 alienatus
1245 1703 1296 1742 ad
1310 1702 1520 1743 libidinem
1535 1703 1684 1753 animo,

325 1770 450 1819 negat
475 1778 525 1804 ex
550 1763 742 1804 hesterno
768 1769 928 1804 tantum
959 1764 1139 1805 convitio
1163 1763 1253 1804 Icili
1283 1764 1557 1817 violentiaque
1582 1764 1686 1805 Ver-

325 1825 444 1880 ginii,
472 1825 588 1866 cuius
614 1832 759 1866 testem
785 1826 985 1880 populum
1009 1825 1244 1867 Romanum
1269 1825 1437 1875 habeat,
1465 1827 1538 1867 sed
1564 1827 1683 1868 certis

325 1902 488 1941 quoque
513 1887 674 1928 indiciis
701 1894 942 1943 conpertum
968 1903 1011 1929 se
1035 1887 1200 1937 habere,
1227 1894 1345 1929 nocte
1376 1894 1460 1929 tota
1485 1895 1625 1929 coetus
1644 1889 1686 1929 in

328 1949 427 1991 urbe
453 1950 582 1990 factos
609 1964 700 1991 esse
726 1950 778 1991 ad
797 1950 1042 1991 movendam
1064 1950 1318 1991 seditionem.
1355 1951 1493 2003 itaque
1513 1965 1556 1991 se
1575 1951 1686 1992 haud

324 2011 500 2052 inscium
526 2011 613 2052 eius
639 2012 913 2054 dimicationis
939 2027 1033 2053 cum
1051 2012 1218 2053 armatis
1239 2012 1514 2062 descendisse,
1540 2027 1622 2053 non
1642 2021 1687 2053 ut

324 2088 575 2127 quemquam
612 2074 796 2127 quietum
832 2075 1022 2125 violaret,
1067 2075 1140 2116 sed
1175 2080 1220 2115 ut
1256 2074 1467 2116 turbantes
1509 2075 1684 2116 civitatis

326 2136 454 2177 otium
482 2150 558 2190 pro
589 2136 804 2177 maiestate
842 2137 1002 2191 imperii
1033 2143 1249 2177 coerceret.
1301 2137 1489 2191 ‘proinde
1521 2137 1685 2190 quiesse

325 2198 399 2238 erit
424 2198 603 2247 melius,'
634 2198 778 2252 inquit.
818 2198 971 2247 ‘lictor,
1005 2198 1205 2240 submove
1235 2198 1397 2239 turbam
1429 2205 1469 2239 et
1493 2199 1546 2240 da
1574 2199 1685 2239 viam

324 2259 489 2300 domino
515 2260 568 2300 ad
590 2260 876 2315 prendendum
895 2260 1171 2315 mancipium.'
1207 2275 1301 2301 cum
1320 2261 1421 2301 haec
1440 2260 1686 2302 intonuisset

323 2322 469 2376 plenus
494 2321 592 2371 irae,
617 2322 837 2363 multitudo
862 2322 955 2377 ipsa
980 2337 1023 2363 se
1050 2337 1126 2364 sua
1150 2328 1295 2377 sponte
1315 2323 1486 2363 dimovit
1505 2323 1685 2364 deserta-

325 2397 404 2436 que
428 2383 581 2437 praeda
604 2383 775 2425 iniuriae
800 2384 937 2438 puella
963 2383 1108 2425 stabat.
1152 2391 1238 2424 tum
1264 2383 1501 2439 Verginius,
1531 2384 1599 2426 ubi
1623 2384 1685 2424 ni-

324 2445 382 2485 hil
406 2459 584 2498 usquam
609 2445 749 2486 auxilii
775 2446 894 2495 vidit,
929 2445 1134 2499 ‘quaeso,’
1164 2445 1297 2499 inquit
1323 2445 1474 2500 ‘Appi,
1505 2446 1682 2500 primum

324 2507 493 2561 ignosce
523 2507 655 2562 patrio
686 2507 835 2556 dolori,
874 2508 909 2549 si
940 2522 1022 2561 quo
1052 2508 1336 2548 inclementius
1362 2508 1405 2548 in
1435 2514 1474 2548 te
1506 2523 1598 2549 sum
1621 2507 1683 2548 in-

326 2574 485 2618 vectus,
523 2569 671 2609 deinde
697 2569 807 2610 sinas
834 2569 900 2610 hic
925 2584 1063 2610 coram
1094 2569 1252 2625 virgine
1283 2569 1483 2610 nutricem
1513 2583 1682 2625 percon-

326 2631 413 2679 tari,
440 2631 629 2683 quidhoc
642 2631 700 2671 rei
721 2631 783 2680 sit,
811 2638 867 2680 ut,
895 2631 930 2672 si
948 2630 1054 2672 falso
1072 2638 1189 2686 pater
1207 2631 1340 2672 dictus
1361 2646 1464 2680 sum,
1491 2630 1680 2683 aequiore

326 2690 419 2730 hinc
444 2692 578 2731 animo
605 2693 838 2733 discedam.’
888 2694 983 2734 data
1007 2693 1125 2734 venia
1153 2693 1310 2734 seducit
1333 2692 1458 2733 filiam
1483 2706 1529 2732 ac
1554 2690 1680 2731 nutri-
