1835 3226
337 252 417 293 238
644 256 799 291 LIBER
823 255 916 300 1111,
941 256 995 290 48.
1023 258 1071 299 [a.
1085 267 1119 290 u.
1136 268 1167 290 e.
1182 256 1376 301 338—340]

337 360 524 403 hostibus
550 366 693 414 eaptus
719 359 869 399 viritim
894 359 1144 399 divideretur
1174 373 1431 414 magnaeque
1461 362 1589 414 partis
1621 377 1693 402 no-

293 439 311 466 3
338 423 480 464 bilium
511 435 559 462 eo
590 420 701 475 plebi
733 420 834 461 scito
860 420 1167 475 publicarentur
1200 420 1388 462 fortunae
1413 446 1467 450 ——
1491 436 1568 462 nec
1586 424 1693 464 enim

337 485 465 525 ferme
490 483 709 537 quicquam
735 483 842 538 agri,
881 489 924 523 ut
948 482 990 522 in
1013 482 1115 524 urbe
1141 483 1273 524 alieno
1305 483 1393 524 solo
1423 483 1576 538 posita,
1613 499 1694 526 non

337 545 460 586 armis
490 550 655 599 partum
681 552 785 594 erat,
816 559 894 585 nee
923 545 1035 598 quod
1064 545 1247 586 venisset
1277 545 1592 600 adsignatumve
1621 561 1696 601 pu-

292 624 311 651 4
336 607 441 648 blice
467 613 577 648 esset
600 613 886 662 praeterquam
910 607 1028 662 plebs
1053 607 1233 649 habebat
1257 632 1312 637 —-
1337 614 1454 648 atrox
1485 607 1595 662 plebi
1624 623 1697 663 pa-

338 668 549 722 tribusque
574 669 830 724 propositum
854 668 1070 711 videbatur
1094 676 1313 710 certamen.
1350 684 1427 710 nec
1452 669 1603 710 tribuni
1622 670 1698 710 mi-

336 732 453 772 litum
478 746 587 772 nunc
611 731 654 771 in
679 737 825 772 senatu
849 745 958 772 nunc
981 731 1024 772 in
1055 731 1236 772 consiliis
1261 731 1432 786 privatis
1464 731 1697 786 principum

294 809 312 836 5
337 793 532 849 cogendis
557 793 668 834 viam
693 793 852 835 consilii
870 793 1146 843 inveniebant,
1174 808 1269 835 cum
1286 793 1370 848 Ap.
1387 793 1601 843 Claudius,
1627 807 1698 834 ne-

336 870 412 910 pos
439 855 540 905 eius,
567 856 637 909 qui
662 856 870 896 decemvir
893 855 1056 911 legibus
1078 855 1304 897 scribendis
1330 855 1476 905 fuerat,
1503 855 1696 896 minimus

294 930 311 961 6
336 924 436 958 natu
460 932 512 958 ex
535 925 698 972 patrum
723 918 914 967 concilio,
955 918 1103 959 dieitur
1127 918 1299 967 dixisse,
1338 924 1456 959 vetus
1489 932 1533 958 se
1565 931 1612 958 ac
1637 916 1699 958 sa-

338 979 493 1020 miliare
519 980 737 1021 consilium
762 980 884 1022 domo
909 980 1088 1022 adferre:
1113 995 1314 1035 proavum
1339 980 1449 1021 enim
1474 994 1595 1020 suum
1613 979 1697 1034 Ap.

339 1041 561 1083 Claudium
586 1043 816 1084 ostendisse
839 1042 1027 1098 patribus
1048 1042 1157 1083 viam
1176 1057 1302 1084 unam
1320 1041 1608 1084 dissolvendae
1628 1042 1699 1083 tri-

296 1118 311 1145 τ
339 1103 529 1145 buniciae
553 1105 768 1159 potestatis
793 1119 867 1159 per
891 1105 1143 1160 collegarum
1173 1105 1524 1146 intercessionem.
1579 1103 1700 1145 facile

338 1165 526 1207 homines
552 1180 681 1207 novos
707 1166 948 1207 auctoritate
971 1167 1204 1221 principum
1228 1167 1279 1208 de
1311 1166 1513 1207 sententia
1538 1166 1698 1214 deduci,

341 1227 374 1268 si
399 1235 629 1282 temporum
653 1228 858 1269 interdum
882 1228 1018 1283 potius
1044 1243 1169 1282 quam
1194 1229 1419 1270 maiestatis
1445 1243 1603 1270 memor
1627 1228 1700 1269 ad-

295 1302 313 1331 s
339 1288 529 1331 hibeatur
558 1290 698 1331 oratio.
752 1305 827 1344 pro
863 1290 1028 1331 fortuna
1062 1290 1142 1331 illis
1180 1290 1338 1331 animos
1376 1305 1480 1331 esse.
1534 1289 1605 1331 ubi
1636 1290 1697 1330 vi-

342 1351 482 1401 deant,
521 1351 699 1406 collegas
724 1352 930 1406 principes
956 1352 1142 1407 agendae
1171 1352 1230 1392 rei
1254 1351 1428 1407 gratiam
1459 1366 1622 1392 omnem
1648 1352 1699 1392 ad

297 1428 313 1455 a
340 1412 504 1468 plebem
527 1427 852 1468 praeoccupasse
876 1428 953 1454 nee
976 1413 1113 1454 locum
1137 1413 1179 1454 in
1205 1428 1253 1454 ea
1275 1413 1461 1454 relictum
1482 1412 1572 1462 sibi,
1599 1412 1698 1454 haut

340 1481 509 1530 gravate
534 1474 808 1516 adclinaturos
835 1490 879 1516 se
905 1475 957 1515 ad
983 1489 1150 1516 causam
1172 1481 1350 1524 senatus,
1376 1489 1450 1528 per
1468 1488 1591 1527 quam
1612 1475 1699 1514 uni-

277 1550 316 1578 lo
341 1551 459 1577 verso
485 1536 628 1586 ordini,
654 1543 742 1577 tum
766 1536 1013 1591 primoribus
1035 1551 1078 1578 se
1097 1543 1260 1591 patrum
1281 1536 1509 1577 concilient.
1553 1536 1700 1590 adpro-

340 1597 534 1639 bantibus
567 1599 723 1639 cunetis
755 1605 795 1639 et
825 1605 918 1639 ante
950 1613 1093 1640 omnes
1126 1597 1179 1651 Q.
1208 1597 1384 1640 Servilio
1414 1597 1558 1639 Prisco
1590 1597 1699 1651 quod

340 1673 422 1699 non
448 1658 740 1714 degenerasset
764 1659 815 1700 ab
842 1660 966 1714 stirpe
995 1659 1172 1701 Claudia
1196 1659 1467 1700 conlaudante
1492 1659 1698 1707 iuvenem,

340 1721 551 1775 negotium
577 1721 708 1771 datur,
735 1728 780 1762 ut
804 1736 908 1775 quos
933 1721 1109 1775 quisque
1132 1727 1274 1776 posset
1299 1735 1350 1761 ex
1375 1720 1548 1775 collegio
1573 1720 1701 1761 tribu-

279 1797 311 1824 11
341 1796 486 1823 norum
511 1783 564 1823 ad
587 1783 925 1824 intercessionem
949 1782 1204 1837 perlicerent.
1254 1782 1381 1823 misso
1413 1788 1558 1822 senatu
1581 1796 1702 1836 pren-

343 1854 484 1886 santur
508 1844 560 1886 ab
584 1844 839 1900 principibus
866 1845 1029 1886 tribuni.
1081 1844 1311 1894 suadendo,
1349 1844 1554 1885 monendo
1585 1842 1702 1898 polli-

343 1907 572 1961 cendoque,
610 1914 773 1963 gratum
798 1907 840 1947 id
867 1907 1039 1962 singulis
1070 1906 1282 1962 privatim,
1320 1912 1486 1961 gratum
1509 1905 1702 1946 universo

281 1982 318 2010 12
343 1969 503 2010 senatui
527 1969 633 2019 fore,
662 1984 737 2010 sex
762 1969 814 2010 ad
838 1969 1174 2010 intercessionem
1200 1982 1494 2023 conparavere3
1519 1972 1703 2022 postero-

342 2045 421 2084 que
452 2031 518 2071 die
549 2045 643 2071 cum
675 2046 725 2072 ex
756 2031 984 2086 composito
1014 2030 1187 2071 relatum
1219 2030 1272 2070 ad
1303 2036 1491 2071 senatum
1516 2035 1626 2071 esset
1651 2029 1701 2069 de

343 2093 560 2143 seditione,
598 2107 723 2147 quam
746 2093 966 2134 Maecilius
991 2092 1261 2146 Metiliusque
1291 2092 1506 2147 largitione
1530 2091 1701 2146 pessimi

280 2169 316 2197 13
343 2154 519 2209 exempli
544 2155 768 2204 concirent,
796 2170 868 2196 eae
894 2155 1098 2196 orationes
1124 2170 1148 2195 a
1170 2153 1417 2209 primoribus
1443 2159 1606 2208 patrum
1630 2153 1704 2193 ha-

342 2215 451 2257 bitae
478 2223 585 2266 sunt,
611 2223 656 2258 ut
679 2232 754 2272 pro
781 2232 826 2259 se
851 2217 1026 2271 quisque
1052 2216 1132 2257 iam
1158 2231 1235 2257 nee
1260 2215 1476 2257 consilium
1502 2214 1581 2256 sibi
1606 2229 1703 2269 sup-

342 2285 479 2333 petere
510 2279 664 2320 diceret
693 2293 769 2320 nec
801 2293 844 2320 se
875 2279 1001 2320 ullam
1033 2293 1154 2333 opem
1184 2291 1348 2319 eernere
1374 2277 1495 2318 aliam
1529 2290 1703 2330 usquam

343 2347 628 2395 praeterquam
652 2341 695 2381 in
719 2340 937 2382 tribunicio
963 2340 1128 2381 auxilio.
1164 2339 1206 2380 in
1231 2339 1319 2381 eius
1343 2338 1558 2394 potestatis
1577 2338 1702 2379 fidem

344 2403 665 2444 circumventam
692 2417 780 2444 rem
810 2402 1020 2457 publicam
1057 2408 1266 2455 tamquam
1300 2401 1508 2456 privatum
1537 2400 1702 2455 inopem

282 2477 318 2505 14
345 2464 580 2521 confugere.
616 2464 873 2520 praeclarum
897 2464 999 2518 ipsis
1023 2463 1299 2519 potestatique
1325 2477 1429 2511 esse,
1456 2476 1536 2503 non
1562 2462 1614 2502 ad
1633 2475 1702 2501 ve-

343 2527 523 2567 xandum
551 2532 738 2568 senatum
763 2526 1091 2579 discordiamque
1117 2525 1305 2566 ordinum
1335 2523 1583 2565 movendam
1606 2522 1699 2577 plus

344 2586 386 2627 in
416 2587 625 2629 tribunatu
654 2588 803 2629 virium
841 2602 933 2628 esse-
969 2601 1094 2640 quam
1130 2587 1182 2627 ad
1212 2585 1486 2627 resistendum
1517 2582 1698 2638 inprobis

284 2661 320 2690 15
346 2649 539 2704 conlegis.
587 2649 775 2691 fremitus
801 2648 949 2690 deinde
975 2648 1155 2689 universi
1181 2653 1347 2689 senatus
1373 2653 1504 2695 ortus,
1530 2659 1623 2685 cum
1649 2657 1697 2683 ex

347 2710 535 2751 omnibus
554 2711 739 2764 partibus
761 2711 895 2752 curiae
916 2709 1067 2751 tribuni
1088 2709 1400 2764 appellarentur.
1433 2714 1519 2747 tum
1539 2704 1697 2746 silentio
