1835 3226
258 858 274 885 (Ξ

261 1105 276 1132 ἲ

259 1289 278 1315 S

241 1782 278 1810 10

239 2094 273 2121 11

241 2280 276 2306 12

242 2588 277 2615 115

302 237 383 278 280
646 240 798 275 LIBER
822 239 868 283 V,
894 239 948 273 28.
976 242 1022 282 [a.
1037 250 1070 272 u.
1087 250 1116 273 e.
1130 239 1206 273 3G0.
1227 241 1309 284 361]

301 348 441 396 deum,
474 346 538 387 cui
563 345 803 392 mitteretur,
830 348 870 383 et
894 342 991 383 doni
1016 356 1185 384 causam
1209 342 1362 383 veritus
1388 343 1494 398 ipse,
1521 346 1656 386 multi-

301 408 484 448 tudinem
515 419 697 460 quoque,
735 418 840 458 quae
872 418 1034 458 semper
1063 404 1193 445 ferme
1223 404 1382 460 regenti
1413 411 1475 445 est
1501 406 1656 457 similis,

301 468 509 523 religionis
539 467 672 508 iustae
702 465 872 520 inplevit
902 466 1185 520 adductosque
1216 466 1257 506 in
1282 465 1494 520 publicum
1518 466 1657 523 hospi-

302 531 404 571 tium
426 529 585 583 legatos
611 543 706 570 cum
729 528 935 583 praesidio
961 528 1084 569 etiam
1107 527 1275 568 navium
1301 527 1489 582 Delphos
1519 543 1661 583 prose-

302 599 420 633 cutus
450 591 630 632 Romam
659 590 754 631 inde
787 590 962 645 sospites
992 590 1181 631 restituit.
1229 589 1455 645 hospitium
1486 605 1581 632 cum
1611 605 1659 632 eo

303 658 468 694 senatus
494 651 682 693 consulto
708 658 770 693 est
795 651 951 692 factum
977 651 1166 705 donaque
1190 651 1354 706 publice
1380 652 1488 693 data.

385 714 550 755 Eodem
574 728 682 755 anno
707 714 750 754 in
774 713 934 767 Aequis
959 713 1071 754 varie
1096 712 1312 763 bellatum,
1338 714 1441 754 adeo
1465 724 1511 754 ut
1534 714 1576 755 in
1600 714 1660 755 in-

301 787 411 817 certo
440 775 564 816 fuerit
593 782 634 817 et
664 775 774 830 apud
803 775 917 830 ipsos
950 775 1152 816 exercitus
1184 783 1224 815 et
1248 775 1426 825 Romae,
1463 776 1660 817 vicissent

301 839 450 880 victine
476 845 626 880 essent.
674 839 943 893 imperatores
968 838 1147 879 Romani
1171 837 1286 878 fuere
1313 852 1365 878 ex
1388 837 1562 879 tribunis
1586 838 1662 878 mi-

302 902 419 942 litum
441 900 490 942 C.
505 900 730 951 Aemilius,
755 899 827 955 Sp.
843 900 1098 942 Postumius.
1135 900 1268 954 primo
1286 914 1372 940 rem
1393 900 1662 941 communiter

301 970 539 1018 gesserunt3
576 962 681 1004 fusis
717 963 813 1004 inde
849 963 936 1003 acie
971 962 1161 1003 hostibus
1191 961 1420 1003 Aemilium
1455 963 1660 1017 praesidio

303 1025 579 1081 Verruginem
616 1024 800 1066 obtinere
835 1024 1007 1079 placuit,
1051 1023 1310 1065 Postumium
1347 1024 1449 1064 fines
1485 1031 1660 1064 vastare.

303 1086 360 1128 ibi
381 1102 474 1127 eum
493 1087 766 1141 incomposito
786 1086 951 1142 agmine
969 1085 1255 1141 neglegentius
1276 1085 1327 1126 ab
1345 1099 1389 1125 re
1413 1084 1518 1125 benc
1543 1091 1662 1140 gesta

304 1156 469 1189 euntem
489 1149 620 1189 adorti
638 1148 778 1202 Aequi
798 1155 949 1189 terrore
969 1148 1118 1189 iniecto
1142 1147 1185 1188 in
1208 1147 1418 1202 proximos
1445 1146 1661 1201 conpulere

303 1210 503 1259 tumulos,
528 1224 738 1265 pavorque
762 1210 858 1251 inde
882 1209 1159 1264 Verruginem
1185 1210 1306 1251 etiam
1333 1209 1386 1249 ad
1410 1208 1662 1263 praesidium

304 1272 476 1313 alterum
509 1279 569 1313 cst
600 1273 793 1327 perlatus.
842 1272 1083 1313 Postumius
1116 1272 1201 1313 suis
1239 1272 1280 1312 in
1317 1279 1450 1312 tutum
1486 1273 1660 1326 receptis

304 1350 396 1375 cum
424 1336 613 1376 contione
639 1335 839 1376 advocata
864 1341 1058 1376 terrorem
1084 1334 1311 1388 increparet
1336 1347 1383 1374 ac
1408 1333 1570 1389 fugam,
1596 1333 1661 1374 fu-

306 1411 374 1437 sos
406 1411 497 1438 esse
523 1397 574 1438 ab
600 1397 870 1451 ignavissimo
895 1411 943 1437 ac
968 1396 1238 1451 fugacissimo
1264 1395 1400 1436 hoste:
1433 1395 1659 1436 conclamat

306 1459 522 1499 universus
555 1459 778 1509 exercitus,
810 1459 954 1499 merito
981 1473 1024 1500 sc
1050 1473 1097 1499 ca
1123 1458 1262 1499 audire
1289 1465 1328 1499 et
1359 1458 1479 1499 fateri
1509 1458 1661 1499 admis-

306 1536 397 1562 sum
416 1521 636 1576 flagitium,
664 1522 737 1562 sed
763 1521 929 1562 eosdem
956 1528 1209 1562 correcturos
1236 1535 1327 1561 esse
1352 1535 1485 1574 neque
1505 1520 1661 1561 diutur-

306 1597 406 1622 num
437 1583 479 1622 id
508 1582 709 1637 gaudium
738 1582 927 1624 hostibus
958 1583 1058 1623 sore.
1107 1590 1343 1637 poscentes,
1374 1589 1419 1622 ut
1445 1582 1663 1623 confestim

302 1645 398 1685 inde
429 1645 482 1684 ad
513 1651 648 1685 castra
677 1645 858 1686 hostium
890 1645 1057 1686 duceret
1082 1670 1136 1674 —
1161 1659 1210 1685 ea
1234 1645 1276 1685 in
1301 1652 1523 1699 conspectu
1548 1651 1662 1685 crant

302 1706 437 1761 posita
467 1706 508 1746 in
539 1706 663 1760 plano
689 1732 761 1756 —,
799 1706 899 1746 nihil
929 1720 1086 1760 poenae
1117 1705 1380 1755 recusabant,
1418 1707 1461 1746 ni
1491 1721 1539 1747 ea
1569 1717 1662 1747 ante

303 1775 466 1809 noctem
497 1775 819 1823 expugnassent.
869 1768 1135 1809 conlaudatos
1168 1782 1339 1822 corpora
1368 1782 1510 1808 curare
1545 1783 1661 1822 para-

303 1837 449 1884 tosque
487 1845 579 1872 esse
616 1837 762 1884 quarta
797 1830 939 1885 vigilia
973 1829 1099 1871 iubet.
1149 1836 1188 1870 et
1224 1829 1383 1879 hostes,
1421 1836 1663 1870 nocturnam

303 1892 447 1948 fugam
473 1906 525 1933 ex
550 1892 708 1934 tumulo
732 1893 1016 1934 Romanorum
1039 1898 1085 1932 ut
1109 1891 1161 1933 ab
1187 1906 1235 1932 ca
1259 1892 1344 1941 via,
1376 1905 1481 1945 quae
1505 1890 1663 1932 ferebat

303 1954 600 2010 Verruginem,
638 1954 921 2004 excluderent,
958 1954 1074 1995 fuere
1106 1953 1217 1995 obvii
1252 1954 1535 2008 proeliumque
1570 1960 1663 1994 ante

304 2016 438 2058 lucem
470 2041 525 2046 ——
557 2017 631 2058 sed
666 2017 764 2058 luna
799 2031 956 2071 pernox
992 2023 1077 2057 erat
1107 2041 1161 2045 —
1193 2016 1460 2056 commissum
1497 2022 1571 2056 est.
1625 2022 1663 2056 et

303 2078 414 2120 haud
437 2079 632 2120 incertius
659 2078 805 2119 diurno
828 2078 1030 2133 proelium
1055 2077 1144 2118 fuit.
1195 2077 1266 2118 sed
1293 2077 1446 2117 clamor
1463 2076 1662 2131 Verrugi-
1712 2078 1715 2080 ’

302 2155 396 2181 nem
426 2140 626 2195 perlatus,
665 2155 758 2181 cum
791 2147 925 2181 castra
953 2140 1143 2181 Romana
1173 2139 1384 2180 crederent
1418 2137 1660 2193 oppugnari,

303 2209 461 2243 tantum
493 2203 632 2244 iniecit
661 2203 844 2257 pavoris,
876 2209 921 2242 ut
945 2202 1196 2256 nequiquam
1220 2201 1418 2242 retinente
1444 2207 1566 2253 atque
1591 2199 1663 2241 ob-

305 2272 490 2306 secrante
526 2265 708 2306 Aemilio
740 2265 970 2306 Tusculum
1005 2264 1131 2319 palati
1165 2264 1367 2319 fugerent.
1421 2262 1517 2303 inde
1552 2261 1663 2302 fama

303 2327 482 2369 Romam
513 2328 670 2382 perlata
706 2337 786 2377 est,
822 2327 1085 2369 Postumium
1121 2326 1428 2379 exercitumque
1465 2325 1659 2365 occisum.

304 2389 392 2442 qui,
430 2389 503 2431 ubi
532 2390 666 2444 prima
695 2389 768 2430 lux
793 2395 948 2430 metum
973 2389 1213 2429 insidiarum
1239 2388 1369 2428 effuse
1395 2386 1662 2440 sequentibus

305 2451 487 2501 sustulit,
515 2466 609 2493 cum
633 2452 934 2507 perequitasset
957 2451 1088 2492 aciem
1112 2450 1317 2505 promissa
1340 2455 1549 2504 repetens,
1575 2455 1663 2489 tan-

303 2522 389 2553 tum
424 2514 563 2555 iniecit
599 2514 773 2564 ardoris,
816 2520 861 2554 ut
895 2528 977 2555 non
1013 2513 1120 2553 ultra
1157 2512 1423 2553 sustinuerint
1463 2511 1662 2565 impetum

303 2574 453 2628 Aequi.
514 2576 652 2617 caedis
694 2576 789 2617 inde
830 2575 1097 2631 fugientium,
1146 2574 1278 2628 qualis
1321 2573 1392 2615 ubi
1433 2573 1493 2614 ira
1527 2571 1660 2626 magis

303 2650 427 2688 quam
451 2638 600 2679 virtute
624 2653 690 2680 res
716 2639 883 2694 geritur,
917 2638 968 2679 ad
992 2637 1215 2692 perniciem
1240 2636 1420 2678 hostium
1446 2635 1555 2675 sacta
1579 2638 1659 2682 est3

304 2698 540 2753 tristemque
572 2701 623 2742 ab
650 2701 834 2743 Tusculo
859 2700 1047 2741 nuntium
1072 2699 1322 2754 nequiquam
1347 2695 1537 2739 exterrita
1562 2692 1661 2734 civi·-
