1835 3226
319 262 401 303 316
657 268 807 302 LIBER
833 267 903 311 Vl,
931 267 983 301 11.
1007 268 1058 300 1-2.
1087 269 1135 310 [a.
1151 279 1184 301 u.
1200 279 1229 301 0.
1245 269 1327 312 3ss9]

319 386 462 427 tesque
501 386 635 412 arcem
673 371 894 426 depulerit3
934 370 1042 412 illius
1079 371 1233 427 gloriae
1270 386 1366 426 pars
1404 373 1530 414 virilis
1568 375 1676 429 apud

319 450 459 476 01111100
486 434 634 474 milites
662 433 725 482 sit,
752 434 820 486 qui
848 433 970 474 simul
995 433 1177 482 vicerint,
1206 448 1303 474 suae
1330 433 1524 475 victoriae
1548 437 1677 477 nemi-

274 515 291 541 1,-
317 512 410 538 110111
436 496 618 537 omnium
643 496 875 536 mortalium
902 496 1057 537 socium
1085 510 1188 537 esse.
1243 495 1306 537 his
1332 496 1593 551 opinionibus
1618 500 1678 539 in-

315 560 411 600 flato
436 558 585 606 animo,
613 558 664 598 ad
690 557 767 598 hoc
787 558 885 598 vitio
906 567 1070 611 quoque
1088 558 1242 613 ingenii
1263 558 1483 600 vehemens
1505 567 1544 601 ct
1563 561 1679 614 inpo-

316 631 419 669 tens,
446 626 665 674 postquam
685 619 790 660 inter
808 626 945 673 patres
965 634 1047 660 non
1067 626 1265 672 quantum
1285 635 1463 674 aequum
1484 622 1678 663 censebat

273 698 288 725 ῖ
317 682 515 723 excellere
541 696 636 722 suas
664 695 764 735 opes
790 681 1095 730 animadvertit,
1133 682 1289 736 primus
1322 684 1504 723 omnium
1531 698 1582 724 ex
1606 699 1679 738 pa-

316 744 444 785 tribus
470 743 679 798 popularis
706 743 840 784 factus
867 758 961 784 curn
985 743 1158 798 plebeiis
1178 745 1486 800 magistratibus
1509 746 1680 787 consilia

316 806 630 855 communicare,
658 805 912 846 criminando
936 812 1086 860 patres,
1113 806 1341 847 adliciendo
1367 807 1419 847 ad
1440 821 1483 847 00
1502 807 1677 862 plebem,

315 870 395 909 iam
416 883 526 917 aura,
553 883 635 908 non
655 867 825 908 consilio
844 867 941 908 ferri
959 867 1179 922 famaeque
1206 884 1381 923 magnae
1407 869 1528 909 malle
1554 884 1678 923 quam

272 945 290 974 0
316 931 447 972 bonae
473 945 576 971 esse.
626 936 665 971 et
689 945 772 971 non
797 936 1013 971 contentus
1040 931 1210 985 agrariis
1236 930 1417 986 legibus,
1457 945 1561 984 quae
1592 947 1679 973 ma-

315 994 415 1034 teria
441 1007 603 1047 semper
627 992 801 1033 tribunis
827 992 939 1047 plebi
965 993 1211 1034 seditionum
1243 993 1410 1043 fuisset,
1443 993 1566 1034 fidem
1591 1009 1679 1034 mo-

316 1055 379 1095 liri
404 1055 555 1109 coepit:
588 1055 764 1095 acriores
791 1055 944 1109 quippe
971 1055 1075 1095 acris
1102 1055 1224 1096 alieni
1250 1055 1439 1097 stimulos
1466 1070 1576 1105 esse,
1609 1056 1678 1109 qui

316 1132 397 1158 non
411 1123 636 1172 egestatem
652 1117 774 1157 modo
789 1124 910 1170 atque
929 1116 1199 1171 ignominiam
1220 1117 1438 1167 minentur,
1467 1117 1539 1158 sed
1552 1132 1678 1158 nervo

272 1194 289 1221 1)
317 1194 364 1220 ac
394 1179 567 1219 vinculis
599 1193 747 1232 corpus
778 1178 953 1219 liberum
984 1179 1179 1220 territent.
1235 1187 1275 1220 et
1307 1187 1392 1220 erat
1418 1180 1524 1221 aeris
1557 1179 1677 1220 alieni

317 1257 468 1296 magna
493 1241 554 1281 vis
579 1256 622 1281 re
654 1241 972 1281 damnosissima
1004 1241 1126 1281 etiam
1159 1241 1372 1290 divitibus,
1410 1241 1676 1290 aedificando,

318 1310 536 1344 contracta.
586 1302 739 1344 bellum
764 1303 901 1356 itaque
927 1302 1146 1352 Volscum,
1179 1318 1306 1358 grave
1335 1318 1410 1358 per
1441 1318 1502 1352 00,
1536 1318 1678 1344 onera-

317 1373 403 1406 tum
428 1365 672 1406 Latinorum
699 1372 820 1418 atque
845 1364 1122 1406 Hernicorum
1149 1365 1397 1413 defectione,
1430 1365 1472 1405 in
1498 1365 1677 1419 speciem

254 1442 291 1471 10
317 1442 466 1468 causae
491 1427 704 1475 iactatum,
731 1434 776 1467 ut
802 1428 931 1467 maior
955 1433 1136 1481 potestas
1164 1434 1445 1480 quaereretur:
1473 1427 1545 1468 scd
1570 1442 1677 1468 nova

317 1490 487 1530 consilia
517 1488 663 1529 Manlii
695 1490 827 1544 magis
865 1489 1084 1544 conpulere
1122 1495 1309 1530 senatum
1347 1489 1399 1530 ad
1437 1489 1675 1530 dictatorcm

317 1552 550 1592 creandum.
601 1557 760 1591 creatus
787 1551 840 1591 A.
864 1550 1081 1591 Cornelius
1109 1550 1269 1592 Cossus
1296 1551 1537 1606 magistrum
1564 1552 1678 1604 equi-

317 1621 403 1653 tum
429 1613 531 1653 dixit
557 1612 605 1653 T.
634 1612 875 1665 Quinctium
902 1612 1195 1667 Capitolinum.

276 1690 285 1717 1
400 1674 507 1715 XII.
551 1674 742 1714 Dictator
767 1675 844 1715 etsi
869 1674 1065 1715 maiorem
1090 1674 1394 1715 dimicationem
1424 1675 1675 1729 propositam

317 1736 428 1777 domi
452 1751 575 1790 quam
601 1736 699 1777 foris
726 1736 936 1784 cernebat,
974 1743 1130 1785 tamen,
1170 1751 1242 1776 seu
1268 1736 1364 1789 quia
1395 1736 1599 1777 celeritate
1625 1737 1677 1777 ad

317 1798 468 1840 bellum
494 1813 597 1852 opus
623 1804 709 1838 crat
734 1813 807 1838 seu
832 1798 1001 1838 victoria
1026 1797 1315 1852 triumphoque
1340 1797 1566 1838 dictaturae
1596 1798 1675 1852 ipsi

316 1861 422 1902 vires
450 1875 493 1901 se
519 1860 754 1900 additurum
779 1867 905 1909 ratus,
932 1860 1084 1900 dilectu
1108 1859 1247 1901 habito
1270 1859 1310 1899 in
1330 1875 1475 1914 agrum
1494 1859 1680 1914 Pompti-

315 1939 432 1972 num,
465 1937 546 1976 quo
572 1938 597 1963 a
620 1921 786 1964 Volscis
814 1923 1039 1963 exercitum
1063 1922 1263 1963 indictum
1298 1922 1500 1971 audierat,
1532 1922 1677 1977 pergit.

316 2001 398 2027 non
422 1985 577 2034 dubito,
604 1991 765 2039 praeter
790 1985 1020 2026 satietatem
1046 1990 1104 2025 tot
1129 1985 1211 2025 iam
1236 1984 1350 2025 libris
1381 1984 1554 2025 adsidua
1573 1984 1680 2025 bella

316 2063 409 2089 cum
435 2047 599 2088 Volscis
631 2053 749 2103 gesta
778 2047 1010 2102 legentibus
1042 2047 1144 2086 illud
1175 2061 1339 2100 quoque
1371 2060 1675 2091 succursurum,

316 2110 428 2163 quod
451 2109 552 2149 1111111
578 2110 834 2163 percensenti
860 2109 1071 2163 propiores
1097 2108 1349 2163 temporibus
1370 2107 1514 2148 harum
1539 2121 1676 2148 rerum

317 2178 506 2213 auctores
531 2171 727 2213 miraculo
754 2171 850 2220 fuit,
883 2171 991 2211 unde
1017 2171 1166 2212 totiens
1192 2170 1310 2211 victis
1336 2169 1502 2210 Volscis
1528 2175 1568 2209 ct
1591 2167 1678 2209 Ae-

274 2248 290 2274 2‘,
318 2234 410 2287 quis
442 2233 679 2275 suffecerint
708 2233 870 2274 milites.
927 2233 1038 2286 quod
1074 2247 1169 2273 cum
1205 2232 1256 2274 ab
1295 2231 1472 2285 antiquis
1508 2231 1677 2272 tacitum

318 2295 734 2349 praetermissumque
761 2295 830 2344 sit,
869 2295 985 2335 cuius
1018 2295 1183 2335 tandem
1215 2309 1292 2349 ego
1319 2294 1376 2334 rei
1405 2300 1567 2348 praeter
1592 2293 1678 2348 opi-

317 2358 498 2408 nionem,
535 2372 642 2411 quae
668 2373 744 2399 sua
768 2358 915 2411 cuique
947 2357 1191 2398 coniectanti
1223 2371 1314 2397 0000
1345 2362 1498 2411 potest,
1536 2363 1677 2397 auctor

273 2433 291 2461 4
319 2420 420 2460 sim?
462 2420 593 2460 simile
617 2420 704 2460 veri
729 2428 809 2469 est,
841 2426 911 2460 aut
936 2419 1161 2460 intervallis
1187 2419 1405 2468 bellorum,
1439 2419 1544 2459 sicut
1567 2433 1677 2459 nunc

317 2482 356 2522 in
383 2483 600 2523 dilectibus
625 2483 670 2523 fit
694 2483 915 2531 Romanis,
947 2482 1025 2523 alia
1051 2489 1173 2535 atque
1199 2482 1278 2522 alia
1303 2481 1446 2523 subole
1473 2481 1676 2522 iuniorum

317 2545 369 2584 ad
394 2544 501 2585 bella
524 2545 793 2586 instauranda
817 2545 965 2585 totiens
992 2559 1090 2585 usos
1116 2558 1227 2593 0000,
1261 2551 1330 2584 aut
1355 2558 1437 2584 non
1469 2558 1520 2584 cx
1544 2543 1675 2584 isdem

318 2620 479 2660 semper
502 2607 666 2661 populis
692 2607 896 2647 exercitus
918 2606 1105 2660 scriptos,
1132 2620 1385 2659 quamquam
1405 2605 1547 2645 eadem
1570 2619 1676 2644 sem-

273 2680 290 2708 5
317 2681 388 2720 per
418 2683 519 2722 gens
552 2668 704 2709 bellum
734 2669 933 2718 intulerit,
972 2675 1042 2709 aut.
1071 2667 1414 2708 innumerabilem
1450 2665 1675 2707 multitudi-

317 2743 410 2769 nem
435 2730 655 2771 liberorum
681 2731 861 2785 capitum
886 2731 929 2771 in
954 2731 1012 2771 eis
1040 2730 1168 2771 fuisse
1194 2729 1306 2779 10010,
1334 2743 1438 2782 quac
1459 2741 1578 2775 nunc,
1605 2726 1672 2765 vix

272 2000 288 2027 [ό
