1780 3204
458 248 611 283 LIBER
637 248 690 292 11,
716 247 769 282 30.
798 250 848 292 [a.
865 246 999 291 C.494]
1324 238 1376 279 91

21 354 178 403 lubres,
215 352 356 406 utique
392 352 533 392 Lareii
568 350 768 406 putabant
804 351 1066 399 sententiam,
1110 365 1215 403 quae
1252 359 1380 391 totam

22 416 147 456 fidem
183 414 353 455 tolleret.
407 414 589 454 medium
625 413 803 454 maxime
840 420 880 453 et
916 412 1174 454 moderatum
1208 419 1381 465 utroque

23 477 240 519 consilium
276 475 465 530 Verginii
501 474 746 525 habebatur3
786 475 860 516 sed
895 474 1073 516 factione
1108 481 1380 528 respectuque
1406 488 1424 515 2

22 554 159 580 rerum
183 539 452 593 privatarum,
490 551 595 590 quae
621 551 782 591 semper
807 536 980 578 offecere
1012 535 1276 589 officientque
1306 550 1382 590 pu-

23 601 141 642 blicis
167 599 366 648 consiliis,
392 598 557 653 Appius
582 599 680 639 vicit
705 613 751 639 ae
777 612 903 652 prope
928 597 1023 646 fuit,
1050 605 1094 638 ut
1119 597 1292 638 dictator
1314 596 1382 638 ille

24 663 133 703 idem
165 668 387 710 crearetur,
425 675 530 713 quae
560 675 625 701 res
656 660 798 713 utique
829 659 1049 700 alienasset
1083 658 1246 713 plebem
1276 657 1383 712 peri·
1408 672 1426 700 3

25 723 285 766 culosissimo
311 729 506 776 tempore,
533 736 626 762 cum
645 721 790 762 Volsci
808 720 1029 774 Aequique
1049 727 1088 761 et
1109 719 1254 761 Sabini
1278 720 1383 760 forte

24 803 106 828 una
130 801 272 828 omnes
297 786 340 826 in
365 785 488 826 armis
520 791 669 825 essent.
720 784 794 825 sed
818 798 940 824 curae
964 783 1042 823 fuit
1073 781 1311 824 consulibus
1343 788 1382 822 et
1408 794 1426 822 4

25 848 253 891 senioribus
280 855 461 902 patrum,
492 853 538 887 ut
561 846 765 900 inperium
791 860 866 886 suo
890 845 1133 894 vehemens,
1165 852 1382 885 mansueto

23 910 325 965 permitteretur
360 908 538 963 ingenio.
592 906 654 948 M.
686 906 900 948 Valerium
935 907 1194 955 dictatorem,
1237 904 1382 946 Volesi
1408 919 1426 947 Γ)

25 972 170 1021 filium,
197 977 346 1012 creant.
382 969 525 1024 plebes
551 969 628 1010 etsi
652 968 850 1010 adversus
878 982 921 1009 se
942 974 1124 1008 creatum
1143 967 1384 1008 dictatorem

25 1033 209 1082 videbat,
247 1040 403 1081 tamen,
440 1046 534 1073 cum
559 1030 891 1085 provocationem
916 1029 1053 1070 fratris
1078 1029 1171 1084 lege
1200 1029 1382 1077 haberet,

25 1095 126 1136 nihil
153 1109 205 1135 ex
232 1109 279 1135 ea
303 1093 459 1134 familia
484 1093 598 1133 triste
622 1106 697 1133 nec
723 1091 947 1146 superbum
972 1090 1154 1131 timebat.
1204 1091 1382 1131 edictum
1410 1101 1428 1129 o

26 1156 173 1197 deinde
198 1171 222 1197 a
246 1155 442 1195 dictatore
473 1154 728 1208 propositum
760 1152 1015 1194 confirmavit
1046 1151 1205 1192 animos
1234 1150 1385 1193 Servili

24 1218 109 1258 fere
139 1216 318 1258 consulis
350 1216 483 1256 edicto
514 1215 776 1256 conveniens.
832 1214 907 1255 sed
937 1220 977 1254 et
1006 1213 1164 1254 homini
1195 1220 1235 1254 et
1265 1221 1381 1267 pote-

25 1279 118 1321 stati
142 1278 287 1319 melius
313 1278 389 1319 rati
414 1277 542 1327 credi,
576 1277 730 1318 omisso
755 1276 995 1325 certamine,
1022 1276 1189 1317 nomina
1213 1275 1381 1316 dedere:

23 1347 201 1394 quantus
219 1354 445 1393 numquam
464 1346 558 1380 ante
578 1339 794 1388 exereitus,
820 1337 1006 1393 legiones
1026 1337 1170 1378 decem
1190 1337 1381 1385 effectae3
1411 1351 1426 1378 ῑ

23 1410 162 1444 ternae
185 1402 280 1443 inde
305 1402 424 1443 datae
450 1401 702 1451 consulibus,
729 1408 920 1455 quattuor
944 1401 1119 1442 dictator
1143 1415 1257 1442 usus.

106 1461 194 1505 Nec
206 1464 288 1504 iam
307 1471 466 1518 poterat
485 1463 639 1504 bellum
658 1463 825 1504 differri.
862 1462 1002 1516 Aequi
1014 1463 1216 1503 Latinum
1235 1477 1381 1517 agrum
1407 1474 1425 1503 8

24 1527 269 1568 invaserant.
302 1532 482 1567 oratores
502 1526 749 1566 Latinorum
775 1524 826 1566 ab
853 1532 998 1566 senatu
1017 1523 1223 1578 petebant,
1249 1530 1294 1564 ut
1313 1531 1384 1564 aut

25 1588 229 1629 mitterent
255 1587 486 1629 subsidium
510 1595 579 1628 aut
606 1602 650 1628 se
674 1587 787 1641 ipsos
814 1587 1060 1627 tuendorum
1089 1586 1235 1626 finium
1259 1599 1385 1626 causa

26 1663 171 1704 capere
196 1664 309 1690 arma
333 1649 524 1690 sinerent.
574 1649 700 1690 tutius
726 1649 864 1690 visum
894 1655 974 1697 est,
1007 1647 1174 1688 defendi
1204 1647 1381 1687 inermes
1408 1660 1426 1688 a

26 1710 200 1751 Latinos
226 1724 351 1763 quam
373 1710 460 1764 pati
483 1719 702 1751 retractare
727 1725 853 1750 arma.
892 1709 1090 1750 Vetusius
1117 1708 1261 1749 consul
1285 1707 1383 1747 mis-

29 1786 99 1812 sus
125 1778 198 1811 est.
246 1771 283 1811 is
306 1771 400 1812 finis
425 1771 760 1825 populationibus
786 1771 877 1812 fuit.
927 1784 1088 1811 cessere
1112 1769 1253 1821 Aequi
1277 1783 1387 1809 cam-

28 1833 105 1886 pis,
131 1831 303 1884 locoque
327 1833 460 1887 magis
485 1847 609 1885 quam
629 1833 752 1873 armis
773 1832 866 1873 freti
886 1831 1057 1873 summis
1079 1845 1122 1872 se
1142 1830 1251 1884 iugis
1271 1844 1387 1870 mon-

30 1894 132 1934 tium
157 1892 405 1934 tutabantur.

113 1953 234 1995 Alter
258 1954 403 1995 consul
432 1955 475 1995 in
498 1954 674 1996 Volscos
700 1953 929 2008 profectus,
966 1967 1018 1994 ne
1049 1960 1089 1993 et
1117 1953 1208 2007 ipse
1238 1958 1385 1992 tereret
1414 1965 1453 1993 ιο
1512 2005 1515 2008 η

31 2023 212 2070 tempus,
249 2016 460 2057 vastandis
497 2016 675 2057 maxime
707 2016 816 2070 agris
853 2015 1016 2056 hostem
1051 2014 1104 2055 ad
1139 2013 1387 2055 conferenda

31 2078 198 2132 propius
230 2085 363 2119 castra
393 2078 753 2130 dimicandumque
786 2077 872 2118 acic
904 2076 1066 2117 excivit.
1115 2075 1251 2116 medio
1282 2075 1387 2115 inter
1415 2089 1449 2116 11

31 2146 166 2180 castra
196 2153 342 2193 campo
373 2146 467 2180 ante
499 2154 619 2180 suum
655 2139 830 2192 quisque
867 2138 1021 2179 vallum
1056 2137 1219 2178 infestis
1257 2136 1385 2191 signis

31 2201 268 2242 consistere.
327 2201 586 2241 multitudine
634 2200 887 2253 aliquantum
929 2199 1074 2240 Volsci
1120 2197 1386 2252 superabant:

32 2262 168 2315 itaque
200 2262 321 2303 effusi
357 2269 396 2303 et
433 2262 698 2316 contemptim
734 2277 918 2317 pugnam
954 2261 1068 2302 inire.
1129 2259 1274 2301 consul
1303 2259 1454 2300 Ro-12

32 2338 178 2363 manus
209 2337 284 2363 nec
313 2324 518 2377 promovit
547 2323 678 2364 aciem
713 2337 789 2364 nec
826 2322 1046 2364 clamorem
1077 2321 1195 2363 reddi
1223 2335 1386 2375 passus,

33 2383 178 2425 defixis
214 2383 308 2438 pilis
344 2391 452 2425 stare
489 2399 586 2425 suos
622 2384 760 2425 iussit:
801 2384 873 2425 ubi
909 2384 962 2425 ad
996 2398 1166 2424 manum
1209 2383 1388 2423 venisset

34 2445 182 2494 hostis,
219 2453 307 2486 tum
337 2453 497 2487 coortos
534 2453 619 2487 tota
653 2446 695 2486 vi
729 2445 878 2501 gladiis
914 2461 1001 2486 rem
1036 2459 1190 2500 gerere.
1244 2443 1388 2484 Volsci
1417 2457 1454 2486 13

34 2521 158 2548 cursu
182 2513 222 2547 et
246 2507 422 2549 clamore
446 2507 548 2549 fessi
572 2522 667 2548 cum
692 2521 736 2548 se
760 2507 873 2548 velut
903 2506 1163 2562 stupentibus
1189 2512 1303 2546 metu
1326 2505 1388 2545 in-

34 2568 222 2609 tulissent
257 2568 476 2619 Romanis,
524 2576 746 2624 postquam
786 2569 1086 2624 inpressionem
1128 2582 1293 2609 sensere
1336 2581 1389 2608 ex

34 2629 208 2671 adverso
233 2629 384 2671 factam
410 2638 449 2671 et
473 2638 568 2671 ante
592 2630 732 2672 oculos
752 2630 903 2671 micare
922 2630 1096 2686 gladios,
1122 2629 1234 2671 haud
1253 2643 1386 2678 secus,

35 2705 158 2744 quam
185 2692 219 2732 si
243 2691 412 2733 insidias
437 2693 696 2742 incidissent,
733 2692 885 2734 turbati
910 2700 1072 2734 vertunt
1103 2700 1235 2748 terga,
1273 2698 1313 2733 et
1336 2705 1387 2732 ne
