1835 3226
286 341 316 368 11

281 648 319 677 153

281 958 318 986 14

280 1083 320 1111 15>

281 1206 319 1236 1ss

282 1455 318 1483 17

300 1766 317 1795 Νι

302 2696 319 2724 6

347 215 431 255 390
630 221 782 255 LIBER
808 220 900 264 VII,
926 220 981 253 37.
999 219 1053 254 38.
1082 222 1130 262 [a.
1145 231 1179 254 u.
1195 230 1226 254 c.
1242 221 1319 254 411.
1338 220 1420 265 412]

348 326 640 366 frumentatum
665 337 738 377 per
763 337 883 377 agros
910 322 1080 363 militem
1112 322 1225 363 duci:
1262 323 1423 364 interim
1454 324 1591 377 quieto
1615 324 1700 366 Ro-

346 401 485 435 mano,
534 385 605 438 qui
646 385 862 439 expeditus
899 392 1099 438 quantum
1136 385 1286 426 umeris
1323 385 1428 426 inter
1464 401 1578 426 arma
1613 387 1700 441 geri

344 456 485 502 posset
509 447 703 488 frumenti
730 461 870 487 secum
896 446 1116 496 attulisset,
1149 446 1340 488 defutura
1365 448 1513 489 omnia.
1557 449 1702 489 consul

344 509 503 564 palatos
540 523 614 563 per
649 523 771 564 agros
809 523 903 550 curn
940 509 1111 550 vidisset
1145 509 1305 559 hostes,
1344 510 1540 551 stationes
1577 510 1702 551 infre-

345 579 516 624 quentes
547 571 728 620 relictas,
765 571 908 625 paucis
940 571 1089 612 milites
1122 571 1361 612 adhortatus
1394 572 1446 613 ad
1471 578 1606 614 castra
1629 587 1702 627 op-

346 634 569 688 pugnanda
599 633 723 674 ducit.
783 647 889 687 quae
915 648 1007 674 cum
1032 633 1165 688 primo
1191 634 1369 675 clamore
1395 641 1517 688 atque
1542 635 1699 689 impetu

345 697 521 751 cepisset
551 696 737 751 pluribus
763 696 943 737 hostium
970 697 1011 737 in
1037 697 1220 738 tentoriis
1247 698 1331 738 suis
1357 712 1480 750 quam
1506 698 1548 738 in
1572 699 1700 752 portis

344 759 533 812 valloque
570 758 720 808 caesis,
759 758 879 813 signa
915 759 1077 813 captiva
1112 759 1152 799 in
1188 775 1317 800 unum
1353 760 1489 801 locum
1526 760 1702 801 conferri

344 821 481 870 iussit,
508 820 742 874 relictisque
768 820 929 862 duabus
954 821 1187 876 legionibus
1214 822 1425 863 custodiae
1451 828 1490 862 et
1508 822 1702 876 praesidii

345 898 470 924 causa
504 883 620 938 gravi
657 883 791 924 edicto
827 883 1012 933 monitis,
1056 890 1117 933 ut,
1161 883 1292 925 donee
1327 884 1416 938 ipse
1451 884 1700 934 revertisset,

344 945 496 1000 praeda
515 944 784 994 abstinerent,
811 944 1020 999 profectus
1042 945 1206 1000 agmine
1226 946 1444 994 instructo,
1471 960 1565 986 cum
1584 960 1702 1000 prae-

344 1007 495 1048 missus
528 1021 653 1060 eques
685 1006 798 1047 velut
829 1007 1022 1062 indagine
1054 1007 1275 1062 dissipatos
1309 1007 1516 1049 Samnites
1548 1015 1700 1063 ageret,

346 1069 514 1109 eaedem
550 1069 761 1123 ingentem
798 1069 908 1110 fecit.
969 1084 1065 1110 nam
1101 1084 1234 1123 neque
1271 1084 1353 1123 quo
1391 1070 1511 1124 signo
1548 1071 1702 1111 coirent

344 1131 448 1171 inter
479 1145 522 1171 se
552 1145 685 1183 neque
711 1137 847 1171 utrum
873 1137 1007 1172 eastra
1031 1138 1215 1185 peterent
1242 1147 1293 1172 an
1318 1132 1545 1187 longiorem
1570 1132 1702 1172 inten-

344 1193 486 1233 derent
516 1192 679 1247 fugam,
711 1193 860 1234 territis
887 1200 1073 1234 constare
1099 1200 1277 1247 poterat:
1309 1201 1550 1247 tantumque
1575 1194 1700 1248 fugae

345 1269 393 1296 ac
417 1255 646 1296 formidinis
673 1254 768 1303 fuit,
795 1262 839 1295 ut
864 1255 916 1295 ad
941 1255 1213 1309 quadraginta
1238 1256 1350 1296 milia
1375 1262 1603 1305 scutorum,
1631 1270 1700 1295 ne-

345 1331 552 1370 quaquam
583 1324 640 1358 tot
671 1316 820 1365 caesis,
859 1323 898 1357 et
929 1317 1048 1371 signa
1078 1317 1267 1357 militaria
1298 1332 1390 1358 cum
1422 1318 1490 1366 iis,
1529 1332 1633 1370 quae
1658 1318 1699 1357 in

346 1379 489 1419 castris
522 1386 640 1432 capta
672 1386 803 1427 crant,
841 1379 890 1418 ad
924 1390 1087 1418 centum
1120 1379 1381 1433 se1‘›tuaginta
1411 1379 1462 1420 ad
1488 1379 1699 1421 consulem

346 1440 612 1482 deferrentur.
657 1448 743 1480 tum
768 1441 810 1481 in
835 1447 970 1481 eastra
994 1440 1174 1482 hostium
1199 1442 1375 1482 reditum
1401 1441 1539 1494 ibique
1566 1441 1698 1482 onmis

344 1502 497 1557 praeda
521 1502 638 1542 militi
663 1502 770 1542 data.

430 1563 700 1605 XXXVIII.
733 1564 872 1605 Huius
894 1565 1127 1606 certaminis
1148 1564 1312 1606 fortuna
1333 1572 1372 1606 et
1384 1565 1583 1614 Faliscos,
1605 1579 1697 1605 cum

345 1628 385 1668 in
410 1627 577 1668 indutiis
605 1634 760 1676 essent,
787 1627 934 1668 foedus
959 1635 1098 1682 petere
1123 1628 1175 1669 ab
1202 1635 1346 1669 senatu
1372 1629 1523 1683 coegit,
1551 1636 1591 1669 et
1614 1629 1700 1668 La-

345 1690 451 1730 tinos
477 1690 559 1730 iam
585 1689 833 1730 exercitibus
860 1690 1091 1744 conparatis
1113 1689 1164 1731 ab
1183 1689 1372 1731 Romano
1392 1691 1433 1731 in
1452 1690 1699 1745 Paelignum

345 1752 464 1793 vertit
489 1751 656 1793 bellum.
712 1766 844 1805 neque
870 1752 927 1792 ita
950 1752 1009 1793 rei
1033 1758 1176 1807 gestae
1201 1751 1312 1792 sama
1337 1752 1456 1793 Italia
1481 1767 1524 1793 se
1549 1752 1699 1793 finibus

344 1815 491 1864 tenuit,
537 1814 609 1856 sed
647 1813 1014 1869 Carthaginienses
1057 1829 1220 1868 quoque
1257 1814 1415 1869 legatos
1451 1814 1700 1869 gratulatum

344 1878 522 1918 Romam
554 1877 701 1918 misere
728 1891 823 1917 cum
849 1891 1022 1917 coronae
1048 1891 1195 1917 aureae
1221 1877 1346 1925 dono,
1379 1891 1483 1929 quae
1508 1877 1550 1916 in
1577 1875 1702 1931 Capi-

346 1940 442 1981 tolio
468 1940 509 1980 in
534 1939 646 1980 Iovis
673 1939 776 1980 cella
801 1945 1031 1993 poneretur.
1070 1938 1148 1979 fuit
1172 1939 1309 1993 pondo
1335 1938 1481 1993 viginti
1506 1939 1699 1992 quinque.

345 2001 534 2043 consules
561 2001 682 2043 ambo
709 2001 759 2042 de
787 2000 1044 2042 Samnitibus
1071 2000 1373 2055 triumpharunt
1399 2009 1595 2053 sequente
1614 2001 1702 2041 De-

345 2065 408 2105 cio
443 2064 596 2119 insigni
633 2078 726 2104 cum
762 2063 884 2104 laude
916 2063 1136 2116 donisque,
1175 2077 1268 2103 cum
1299 2063 1506 2103 incondito
1537 2063 1700 2103 militari

344 2127 434 2167 ioco
465 2126 576 2166 haud
607 2125 743 2166 minus
775 2124 926 2166 tribuni
957 2124 1116 2166 celebre
1147 2139 1298 2166 nomen
1328 2139 1452 2178 quam
1484 2125 1700 2165 consulum

347 2195 468 2230 esset.

432 2249 742 2304 Campanorum
761 2249 908 2290 deinde
930 2248 1318 2303 Suessanorumque
1344 2249 1507 2290 auditae
1530 2248 1702 2304 legatio-

344 2327 437 2362 nes3
469 2312 815 2367 precantibusque
841 2311 1001 2362 datum,
1032 2319 1077 2352 ut
1102 2312 1354 2366 praesidium
1380 2325 1428 2351 eo
1459 2311 1501 2351 in
1530 2311 1702 2352 hiberna

344 2375 589 2424 mitteretur,
626 2389 709 2427 quo
742 2373 992 2415 Samnitium
1028 2374 1293 2414 excursiones
1325 2378 1570 2414 arcerentur.
1619 2373 1701 2413 iam

345 2444 431 2477 tum
473 2437 641 2477 minime
678 2436 853 2478 salubris
890 2436 1054 2476 militari
1091 2436 1330 2490 disciplinae
1370 2434 1516 2489 Capua
1550 2435 1701 2476 instru-

344 2505 481 2540 mento
501 2499 683 2540 omnium
703 2498 974 2553 voluptatium
995 2498 1193 2538 delenitos
1214 2497 1388 2537 militum
1409 2497 1565 2538 animos
1586 2511 1701 2538 aver-

345 2562 391 2600 tit
421 2577 445 2602 a
475 2562 672 2602 memoria
701 2561 875 2616 patriae3
914 2559 1203 2613 inibanturque
1234 2559 1406 2601 consilia
1440 2559 1483 2600 in
1518 2559 1700 2600 hibernis

346 2623 489 2663 eodem
516 2623 668 2664 scelere
687 2623 930 2664 adimendae
952 2622 1177 2677 Campanis
1199 2621 1386 2676 Capuae,
1413 2636 1486 2675 per
1509 2620 1619 2674 quod
1643 2620 1700 2661 illi

347 2698 435 2723 cam
461 2685 639 2738 antiquis
665 2685 889 2726 cultoribus
916 2685 1185 2726 ademissent:
1213 2699 1345 2738 neque
1365 2684 1553 2724 inmerito
1578 2697 1698 2724 suum
