1835 3226
325 239 404 277 ltio'
658 244 810 278 LIBER
834 243 909 287 111,
935 243 989 276 45.
1010 244 1064 277 46.
1094 247 1142 287 [a.
1158 257 1191 279 u.
1207 257 1235 279 c.
1251 247 1333 290 305]

319 349 362 388 in
385 348 434 387 iis
460 347 580 393 enim,
606 345 677 398 qui
701 346 943 386 adserantur
966 347 1007 386 in
1033 346 1275 396 libertatem,
1302 349 1398 401 quia
1423 351 1558 403 quivis
1581 353 1673 408 lege

319 422 440 463 agere
464 407 606 461 possit,
633 407 676 446 id
699 407 798 447 iuris
824 421 935 448 esse:
960 408 1004 448 in
1029 422 1089 458 ea,
1115 422 1220 461 quae
1244 408 1287 449 in
1311 411 1437 463 patris
1464 427 1588 453 manu
1607 415 1672 464 sit,

317 469 522 510 neminem
547 482 639 508 esse
664 467 801 517 alium,
829 469 895 509 cui
919 469 1109 510 dominus
1134 471 1397 524 possessione
1422 473 1552 514 cedat.
1589 475 1675 528 pla-

318 546 408 572 cere
438 531 576 583 itaque
612 537 770 584 patrem
802 532 1007 581 arcessiri3
1044 532 1201 572 interea
1239 532 1340 574 iuris
1378 534 1443 575 sui
1476 535 1675 576 iacturam

317 594 568 634 adsertorem
592 607 675 633 non
699 592 853 642 faeere,
885 594 983 647 quin
1009 593 1133 634 ducat
1156 594 1338 649 puellam
1364 596 1674 650 sistendamque

317 656 358 695 in
383 655 606 695 adventum
630 655 737 704 cius,
764 655 835 707 qui
858 661 975 708 pater
1000 655 1176 705 dicatur,
1201 649 1425 711 promittat.
1475 659 1673 699 adversus

316 716 506 756 iniuriam
536 716 689 756 decreti
719 730 812 756 cum
846 716 964 757 multi
994 717 1126 772 magis
1158 717 1380 759 fremerent
1410 734 1533 773 quam
1563 720 1675 773 quis-

316 792 440 830 quam
465 792 572 818 unus
596 792 786 819 recusare
811 778 992 828 auderet,
1018 778 1067 820 P.
1081 778 1349 830 Numitorius,
1376 781 1536 835 puellae
1556 796 1672 831 avus,

273 855 290 880 5,
317 847 357 880 et
381 854 558 894 sponsus
583 839 724 880 Icilius
749 840 1037 882 interveniunt.
1076 841 1252 895 dataque
1277 843 1382 883 inter
1407 842 1568 884 turbam
1593 843 1672 892 via,

273 1225 288 1252 *1

249 1901 288 1929 10

248 2026 283 2053 11

269 2334 286 2362 Ιὺ

317 915 410 941 cum
436 901 655 942 multitudo
680 901 772 941 Icili
802 902 979 943 maxime
1009 902 1241 944 interventu
1270 904 1407 945 resisti
1435 919 1559 959 posse
1583 903 1675 958 Ap-

315 964 384 1018 pio
415 964 614 1013 crederet,
652 964 770 1005 lictor
799 964 990 1006 decresse
1021 965 1077 1006 ait
1106 965 1481 1020 vociferantemque
1511 966 1675 1007 Icilium

317 1025 546 1067 submovet.
595 1025 803 1080 placidum
834 1041 998 1080 quoque
1029 1027 1242 1082 ingenium
1272 1035 1356 1068 tam
1387 1035 1504 1068 atrox
1527 1028 1675 1068 iniuria

316 1089 590 1129 accendisset:
630 1088 756 1130 ‘ferro
787 1089 883 1130 hinc
919 1089 993 1131 tibi
1031 1089 1340 1131 submovendus
1379 1105 1489 1139 sum,
1533 1089 1673 1144 Appi,'

315 1149 447 1202 inquit
484 1153 548 1189 ‘ut
578 1150 747 1190 tacitum
778 1150 887 1191 feras
923 1152 1036 1204 quod
1072 1152 1195 1193 celari
1229 1152 1306 1193 vis.
1355 1153 1559 1207 virginem
1595 1165 1673 1206 ego

315 1210 421 1251 hanc
436 1225 526 1251 sum
541 1211 737 1252 ducturus
751 1219 1004 1266 nuptamque
1023 1213 1216 1266 pudicam
1235 1213 1463 1254 habiturus.
1500 1212 1673 1267 proinde

316 1287 458 1313 omnes
484 1272 734 1328 collegarum
759 1287 923 1327 quoque
952 1273 1116 1315 lictores
1149 1289 1348 1324 convoca,
1386 1275 1568 1329 expediri
1594 1274 1673 1314 vir-

315 1348 390 1388 gas
427 1340 467 1374 et
503 1348 666 1375 secures
702 1334 817 1375 iube:
855 1350 936 1375 non
972 1335 1154 1376 manebit
1191 1342 1306 1377 extra
1341 1336 1508 1377 domum
1544 1336 1671 1390 patris

317 1410 469 1450 sponsa
492 1396 595 1437 Icili.
643 1412 738 1446 non,
766 1397 800 1438 si
825 1397 1089 1438 tribunicium
1120 1398 1318 1438 auxilium
1343 1405 1383 1439 et
1414 1398 1672 1452 provocatio-

314 1472 408 1498 nem
438 1457 550 1512 plebi
573 1457 804 1508 Romanae,
842 1459 944 1500 duas
970 1473 1084 1499 arces
1114 1459 1312 1500 libertatis
1344 1460 1539 1508 tuendae,
1577 1459 1672 1499 adc-

315 1519 460 1568 mistis,
486 1520 578 1560 ideo
603 1520 645 1559 in
663 1519 812 1560 liberos
832 1534 996 1573 quoque
1015 1527 1177 1561 nostros
1198 1521 1476 1576 coniugesque
1496 1535 1670 1575 regnum

315 1586 474 1620 vestrae
498 1580 657 1621 libidini
682 1581 823 1621 datum
848 1588 921 1621 est.
960 1582 1113 1622 saevite
1131 1582 1175 1622 in
1193 1588 1354 1637 tergum
1374 1582 1473 1623 etin
1493 1582 1672 1622 cervices

313 1648 494 1682 nostras:
519 1642 718 1695 pudicitia
742 1642 886 1683 saltem
911 1642 954 1682 in
978 1648 1065 1683 tuto
1091 1643 1155 1683 sit.
1193 1643 1289 1683 huic
1309 1643 1344 1683 si
1362 1644 1424 1684 vis
1450 1643 1670 1691 adferetur,

314 1717 392 1758 ego
417 1704 696 1757 praesentium
715 1702 939 1756 Quiritium
963 1719 1036 1758 pro
1063 1718 1227 1758 sponsa,
1254 1703 1478 1759 Verginius
1498 1704 1672 1744 militum

312 1779 387 1818 pro
412 1764 533 1805 unica
557 1764 658 1814 filia,
691 1779 834 1806 omnes
861 1766 1030 1806 deorum
1055 1765 1350 1819 hominumque
1374 1765 1671 1819 inplorabimus

313 1825 437 1866 fidem
461 1840 595 1879 neque
620 1833 664 1867 tu
688 1827 800 1868 istud
824 1841 1021 1880 umquam
1046 1827 1257 1868 decretum
1277 1827 1364 1868 sine
1385 1827 1510 1868 caede
1530 1832 1672 1868 nostra

312 1887 478 1928 referes.
515 1888 692 1942 postulo,
718 1889 846 1943 Appi,
873 1889 995 1929 etiam
1020 1895 1142 1942 atque
1168 1889 1291 1930 etiam
1317 1889 1564 1938 consideres,
1591 1902 1672 1941 quo

311 1950 587 2005 progrediare.
636 1950 860 2006 Verginius
885 1951 1033 1992 viderit
1057 1951 1107 1992 de
1132 1951 1233 2000 filia,
1265 1950 1337 1992 ubi
1361 1951 1534 1999 venerit,
1572 1950 1672 2003 quid

313 2019 426 2066 agat3
464 2012 542 2053 hoc
572 2018 731 2053 tantum
762 2012 882 2059 sciat,
921 2012 1017 2062 sibi,
1056 2013 1090 2053 si
1120 2012 1242 2053 huius
1267 2012 1456 2053 vindieiis
1488 2011 1670 2060 cesserit,

313 2073 594 2114 condicionem
612 2074 720 2115 filiae
739 2074 1015 2128 quaerendam
1030 2089 1133 2115 esse.
1171 2089 1237 2114 me
1252 2074 1528 2114 vindicantem
1549 2087 1672 2127 spon-

315 2150 402 2176 sam
426 2135 469 2175 in
492 2135 723 2177 libertatem
748 2136 833 2176 vita
858 2136 977 2177 citius
1004 2137 1165 2177 deseret
1189 2151 1314 2189 quam
1338 2136 1467 2176 fides.'

397 2197 668 2239 XXXXVI.
709 2197 925 2240 Concitata
949 2198 1167 2239 multitudo
1193 2205 1279 2239 erat
1303 2204 1590 2250 certamenque
1609 2197 1671 2237 in-

314 2265 419 2301 stare
444 2259 671 2301 videbatur.
719 2260 882 2301 lictores
907 2260 1071 2301 Icilium
1097 2260 1460 2301 circumsteterant.
1509 2273 1585 2299 nec
1610 2258 1671 2299 ul-

312 2327 374 2361 tra
397 2321 528 2362 minas
555 2328 692 2363 tamen
716 2337 957 2376 processum
982 2329 1061 2372 est,
1100 2337 1194 2363 cum
1218 2321 1384 2377 Appius
1414 2336 1498 2362 non
1521 2320 1671 2375 Vergi-

312 2382 423 2423 niam
448 2383 616 2424 defendi
639 2384 691 2426 ab
715 2384 851 2433 Icilio,
885 2385 959 2425 sed
981 2384 1211 2438 inquietum
1240 2384 1449 2425 hominem
1480 2389 1520 2424 et
1544 2381 1671 2422 tribu-

312 2451 452 2485 natum
490 2446 612 2486 etiam
648 2461 757 2487 nunc
794 2446 1017 2501 spirantem
1052 2446 1190 2487 locum
1226 2445 1436 2487 seditionis
1473 2458 1669 2498 quaerere

313 2506 477 2548 diceret.
525 2522 607 2548 non
630 2508 913 2562 praebiturum
939 2523 983 2549 se
1007 2508 1066 2548 illi
1091 2523 1138 2549 eo
1165 2508 1230 2548 die
1255 2507 1486 2556 materiam,
1514 2505 1599 2554 sed,
1625 2511 1670 2545 ut

312 2567 394 2608 iam
420 2569 558 2618 sciret,
589 2584 673 2610 non
696 2570 739 2610 id
762 2570 1013 2625 petulantiae
1039 2584 1156 2619 suae,
1185 2570 1258 2610 scd
1283 2568 1481 2623 Verginio
1508 2566 1667 2609 absenti

314 2634 352 2668 et
375 2630 507 2683 patrio
531 2631 687 2672 nomini
712 2638 752 2672 et
774 2631 952 2673 libertati
977 2632 1131 2681 datum,
1158 2631 1222 2672 ius
1248 2645 1296 2672 eo
1321 2631 1387 2671 die
1414 2645 1457 2671 se
1481 2644 1563 2669 non
1582 2627 1666 2667 dic-

315 2695 450 2730 turum
474 2706 607 2745 neque
633 2693 842 2734 decretum
867 2693 1201 2748 interpositurum
1210 2709 1220 2742 3
1260 2708 1283 2734 a
1306 2691 1368 2733 M.
1397 2689 1572 2732 Claudio
1595 2701 1665 2742 pe-
