1835 3226
263 223 487 253 XXXXHII
767 227 818 251 DE
844 225 933 250 VITA
958 224 1009 250 Ac
1035 225 1196 250 SCRIPTIS

263 300 344 345 gaci
360 299 496 334 iudicio
518 310 597 332 cum
612 297 766 341 Lipsiae
787 308 818 330 a.
834 296 922 329 1850
936 300 972 329 ct
997 296 1224 340 impendunt,
1245 300 1280 330 et
1294 298 1342 331 ab
1357 298 1647 332 adulescentulis
1663 298 1701 330 li-

264 346 348 379 1851
364 344 604 379 recensuit-‘334
621 347 698 375 tum
717 341 860 374 iteratis
875 340 971 373 curis
996 347 1158 374 terarum
1183 341 1360 375 studiosis
1386 343 1464 376 sine
1482 343 1604 376 nimiis
1629 353 1702 376 mo-

263 390 419 424 adiectis
447 386 719 422 commentariis
744 385 830 418 inde
861 385 908 418 ab
939 395 971 417 a.
998 385 1114 419 lestiis
1128 385 1267 429 percipi
1281 390 1421 429 posset.
1452 387 1705 431 nihiligitura

263 435 350 468 1853
358 437 406 461 335
421 433 530 466 edere
545 431 679 474 coepit,
694 434 735 463 ut
749 434 786 463 et
798 429 910 463 telam
925 428 972 462 ab
997 440 1148 464 normae
1176 429 1324 463 criticae
1357 431 1555 465 severitate
1585 432 1705 465 remit-

262 477 502 512 Alschcfskio
546 476 732 518 inceptam
774 478 972 518 pertexens
998 480 1098 517 tens,
1125 475 1252 507 horum
1278 479 1401 509 tamen
1427 475 1629 508 commodis
1653 476 1706 510 ita

264 523 346 556 libri
362 520 542 555 l’uteanei
559 519 807 554 collationem.
826 523 867 551 ut
881 518 971 551 dixi·
999 519 1122 552 studui
1137 519 1369 563 prospicere,
1397 524 1439 553 ut
1457 520 1706 554 reconditiora

262 579 353 610 mus,
365 566 652 600 continuandam
663 568 806 598 curaret
815 568 850 597 et
860 574 972 608 quan·
999 565 1180 609 quaedam
1195 564 1231 597 in
1246 570 1353 598 notas
1369 574 1617 609 segregarem,
1631 575 1707 598 non

262 617 339 646 tum
366 611 495 645 liceret
519 611 557 644 in
577 609 742 644 editione
763 609 1035 646 scholarumiin
1066 609 1262 643 verborum
1294 609 1461 643 ordinem
1490 608 1705 652 reciperem.

262 657 497 701 potissimum
514 656 598 689 usui
625 654 815 688 destinata
833 650 1098 697 primus'haud
1123 654 1175 688 ita
1193 658 1234 687 ut
1251 653 1373 687 ubivis
1393 654 1430 687 in
1452 654 1608 698 singulis
1629 648 1706 697 qui-v

262 702 460 736 thesauros
474 699 709 734 aNiebuhrio
725 699 878 743 eiusque
893 709 975 732 suc·
999 700 1144 744 busque
1165 699 1358 732 vocabulis
1379 698 1584 733 scribendis
1605 698 1707 732 stric-

263 746 476 781 cessoribus
503 755 614 789 supra
634 744 795 778 laudatis
821 748 973 788 paratos
998 749 1074 779 tam
1114 744 1299 789 quandam
1341 744 1461 788 legem
1510 753 1706 779 servarem.

263 792 311 826 ad
329 790 673 835 interpretationem
686 788 880 823 Livianam
901 792 973 822 sta·
1001 790 1101 834 quod
1115 800 1184 824 nec
1199 788 1269 833 ipsi
1285 794 1428 823 veteres
1447 788 1627 830 fecerunt,
1643 781 1708 821 sed

264 836 484 879 biliendam,
522 835 750 880 augendam,
794 843 974 868 exornan-
999 839 1041 869 ut
1052 834 1326 868 inconstantiae
1342 834 1533 867 cuiusdam
1548 832 1707 877 speeiem

264 882 348 915 dam
363 881 568 915 adhiberet.

309 926 442 961 Omnia
467 936 562 971 quae
587 928 784 969 praeterea
809 934 832 957 a
849 923 974 956 multis

263 971 349 1005 viris
365 971 502 1014 doctis,
528 970 625 1004 inter
645 981 738 1014 quos
752 969 975 1013 Heerwage-

263 1017 363 1051 nium
389 1016 525 1050 debitis
550 1015 725 1049 laudibus
757 1013 973 1058 praedicare

263 1062 376 1104 iuvat,
386 1072 452 1106 per
465 1061 534 1094 hos
548 1071 666 1094 annos
681 1061 727 1094 ad
736 1059 881 1092 Livium
898 1058 973 1091 sive

263 1107 583 1151 interpretandum
601 1105 678 1138 sive
703 1103 973 1139 emendandum

265 1152 480 1196 conscripta
504 1155 589 1184 sunt
619 1160 835 1184 enumerare
865 1148 974 1182 huius

264 1197 337 1231 loci
351 1208 425 1231 non
441 1199 513 1230 est:
529 1195 811 1229 dissertationes
826 1198 863 1228 et
878 1204 973 1227 coin-

263 1241 513 1276 mentationes
539 1240 587 1274 ad
611 1240 742 1282 vitam,
770 1238 973 1283 ingenium,

264 1291 381 1321 artem
394 1285 492 1320 Livii
505 1285 727 1318 illustranda
740 1283 974 1326 conscriptae

265 1343 377 1375 supra
398 1341 464 1364 suo
485 1340 656 1374 quaeque
683 1329 768 1363 loco
791 1328 974 1363 excitatae

266 1380 369 1417 sunt3
392 1380 547 1409 conatus
562 1375 728 1416 criticos,
744 1373 809 1419 qui
821 1373 909 1407 mihi
922 1372 974 1405 in-

264 1425 467 1456 notuerunt
492 1424 605 1464 atquc
626 1430 693 1464 pro
712 1430 787 1453 una
810 1419 975 1452 alterave

264 1467 409 1500 ratione
423 1465 610 1499 mentione
626 1464 727 1509 digni
742 1463 811 1497 visi
832 1462 976 1505 sunt,in

264 1511 507 1546 adnotatione
527 1510 656 1543 critica
683 1507 975 1543 commemoravi.

263 1557 476 1591 versionum
495 1555 593 1589 Livii
618 1555 655 1588 in
680 1554 802 1588 varias
828 1553 975 1597 linguas

266 1602 462 1646 catalogus
476 1600 742 1644 aSchweigero
756 1610 852 1632 man.
868 1597 975 1632 bibli-

266 1647 421 1692 ograph.
442 1646 550 1680 class.
570 1645 624 1682 ΙΙ,
648 1646 683 1687 1,
705 1644 770 1677 545
790 1654 873 1688 sqq.
900 1642 976 1687 peti

265 1697 408 1737 potest:
435 1690 667 1725 Germanicis
687 1690 895 1734 nuperrime
917 1699 977 1722 ac-

266 1737 379 1771 cessit
391 1736 532 1770 initium
541 1735 734 1777 versionis,
745 1745 854 1779 quam
863 1734 976 1766 Fran-

267 1783 388 1816 ciscus
402 1781 619 1815 Dorotheus
631 1779 852 1814 Gerlachius
867 1777 976 1812 bibli-

267 1828 424 1861 othecae
445 1826 493 1860 ab
509 1824 748 1867 Hoffmanno,
770 1823 977 1867 bibliopola

266 1870 560 1916 Stuttgartiensi‚
575 1870 696 1904 editae
711 1869 853 1911 inserit,
864 1869 977 1901 Fran-

267 1917 451 1962 cogallica
475 1927 542 1960 per
567 1926 684 1948 annos
710 1914 797 1948 1549
828 1918 865 1947 et
890 1913 978 1946 1850

267 1963 336 1996 sub
364 1961 538 2006 auspiciis
564 1960 610 1994 D.
637 1959 803 1994 Nisardii
824 1957 977 1992 Parisiis

265 2019 340 2042 una
354 2019 436 2041 cum
450 2010 554 2041 textu
569 2005 726 2039 Liviano
741 2004 840 2039 edita
854 2008 921 2037 cst.

312 2053 355 2086 In
376 2052 458 2096 ipsa
478 2051 548 2084 hac
574 2050 736 2085 editione
758 2048 978 2083 adornanda

267 2097 304 2131 id
319 2096 552 2142 potissimum
568 2095 746 2140 spectavi,
761 2098 802 2127 ut
815 2094 977 2138 iis‚quae

268 2143 316 2176 ad
341 2141 452 2175 vitam
478 2146 515 2174 et
533 2141 581 2174 ad
607 2151 702 2184 opus
722 2138 818 2173 Livii
839 2148 976 2181 cogno-

269 2187 410 2221 scenda
437 2189 627 2230 spectant,
665 2185 736 2218 hac
760 2184 977 2227 prolusione

269 2230 516 2273 adumbratis,
555 2230 669 2264 verba
711 2228 902 2272 scriptoris
933 2238 978 2261 ea

268 2280 587 2321 repraesentarem
610 2274 751 2319 specie,
779 2284 874 2318 quae
895 2283 977 2306 cum

268 2322 430 2355 virorum
450 2321 644 2354 doctorum
664 2318 856 2353 desideriis
872 2317 977 2352 satis—

268 2366 412 2401 faceret
435 2370 513 2400 tum
538 2369 575 2399 et
601 2365 647 2398 ab
673 2363 886 2397 hominibus
912 2363 976 2396 ho-

269 2410 509 2450 nestissimis,
537 2409 599 2456 qui
619 2410 792 2443 horarum
813 2407 977 2442 subseci-

269 2468 396 2490 varum
411 2456 488 2490 otia
501 2455 558 2489 his
574 2454 704 2489 studiis
719 2453 831 2487 animi
846 2453 904 2487 vel
919 2463 977 2486 ex-

269 2501 454 2536 hilarandi
479 2501 538 2535 vel
565 2498 831 2534 corroborandi
863 2508 979 2532 causa

303 2606 350 2629 321
370 2605 398 2628 in
410 2604 478 2628 bibl.
493 2603 698 2631 Teubneriana,
712 2603 751 2627 VI
765 2602 833 2627 voli.
849 2603 874 2627 8.

999 891 1074 914 non
1088 879 1349 921 reformidans,
1360 878 1580 923 optimorum
1594 877 1707 912 libro-

998 936 1078 958 rum
1092 924 1250 968 vestigia
1265 924 1354 957 satis
1375 928 1547 957 accurate
1566 933 1708 966 preme-

999 981 1094 1013 rem,
1119 969 1179 1003 vel
1198 969 1234 1002 in
1255 969 1312 1002 liis
1331 973 1453 1002 tamen
1475 968 1657 1012 quaedam
1672 971 1709 1000 ct

999 1014 1082 1048 usui
1107 1013 1252 1058 vulgari
1272 1019 1307 1048 et
1326 1013 1595 1057 imperitiorum
1622 1023 1708 1046 eon-

1001 1060 1187 1093 suetudini
1207 1059 1428 1092 concedens.
1466 1061 1505 1091 at
1524 1057 1620 1090 hanc
1633 1068 1710 1090 non

1000 1104 1107 1138 nimis
1122 1104 1221 1138 laedi
1236 1103 1457 1145 arbitrabar,
1479 1102 1509 1135 si
1529 1102 1652 1136 ‘haut'
1673 1106 1711 1135 et

1000 1153 1008 1169 ‘
1019 1150 1142 1192 haud,‘
1159 1148 1395 1193 ‘reciperare'
1405 1147 1709 1191 et‘rccuperare,'

1001 1194 1162 1228 ‘vulnus‘
1189 1199 1226 1228 et
1251 1193 1432 1236 ‘volnus,'
1460 1193 1559 1237 quod
1580 1191 1709 1225 Livius

987 1239 1079 1283 ,ipse
1095 1250 1240 1283 semper
1254 1238 1411 1283 scripsit.
1429 1237 1653 1281 ‘improbus'
1673 1241 1711 1270 et

986 1285 1214 1348 '‘inprobus'
1236 1283 1318 1317 aliis
1344 1283 1436 1317 locis
1462 1283 1571 1316 aliter
1596 1282 1711 1325 scrip-

1001 1334 1077 1363 tum
1096 1329 1151 1362 illi
1170 1329 1229 1362 vel
1250 1328 1396 1362 evocati
1415 1327 1472 1361 vel
1493 1327 1634 1360 tirones
1660 1327 1708 1359 le-

1001 1378 1151 1418 gerent,
1180 1384 1275 1418 quae
1290 1372 1360 1406 iam
1375 1383 1451 1406 non
1465 1371 1584 1416 magis
1600 1371 1708 1405 disei—

1000 1419 1110 1463 pulos
1126 1424 1224 1452 certe
1239 1417 1425 1451 offendere
1447 1417 1585 1451 debent
1600 1427 1709 1461 quam

1002 1464 1143 1498 formae
1170 1461 1413 1497 ‘amaverunt'
1440 1466 1477 1496 et
1505 1461 1710 1503 ‘amavere,'

1002 1509 1160 1543 ‘hostes’
1187 1512 1223 1541 et
1248 1507 1401 1541 ‘hostis'
1426 1506 1528 1540 iuxta
1553 1505 1710 1550 positae,

1001 1553 1247 1598 prudentibus
1285 1563 1373 1586 vero
1404 1550 1712 1596 praeceptoribus

1002 1610 1129 1633 ansam
1154 1598 1339 1642 praebent
1363 1596 1562 1630 occasione
1584 1595 1714 1629 oblata

1003 1645 1047 1678 de
1063 1644 1119 1677 his
1141 1654 1184 1677 ae
1199 1643 1337 1676 talibus
1357 1642 1470 1675 rebus
1485 1640 1711 1685 disputandi,

1003 1700 1096 1734 quas
1112 1688 1260 1722 omnino
1280 1686 1444 1731 ignorari
1464 1697 1533 1720 nee
1552 1686 1599 1719 ab
1625 1686 1712 1719 adu-

1002 1733 1218 1768 lescentulis
1243 1744 1311 1777 par
1333 1736 1406 1774 est,
1434 1730 1652 1776 quamvisin
1666 1729 1712 1763 iis

988 1778 1234 1841 ‘exponendis
1249 1783 1284 1811 et
1297 1777 1445 1810 modum
1459 1775 1712 1810 adhibendum

1003 1829 1040 1858 et
1064 1823 1223 1867 tempori
1247 1821 1472 1866 parcendum
1493 1831 1574 1855 esse
1594 1820 1712 1864 probe

1002 1869 1228 1912 intellegam.
1265 1868 1303 1900 in
1325 1865 1492 1900 oratione
1512 1865 1714 1899 incidenda

1003 1913 1195 1948 maximam
1206 1923 1355 1957 operam
1363 1911 1472 1955 posui
1480 1921 1595 1955 aeque
1605 1910 1712 1944 sedu-

1003 1960 1039 1993 lo
1055 1968 1257 2000 cavenS,ne
1267 1954 1713 1991 autnimiaverborumin-

1002 2003 1263 2048 tel-punctione
1277 2002 1436 2036 lectores
1447 2001 1640 2035 obruerem
1649 2004 1715 2033 aut

1003 2049 1101 2083 iusto
1123 2048 1202 2082 eius
1221 2046 1369 2092 parcior
1387 2046 1517 2080 inanes
1533 2049 1644 2089 atque
1659 2044 1713 2078 in-

1003 2095 1215 2128 fructuosas
1225 2091 1464 2126 difficultates
1478 2090 1523 2123 iis
1531 2100 1712 2134 pararem.

1002 2150 1079 2172 non
1097 2139 1217 2172 minus
1238 2136 1443 2171 cavendum
1463 2146 1545 2169 esse
1559 2134 1646 2167 mihi
1661 2134 1712 2167 vi-

1003 2184 1181 2225 debatur,
1200 2193 1247 2216 ne
1260 2180 1373 2215 nimia
1386 2179 1572 2214 anxietate
1590 2183 1713 2213 motus

1002 2229 1107 2262 locos
1129 2226 1378 2265 difficiliores,
1406 2235 1498 2270 quos
1520 2235 1591 2259 nec
1611 2228 1714 2258 certa

1002 2284 1072 2307 nec
1097 2271 1285 2317 probabili
1312 2271 1441 2304 saltem
1461 2269 1605 2303 ratione
1627 2279 1712 2303 eno-

1004 2319 1092 2352 dare
1106 2328 1267 2362 possem,
1288 2315 1450 2349 intactos
1464 2314 1714 2359 relinquerem

1004 2363 1215 2407 crucisque,
1241 2365 1283 2395 ut
1295 2361 1374 2395 fere
1395 2359 1455 2402 fit,
1480 2363 1572 2393 nota
1586 2359 1714 2392 addita

1004 2414 1200 2452 corruptos
1225 2405 1324 2451 typis
1350 2404 1511 2439 exscribi
1534 2404 1712 2446 iuberem,

1004 2464 1077 2498 quo
1103 2452 1191 2486 viris
1218 2450 1337 2485 doctis
1363 2449 1564 2494 genuinam
1581 2448 1712 2482 verbo·

1002 2509 1082 2532 rum
1096 2497 1344 2538 traditionem,
1367 2505 1460 2540 quae
1475 2495 1588 2539 vulgo
1603 2503 1712 2527 voca-

1002 2548 1078 2586 tur,
1113 2551 1340 2587 cognoscere
1366 2539 1603 2584 cupientibus
1628 2547 1712 2582 gra—

1003 2594 1079 2622 tum
1098 2587 1260 2621 fortasse
1280 2585 1469 2619 fecissem:
1495 2587 1533 2617 at
1557 2583 1613 2616 his
1638 2581 1713 2616 alia

303 2640 352 2663 «⁰13⁵
378 2639 406 2662 in
436 2638 500 2662 ⁰01¹·
525 2638 827 2668 nauplio-&numana
857 2636 977 2667 primum
1003 2633 1169 2667 subsidia
1183 2635 1334 2676 praesto
1354 2640 1435 2664 esse
1456 2629 1594 2670 solent,
1622 2627 1711 2661 altc-

269 2671 394 2703 Lipsiae,
416 2671 517 2695 deinde
533 2671 629 2695 Berol.
643 2671 671 2695 in
691 2670 803 2695 libraria
815 2670 978 2694 Weidman-

271 2707 354 2729 niana
378 2712 403 2729 a.
430 2706 595 2729 1853-1857
620 2705 645 2728 V
663 2704 730 2729 von.
758 2711 844 2734 usque
869 2704 904 2728 ad
928 2703 976 2728 lib.

271 2739 381 2763 xxx'h
403 2739 459 2763 vol.
474 2739 495 2762 I.
511 2739 554 2763 cd.
569 2738 617 2762 alt.
632 2739 726 2763 Berol.
742 2739 818 2763 1856.

1002 2689 1083 2712 rum
1097 2688 1184 2711 vero
1199 2676 1291 2710 illud
1305 2675 1485 2709 lectorum
1499 2683 1616 2717 genus
1629 2670 1711 2705 tali-

1003 2723 1073 2758 bus
1087 2721 1214 2756 naevis
1222 2719 1351 2755 merito
1362 2717 1560 2753 offenditur
1573 2727 1642 2751 nee
1655 2727 1710 2750 ra-
