1780 3204
477 216 630 250 LIBER
661 215 710 260 x,
734 216 764 249 1.
791 215 839 256 [a.
855 214 892 249 C.
906 215 1101 259 304-302]
1378 205 1461 246 495

112 330 178 353 sua
191 317 382 352 victoriam
397 317 474 352 cius
488 329 636 362 pugnae
651 318 791 362 populo
806 317 975 352 Romano
992 317 1105 351 dedit.
1140 317 1310 361 Papirius
1327 315 1462 351 Cursor

113 368 329 404 Samnitium
357 368 573 411 exercitum,
601 368 664 413 qui
689 368 766 402 iure
793 368 948 402 iurando
977 367 1195 410 obstrictus,
1223 378 1295 412 quo
1322 368 1459 402 maiore

113 419 324 453 constantia
338 418 482 451 virtutis
501 423 697 462 pugnaret,
716 418 754 452 in
773 418 890 453 aciem
906 419 1162 462 descenderat,
1183 418 1289 451 fudit.
1327 429 1461 451 census

112 475 216 503 actus
243 474 315 513 est,
341 470 495 502 lustrum
522 469 727 502 conditum:
759 480 871 503 censa
890 475 976 503 sunt
996 469 1127 503 civium
1153 469 1277 514 capita
1302 469 1463 503 ducenta

113 520 352 565 septuaginta
372 521 444 554 duo
465 520 565 554 milia
584 525 621 554 et
640 525 807 554 trecenta
827 520 986 565 viginti.]

610 686 762 738 TITI
798 686 957 738 LIVI

426 790 514 826 AB
566 790 756 827 VRBE
807 790 1149 827 CONDITA

658 902 824 940 LIBER
854 902 908 939 X.

193 999 227 1039 I.
276 1000 328 1039 L.
357 997 563 1048 Genucio,
592 998 680 1041 Ser.
709 999 901 1040 Cornelio
932 1000 1169 1042 consulibus
1201 1000 1252 1041 ab
1285 1001 1462 1042 externis
1491 1012 1505 1041 1

109 1060 237 1101 ferme
262 1060 379 1101 bellis
405 1061 532 1101 otium
557 1061 646 1101 fuit.
698 1060 845 1102 Soram
871 1068 992 1114 atque
1006 1061 1159 1102 Albam
1185 1062 1368 1102 coloniae
1393 1063 1464 1103 de-

109 1122 273 1170 ductae,
308 1122 461 1162 Albam
490 1123 532 1162 in
558 1122 730 1175 Aequos
768 1137 840 1162 sex
876 1123 988 1163 milia
1024 1123 1261 1163 colonorum
1299 1124 1461 1177 scripta.

110 1182 214 1224 Sora
247 1184 334 1238 agri
365 1183 508 1223 Volsci
545 1184 696 1232 fuerat,
735 1184 808 1223 scd
842 1184 1111 1237 possederant
1143 1183 1375 1233 Samnites3
1413 1199 1462 1225 co

107 1253 298 1297 quattuor
322 1245 433 1284 milia
457 1245 669 1285 hominum
694 1245 834 1285 missa.

191 1307 353 1348 Eodem
378 1322 484 1347 anno
509 1306 783 1361 Arpinatibus
811 1306 1140 1360 Trebulanisque
1172 1307 1315 1348 civitas
1347 1308 1460 1357 data;

105 1368 346 1408 Frusinates
377 1368 494 1408 tertia
524 1376 638 1422 parte
670 1369 758 1423 agri
790 1368 988 1417 damnati,
1027 1369 1138 1422 quod
1167 1369 1372 1410 Hernicos
1410 1369 1461 1410 ab
1489 1384 1506 1411 :3

106 1430 164 1470 eis
202 1429 439 1470 sollicitatos
482 1437 742 1484 conpertum,
787 1431 1003 1485 capitaque
1046 1431 1335 1472 coniurationis
1373 1432 1460 1472 eius

105 1491 345 1545 quaestione
376 1491 427 1532 ab
453 1491 692 1532 consulibus
719 1506 769 1532 ex
802 1500 968 1533 senatus
1001 1493 1188 1534 consulto
1218 1493 1357 1533 habita
1382 1493 1463 1533 vir-

104 1555 168 1609 gis
199 1554 308 1595 caesi
339 1568 386 1594 ac
418 1555 550 1595 securi
580 1555 777 1608 percussi.
827 1561 965 1595 tamen
990 1570 1040 1595 ne
1071 1569 1240 1609 prorsus
1269 1554 1463 1595 inbellem
1489 1570 1508 1597 4

104 1623 271 1671 agerent
297 1631 462 1665 annum,
488 1631 616 1670 parva
641 1617 846 1671 expeditio
870 1617 911 1656 in
925 1616 1102 1657 Umbria
1126 1617 1235 1657 facta
1259 1623 1332 1664 est,
1353 1617 1463 1669 quod

105 1677 385 1726 nuntiabatur,
418 1692 470 1718 ex
495 1678 690 1731 spelunca
714 1679 891 1731 quadam
918 1679 1182 1719 excursiones
1213 1685 1461 1719 armatorum

103 1740 146 1779 in
170 1754 291 1794 agros
316 1739 416 1779 ficri.
464 1739 506 1778 in
531 1753 622 1779 eam
649 1740 886 1793 speluncam
916 1747 1174 1793 penetratum
1205 1754 1299 1780 cum
1330 1740 1460 1794 signis
1487 1755 1505 1783 5

105 1807 166 1840 cst
192 1807 231 1840 et
256 1814 307 1840 ex
333 1814 380 1840 eo
405 1800 494 1840 loco
520 1800 696 1841 obscuro
722 1801 850 1841 multa
874 1801 1046 1842 vulnera
1070 1808 1240 1855 accepta
1263 1802 1461 1842 maxime-

104 1877 183 1916 que
213 1862 397 1916 lapidum
433 1863 534 1911 ictu,
566 1862 696 1903 donec
727 1863 854 1904 altero
892 1878 1040 1917 specus
1072 1864 1159 1904 eius
1191 1878 1260 1904 ore
1285 1889 1338 1893 —
1363 1877 1460 1904 nam

104 1924 268 1978 pervius
302 1931 387 1964 erat
412 1947 465 1951 ——
489 1924 656 1964 invento
685 1931 883 1978 utraeque
914 1925 1056 1965 fauces
1094 1925 1300 1980 congestis
1336 1925 1459 1980 lignis

104 2000 314 2026 accensae.
362 1985 419 2025 ita
442 1985 551 2025 intus
577 1985 692 2026 fumo
717 2000 764 2026 ac
789 2000 940 2040 vapore
966 1987 1018 2027 ad
1043 1987 1124 2027 duo
1148 1986 1261 2027 milia
1285 1997 1460 2027 armato·
1485 2001 1504 2031 6

102 2063 194 2087 rum
229 2047 389 2087 ruentia
423 2047 647 2088 novissime
682 2048 725 2088 in
759 2047 872 2102 ipsas
908 2047 1116 2097 flammas,
1155 2048 1253 2088 dum
1285 2048 1459 2089 evadere

104 2109 288 2157 tendunt,
315 2108 548 2163 absumpta.

187 2170 248 2211 M.
269 2171 394 2212 Livio
418 2171 589 2220 Dentre,
619 2169 719 2226 [M]
740 2169 921 2212 Aemilio
946 2171 1183 2213 consulibus
1209 2121 1460 2227 redintegra·
1485 2188 1502 2216 7

107 2242 192 2272 tum
221 2232 457 2286 Aequicum
490 2232 656 2273 bellum.
712 2233 915 2274 coloniam
953 2248 1075 2289 aegre
1110 2233 1311 2288 patientes
1347 2234 1460 2275 velut

105 2309 241 2335 arcem
266 2294 350 2335 suis
375 2295 525 2335 finibus
551 2295 784 2349 inpositam,
812 2311 975 2337 summa
998 2296 1039 2336 vi
1064 2311 1302 2351 expugnare
1328 2297 1459 2337 adorti

105 2356 156 2396 ab
181 2355 282 2410 ipsis
308 2356 462 2397 colonis
493 2356 710 2410 pelluntur.
761 2364 943 2398 ceterum
967 2364 1126 2398 tantum
1150 2358 1309 2399 Romae
1333 2365 1459 2400 terro-
1483 2371 1503 2402 8

104 2432 190 2458 rern
220 2417 372 2466 fecere,
410 2418 506 2471 quia
535 2418 606 2458 vix
636 2418 828 2460 credibile
865 2426 969 2469 erat,
1007 2426 1091 2460 tam
1127 2419 1299 2461 adfectis
1334 2419 1458 2462 rebus

105 2479 214 2520 solos
239 2494 313 2534 per
337 2494 381 2520 se
405 2479 578 2533 Aequos
605 2480 657 2521 ad
681 2480 835 2521 bellum
860 2488 1040 2530 coortos,
1072 2489 1118 2522 ut
1147 2481 1344 2522 tumultus
1371 2482 1458 2524 eius

105 2556 230 2582 causa
254 2541 429 2582 dictator
453 2542 655 2583 diceretur
681 2542 729 2583 C.
749 2543 895 2584 Iunius
920 2543 1148 2585 Bubulcus.
1198 2558 1290 2585 cum
1310 2544 1372 2586 M.
1387 2544 1458 2585 Ti·
1485 2559 1502 2588 9

105 2603 204 2644 tinio
228 2604 426 2658 magistro
452 2605 635 2657 equitum
660 2604 868 2659 profectus
894 2605 1025 2659 primo
1045 2620 1272 2661 congressu
1284 2605 1456 2660 Aequos

105 2665 280 2720 subegit,
307 2681 354 2707 ac
374 2666 439 2707 die
465 2673 609 2708 octavo
634 2667 890 2722 triumphans
915 2667 957 2708 in
982 2667 1126 2708 urbem
1151 2682 1244 2709 cum
1269 2668 1455 2718 redisset,

1489 1197 1505 1225 ΙΨ
