1835 3226
288 482 304 508 ἱ)

334 234 414 274 172
669 238 822 272 LIBER
846 237 923 281 ΙΙΙ,
948 237 1002 271 51.
1024 238 1078 271 52.
1105 241 1202 281 [a.u.
1219 240 1344 284 c.305]

331 343 506 383 militum
541 342 583 381 in
613 340 822 380 Aventino
854 346 1030 389 creatos,
1068 354 1119 379 ne
1155 339 1413 381 comitiorum
1449 343 1683 384 militarium

331 403 656 458 praerogativam
680 401 838 442 urbana
862 401 1026 442 comitia
1049 401 1181 442 isdem
1202 401 1375 443 tribunis
1394 402 1526 456 plebis
1546 419 1684 446 crean—

332 467 394 506 dis
427 470 710 519 sequerentur,
748 464 903 518 peritus
934 478 1070 503 rerum
1105 464 1367 518 popularium
1397 465 1683 519 inminensque

330 526 367 567 ei
390 526 600 581 potestati,
628 532 668 566 et
689 526 799 580 ipse,
825 525 1065 579 priusquam
1090 525 1215 566 iretur
1239 526 1291 567 ad
1315 526 1477 577 urbem,
1503 527 1593 581 pari
1613 542 1686 581 po-

269 602 307 629 10
333 594 479 628 testate
504 588 680 628 eundem
705 602 923 628 numerum
947 587 999 629 ab
1026 587 1110 628 suis
1137 588 1363 643 creandum*
1388 596 1514 629 curat.
1567 596 1687 644 porta

269 973 301 999 ll

269 1036 305 1062 12

270 1338 307 1367 13

294 1529 305 1556 1

290 1645 306 1673 2

289 2154 307 2168 τί

285 2508 302 2535 G

334 648 497 691 Collina
514 649 659 690 urbem
677 649 879 691 intravere
900 649 976 691 sub
998 649 1141 703 signis,
1167 650 1383 703 mediaque
1403 650 1502 691 urbe
1522 651 1686 706 agmine

332 712 373 751 in
404 709 660 751 Aventinum
689 718 878 766 pergunt.
927 711 986 752 ibi
1017 711 1223 752 coniuncti
1253 711 1370 752 alteri
1400 712 1596 752 exercitui
1627 712 1686 752 vi-

330 772 434 827 ginti
459 771 630 813 tribunis
657 773 833 813 militum
857 773 1070 828 negotium
1094 773 1311 822 dederunt,
1343 780 1388 813 ut
1419 788 1470 814 ex
1501 788 1577 815 suo
1612 788 1688 814 nu-

332 848 444 874 mero
470 834 573 875 duos
599 841 800 884 crearent,
833 835 904 888 qui
929 849 1114 876 summae
1143 849 1280 875 rerum
1311 842 1562 889 praeessent.
1623 834 1684 875 M.

334 894 538 950 Oppium,
567 894 665 937 Sex.
690 895 912 936 Manilium
938 903 1087 937 creant.

414 957 561 998 Patres
594 958 755 998 solliciti
780 958 831 999 de
857 973 1018 999 summa
1041 973 1195 1007 rerum,
1229 973 1321 999 cum
1349 966 1514 1000 senatus
1541 959 1687 1000 cotidie

331 1026 458 1068 esset,
485 1019 628 1074 iurgiis
656 1020 819 1075 saepius
845 1026 980 1061 terunt
1005 1026 1167 1074 tempus
1194 1035 1316 1073 quam
1343 1020 1537 1061 consiliis.
1577 1019 1686 1061 Sicci

333 1081 479 1122 caedes
511 1081 753 1123 decemviris
785 1090 825 1122 et
847 1081 1042 1136 Appiana
1071 1081 1198 1122 libido
1232 1088 1272 1122 et
1296 1082 1497 1122 dedecora
1520 1082 1688 1122 militiae

336 1141 628 1183 obiciebantur.
654 1143 855 1197 placebat,
869 1143 1080 1184 Valerium
1095 1143 1398 1196 Horatiumque
1416 1143 1474 1184 ire
1493 1143 1535 1183 in
1549 1143 1690 1184 Aven—

333 1204 477 1244 tinum.
525 1203 583 1244 illi
613 1204 838 1258 negabant,
877 1219 920 1245 se
953 1205 1069 1245 aliter
1098 1205 1226 1245 ituros
1258 1219 1381 1257 quarn
1408 1205 1443 1245 si
1467 1204 1687 1245 decemviri

333 1265 581 1319 deponerent
612 1265 789 1321 insignia
819 1267 1085 1321 magistratus
1111 1266 1218 1315 eius,
1250 1281 1330 1319 quo
1356 1280 1462 1307 anno
1487 1266 1568 1306 iam
1594 1272 1687 1306 ante

334 1326 528 1368 abissent.
578 1327 816 1376 decemviri,
849 1334 1065 1381 querentes
1098 1342 1141 1368 se
1171 1328 1213 1367 in
1244 1328 1427 1368 ordinem
1459 1327 1568 1382 cogi,
1605 1342 1686 1367 non

334 1394 426 1428 ante
457 1402 581 1442 quam
610 1389 777 1443 perlatis
808 1389 988 1444 legibus,
1026 1403 1199 1442 quarum
1232 1404 1357 1430 causa
1387 1389 1511 1429 creati
1536 1396 1685 1437 essent,

336 1449 592 1504 deposituros
617 1451 834 1505 imperium
860 1466 903 1491 se
930 1450 1104 1491 aiebant.

421 1511 519 1551 LII.
580 1511 663 1552 Per
698 1512 759 1552 M.
791 1511 998 1560 Duilium,
1042 1513 1111 1565 qui
1149 1511 1334 1552 tribunus
1372 1512 1504 1566 plebis
1541 1512 1686 1560 fuerat,

335 1572 480 1613 certior
509 1573 619 1613 facta
648 1573 783 1627 plebs,
817 1573 1144 1614 contentionibus
1171 1574 1353 1614 adsiduis
1379 1574 1478 1614 nihil
1505 1573 1686 1628 transigi,

334 1634 375 1673 in
401 1648 564 1674 sacrum
588 1641 769 1674 montem
789 1649 840 1674 ex
853 1634 1064 1675 Aventino
1083 1634 1245 1683 transit,
1272 1635 1510 1676 adfirmante
1530 1635 1686 1683 Duilio,

332 1710 412 1735 non
443 1695 574 1749 prius,
607 1710 730 1748 quam
757 1695 890 1736 deseri
914 1695 1058 1736 urbem
1083 1696 1265 1745 videant,
1299 1710 1438 1736 curam
1463 1697 1506 1736 in
1530 1697 1687 1737 animos

332 1763 495 1810 patrum
526 1756 836 1797 descensuram:
869 1757 1172 1797 admoniturum
1199 1772 1359 1798 sacrum
1385 1766 1568 1798 montem
1593 1772 1689 1798 con-

335 1817 507 1858 stantiae
531 1817 683 1872 plebis,
712 1819 986 1871 sciturosque,
1017 1819 1097 1859 nisi
1120 1819 1307 1859 restituta
1331 1825 1533 1873 potestate
1558 1819 1689 1874 redigi

337 1880 378 1920 in
407 1879 668 1920 concordiam
697 1895 763 1921 res
789 1881 969 1933 nequire.
1019 1881 1085 1920 via
1109 1880 1385 1929 Nomentana,
1417 1880 1484 1920 cui
1508 1887 1595 1920 tum
1620 1880 1690 1920 Fi-

334 1940 491 1982 culensi
521 1956 672 1982 nomen
702 1941 798 1991 fuit,
835 1942 1009 1996 profecti
1040 1948 1174 1982 castra
1203 1942 1245 1981 in
1275 1950 1412 1982 monte
1439 1957 1555 1983 sacro
1579 1942 1689 1982 loca-

333 2017 446 2052 vere,
485 2003 727 2044 modestiam
763 2015 927 2058 patrum
963 2018 1130 2045 suorum
1166 2004 1267 2044 nihil
1302 2004 1494 2045 violando
1530 2004 1687 2044 imitati.

334 2073 474 2106 secuta
498 2065 723 2106 exercitum
746 2065 864 2120 plebs
909 2066 1039 2115 nullo,
1066 2066 1137 2119 qui
1160 2081 1234 2120 per
1258 2073 1433 2107 aetatem
1457 2067 1515 2106 ire
1534 2073 1687 2120 posset,

298 2141 304 2151 ¹
333 2132 589 2168 retractante.
647 2135 920 2181 prosecuntur
955 2127 1152 2183 coniuges
1189 2127 1405 2181 liberique,
1445 2128 1607 2168 cuinam
1645 2142 1688 2168 se

332 2188 608 2242 relinquerent
637 2189 679 2229 in
705 2204 753 2230 ea
777 2189 897 2239 urbe,
929 2190 972 2230 in
997 2205 1078 2243 qua
1102 2204 1177 2230 nec
1202 2189 1397 2244 pudicitia
1421 2204 1495 2230 nec
1521 2189 1688 2230 libertas

334 2256 474 2291 sancta
499 2257 627 2300 esset,
659 2251 946 2292 miserabiliter
969 2251 1207 2307 rogitantes.

421 2311 529 2353 Cum
553 2319 671 2353 vasta
694 2311 853 2353 Romae
880 2313 1017 2354 omnia
1040 2313 1202 2354 insueta
1227 2313 1404 2354 solitudo
1429 2313 1615 2362 fecisset,
1647 2313 1689 2353 in

334 2373 422 2414 foro
452 2380 614 2428 praeter
642 2389 797 2428 paucos
830 2375 1035 2415 seniorum
1061 2389 1180 2415 nemo
1207 2381 1333 2423 esset,
1365 2374 1521 2415 vocatis
1546 2374 1687 2427 utique

335 2435 374 2474 in
406 2442 593 2476 senatum
618 2436 803 2490 patribus
829 2436 1035 2477 desertum
1062 2437 1321 2490 apparuisset
1344 2436 1480 2477 forum
1530 2436 1688 2490 plures-

333 2511 412 2550 que.
435 2497 518 2537 iam
542 2511 666 2550 quam
690 2497 890 2539 Horatius
917 2512 964 2538 ac
989 2497 1179 2539 Valerius
1205 2497 1544 2538 vociferarentur:
1572 2496 1687 2550 ‘quid

335 2558 640 2612 exspectabitis,
671 2567 808 2614 patres
834 2559 1079 2613 conscripti?
1115 2560 1149 2599 si
1174 2559 1395 2600 decemviri
1418 2559 1541 2599 finem
1564 2557 1686 2612 perti-

334 2621 473 2661 naciae
509 2635 591 2661 non
626 2621 800 2671 faciunt,
849 2636 965 2662 ruere
1008 2636 1056 2662 ac
1091 2621 1317 2677 deflagrare
1354 2621 1491 2662 omnia
1524 2618 1683 2674 passuri

335 2682 456 2722 estis?
490 2683 601 2735 quod
633 2690 769 2724 autem
800 2684 911 2725 istud
941 2684 1156 2739 imperium
1189 2691 1268 2733 est,
1306 2681 1542 2729 decemviri,
1573 2678 1682 2732 quod
