1780 3204
462 225 615 259 LIBER
640 224 765 270 vnn,
786 225 838 260 18.
868 227 917 268 [a.
931 235 966 259 u.
981 223 1020 259 c,
1034 224 1116 269 319]
1381 214 1461 257 461

111 330 221 371 fieret
248 330 396 379 acrior,
428 329 528 382 quid
559 329 593 370 si
618 336 712 370 trux
737 343 784 370 ac
807 327 1066 383 praefervida
1090 329 1150 370 ira
1174 355 1227 358 —
1253 343 1328 370 nec
1353 329 1464 383 quic-

109 408 233 446 quam
247 392 417 433 dubium
437 391 541 432 inter
555 392 773 446 scriptores
793 390 926 432 refero
942 416 1007 440 —,
1022 391 1185 432 nullane
1199 391 1301 432 haec
1316 391 1466 432 damna

109 454 380 509 imperatoriis
412 453 634 494 virtutibus
663 453 878 494 ducimus?
924 453 967 494 id
991 468 1088 494 vcro
1113 453 1340 508 periculum
1366 459 1462 503 erat,

109 518 220 571 quod
245 516 445 557 levissimi
470 531 522 557 ex
548 514 739 565 Graecis,
766 516 836 569 qui
860 515 1109 556 Parthorum
1135 530 1298 569 quoque
1325 523 1466 557 contra

108 594 259 621 nomen
273 578 507 620 Romanum
532 578 686 633 gloriae
712 578 864 627 favent,
886 577 1072 618 dictitare
1099 578 1242 627 solent,
1269 593 1319 618 nc
1340 578 1466 618 maie-

110 648 256 682 statem
282 641 458 682 nominis
476 639 714 689 Alexandri,
736 655 859 693 quem
884 654 935 681 nc
960 640 1072 681 fama
1097 640 1264 694 quidem
1288 640 1367 681 illis
1393 655 1466 681 no-

109 712 195 745 tum
222 704 395 745 arbitror
420 704 562 753 fuisse,
586 703 787 744 sustinere
812 718 894 743 non
919 703 1097 757 potuerit
1121 703 1298 758 populus
1314 703 1466 744 Roma-

108 782 199 817 nus,
227 773 266 807 et
291 767 490 807 adversus
516 780 638 819 quem
653 764 844 814 Athenis,
871 766 913 805 in
939 765 1100 806 civitate
1126 765 1255 806 fracta
1268 765 1466 806 Macedo-

107 844 205 869 num
233 829 369 878 armis,
397 834 586 869 cernente
611 834 697 868 tum
723 827 901 868 maxime
926 843 1054 882 prope
1079 827 1285 868 fumantes
1301 827 1467 868 Theba-

107 907 198 932 rum
223 891 382 940 ruinas,
416 890 640 933 contionari
670 889 796 930 libere
822 890 911 930 ausi
938 897 1030 930 sunt
1057 890 1262 940 homines,
1288 890 1330 930 id
1355 890 1466 944 quod

109 968 160 994 ex
189 953 465 994 monumentis
497 952 725 993 orationum
756 957 885 1005 patet,
919 952 1116 993 adversus
1143 967 1237 992 eum
1268 967 1389 993 nemo
1415 967 1466 992 ex

109 1022 166 1056 tot
196 1015 433 1070 proceribus
465 1014 664 1055 Romanis
696 1028 840 1054 vocem
877 1013 1047 1054 liberam
1079 1014 1280 1055 missurus
1313 1014 1465 1054 fuerit?

108 1077 362 1131 quantalibet
391 1076 631 1131 magnitudo
662 1075 839 1116 hominis
871 1076 1124 1129 concipiatur
1155 1076 1309 1124 animo,
1342 1076 1462 1116 unius

107 1146 244 1180 tamen
270 1154 318 1180 ea
343 1138 582 1193 magnitudo
608 1137 785 1178 hominis
812 1137 904 1186 erit,
932 1136 1102 1177 collecta
1127 1137 1249 1191 paulo
1274 1137 1368 1191 plus
1394 1137 1465 1177 de-

107 1217 197 1242 cem
216 1216 415 1242 annorum
434 1200 639 1249 felicitate,
660 1214 785 1253 quam
804 1199 874 1252 qui
900 1214 946 1240 eo
967 1199 1178 1248 extollunt,
1201 1200 1311 1253 quod
1336 1214 1466 1254 popu-

106 1264 170 1304 lus
190 1264 402 1304 Romanus
429 1262 505 1304 etsi
529 1262 641 1302 nullo
666 1261 785 1310 bello,
812 1261 951 1302 multis
977 1268 1115 1302 tamen
1139 1262 1304 1316 proeliis
1331 1262 1463 1303 vietus

107 1326 171 1374 sit,
192 1324 432 1365 Alexandro
457 1324 608 1364 nullius
634 1337 799 1378 pugnae
824 1338 907 1363 non
933 1324 1114 1364 secunda
1139 1324 1304 1364 fortuna
1329 1323 1463 1373 fucrit,

105 1402 188 1427 non
212 1386 466 1441 intellegunt,
488 1400 531 1426 se
551 1385 728 1426 hominis
754 1400 818 1426 res
844 1392 984 1440 gestas
1011 1392 1050 1426 ct
1076 1386 1162 1427 eius
1188 1386 1348 1427 iuvenis
1371 1401 1465 1426 cum

104 1448 246 1503 populi
275 1448 358 1489 iam
388 1447 775 1503 octingentesimum
807 1447 997 1489 bellantis
1030 1463 1181 1488 annum
1213 1448 1336 1489 rebus
1369 1463 1465 1489 con-

105 1511 222 1552 ferre.
260 1511 466 1560 miremur,
489 1511 535 1559 si,
558 1525 651 1551 cum
672 1525 722 1551 ex
748 1510 824 1551 hac
850 1517 964 1565 parte.
991 1511 1155 1551 saecula
1178 1510 1297 1565 plura
1321 1525 1464 1551 nume-

104 1580 244 1614 rentur
269 1588 392 1627 quam
419 1588 470 1613 ex
494 1573 563 1614 illa
589 1573 703 1622 anni,
736 1573 828 1627 plus
855 1573 898 1613 in
923 1579 1005 1613 tam
1031 1573 1156 1627 longo
1183 1573 1314 1626 spatio
1339 1587 1463 1625 quam

104 1635 146 1675 in
177 1642 308 1676 aetate
341 1635 536 1676 tredecim
568 1650 769 1676 annorum
805 1635 970 1676 fortuna
1001 1635 1243 1675 variaverit?
1290 1635 1389 1688 quin
1420 1642 1464 1676 tu

105 1697 282 1739 hominis
319 1712 413 1738 cum
443 1697 608 1738 homine
640 1704 678 1738 et
709 1697 825 1738 ducis
859 1712 952 1738 cum
984 1697 1087 1737 duce
1124 1697 1333 1737 fortunam
1370 1712 1463 1738 cum

105 1760 271 1800 fortuna
301 1759 488 1800 confers?
536 1766 634 1812 quot
658 1759 869 1800 Romanos
895 1759 1021 1800 duces
1052 1759 1278 1808 nominem,
1312 1759 1462 1812 quibus

105 1836 332 1874 numquam
357 1821 531 1861 adversa
555 1821 719 1861 fortuna
744 1836 908 1876 pugnae
934 1820 1030 1861 fuit!
1068 1821 1242 1875 paginas
1268 1821 1310 1861 in
1335 1837 1462 1862 anna-

105 1883 214 1924 libus
251 1883 569 1938 magistratuum
605 1882 807 1937 fastisque
843 1897 1078 1937 percurrere
1114 1883 1210 1924 licet
1246 1884 1462 1925 consulum

106 1946 450 1998 dictatorumque,
483 1959 658 1998 quorum
682 1960 758 1986 nec
784 1945 944 1986 virtutis
975 1959 1051 1986 nec
1076 1944 1264 1986 fortunae
1289 1945 1372 1986 ullo
1397 1947 1462 1987 dic

105 2007 307 2062 populum
337 2006 572 2047 Romanum
609 2007 820 2061 paenituit.
882 2013 921 2047 et
957 2021 1038 2060 quo
1076 2007 1158 2048 sint
1193 2007 1461 2049 mirabiliores

106 2085 230 2123 quam
244 2068 484 2109 Alexander
509 2075 579 2109 aut
603 2069 821 2123 quisquam
845 2084 930 2118 rex,
953 2069 1080 2110 denos
1099 2069 1348 2122 vicenosque
1373 2070 1461 2111 dics

106 2131 273 2185 quidam
299 2131 559 2180 dictaturam,
593 2146 714 2171 nemo
744 2131 837 2185 plus
864 2146 988 2184 quam
1019 2146 1173 2172 annum
1204 2131 1461 2172 consulatum

105 2194 253 2248 gessit,
281 2193 332 2234 ab
358 2193 531 2234 tribunis
558 2192 689 2247 plebis
715 2193 888 2234 dilectus
912 2193 1083 2247 inpediti
1110 2199 1215 2242 sunt,
1242 2200 1335 2248 post
1360 2200 1461 2234 tem-

104 2270 183 2310 pus
209 2255 261 2295 ad
286 2254 394 2295 bella
418 2255 567 2303 ierunt,
601 2262 695 2296 ante
720 2261 882 2310 tempus
909 2255 1165 2296 comitiorum
1197 2269 1322 2296 eausa
1345 2270 1463 2296 revo-

106 2317 186 2358 cati
211 2323 318 2365 sunt,
338 2317 380 2356 in
404 2317 494 2371 ipso
515 2324 663 2357 conatu
687 2332 823 2358 rerum
849 2318 1088 2372 circumegit
1109 2332 1152 2358 se
1173 2332 1316 2367 annus,
1339 2317 1461 2358 eolle-

105 2393 183 2433 gae
208 2393 316 2419 nunc
341 2378 548 2419 temeritas
574 2393 683 2419 nunc
707 2379 888 2433 pravitas
913 2380 1190 2434 inpedimento
1217 2386 1285 2420 aut
1310 2379 1460 2420 damno

105 2441 194 2489 fuit,
221 2440 326 2481 male
352 2441 480 2495 gestis
505 2440 628 2482 rebus
655 2441 820 2482 alterius
847 2456 1085 2483 successum
1105 2447 1178 2490 est,
1200 2441 1372 2482 tironem
1392 2447 1462 2482 aut

105 2503 213 2544 mala
238 2502 453 2557 disciplina
481 2503 713 2543 institutum
745 2503 969 2544 exercitum
999 2510 1255 2558 acceperunt.
1305 2510 1345 2544 at
1369 2502 1460 2544 her-

106 2565 195 2605 cule
226 2579 345 2619 reges
377 2579 459 2605 non
489 2564 606 2605 liberi
644 2565 777 2605 solum
813 2566 1102 2620 inpedimentis
1140 2565 1348 2615 omnibus,
1387 2566 1460 2606 sed

105 2627 259 2667 domini
283 2641 418 2667 rerum
445 2633 756 2682 temporumque
782 2627 947 2668 trahunt
973 2628 1151 2669 consiliis
1184 2634 1347 2677 cuncta,
1379 2642 1457 2668 non

1493 778 1509 806 7

1489 1087 1508 1116 8

1491 1212 1507 1241 9

1489 2205 1529 2234 14

1488 2329 1528 2359 15

1487 2516 1526 2546 16

105 2696 307 2731 secuntur.
363 2689 539 2731 invictus
571 2704 669 2746 ergo
693 2689 932 2731 Alexander
962 2704 1056 2731 cum
1087 2690 1251 2732 invictis
1283 2688 1457 2731 ducibus
1482 2703 1523 2732 17
