<?xml version="1.0" encoding="UTF-8"?>
<!DOCTYPE html PUBLIC "-//W3C//DTD XHTML 1.0 Transitional//EN"
    "http://www.w3.org/TR/xhtml1/DTD/xhtml1-transitional.dtd">
<html xmlns="http://www.w3.org/1999/xhtml" xml:lang="en" lang="en">
 <head>
  <title>
</title>
<meta http-equiv="Content-Type" content="text/html;charset=utf-8" />
  <meta name='ocr-system' content='tesseract 3.04.00' />
  <meta name='ocr-capabilities' content='ocr_page ocr_carea ocr_par ocr_line ocrx_word'/>
</head>
<body>
  <div class='ocr_page' id='page_1' title='image "./aburbeconditalib01livyuoft_0646.png"; bbox 0 0 1835 3226; ppageno 0'>
   <div class='ocr_carea' id='block_1_1' title="bbox 311 209 1392 260">
    <p class='ocr_par' dir='ltr' id='par_1_1' title="bbox 311 209 1392 260">
     <span class='ocr_line' id='line_1_1' title="bbox 311 209 1392 260; baseline 0 -10"><span class='ocrx_word' id='word_1_1' title='bbox 311 209 393 251; x_wconf 76' lang='lat'>456</span> <span class='ocrx_word' id='word_1_2' title='bbox 577 215 728 250; x_wconf 83' lang='lat' dir='ltr'>LIBER</span> <span class='ocrx_word' id='word_1_3' title='bbox 753 215 882 259; x_wconf 76' lang='lat' dir='ltr'>vnn,</span> <span class='ocrx_word' id='word_1_4' title='bbox 910 214 1035 249; x_wconf 46' lang='lat'>1215.</span> <span class='ocrx_word' id='word_1_5' title='bbox 1063 217 1159 259; x_wconf 79' lang='lat' dir='ltr'>[a.u.</span> <span class='ocrx_word' id='word_1_6' title='bbox 1176 215 1392 260; x_wconf 72' lang='lat' dir='ltr'>c.434.435]</span> 
     </span>
    </p>
   </div>
   <div class='ocr_carea' id='block_1_2' title="bbox 267 317 1664 373">
    <p class='ocr_par' dir='ltr' id='par_1_2' title="bbox 267 317 1664 373">
     <span class='ocr_line' id='line_1_2' title="bbox 267 317 1664 373; baseline -0.002 -10"><span class='ocrx_word' id='word_1_7' title='bbox 267 335 286 364; x_wconf 78' lang='lat'>3</span> <span class='ocrx_word' id='word_1_8' title='bbox 313 327 498 362; x_wconf 81' lang='lat' dir='ltr'>auctores</span> <span class='ocrx_word' id='word_1_9' title='bbox 519 318 762 359; x_wconf 81' lang='lat' dir='ltr'>Tarentinos</span> <span class='ocrx_word' id='word_1_10' title='bbox 783 317 1009 358; x_wconf 70' lang='lat' dir='ltr'>videantur.</span> <span class='ocrx_word' id='word_1_11' title='bbox 1052 318 1237 373; x_wconf 87' lang='lat' dir='ltr'>accipere</span> <span class='ocrx_word' id='word_1_12' title='bbox 1263 333 1307 360; x_wconf 91' lang='lat' dir='ltr'>se</span> <span class='ocrx_word' id='word_1_13' title='bbox 1332 333 1453 360; x_wconf 86' lang='lat' dir='ltr'>omen</span> <span class='ocrx_word' id='word_1_14' title='bbox 1478 320 1664 361; x_wconf 81' lang='lat' dir='ltr'>consules</span> 
     </span>
    </p>
   </div>
   <div class='ocr_carea' id='block_1_3' title="bbox 267 458 284 486">
    <p class='ocr_par' dir='ltr' id='par_1_3' title="bbox 267 458 284 486">
     <span class='ocr_line' id='line_1_3' title="bbox 267 458 284 486; baseline 0 0"><span class='ocrx_word' id='word_1_15' title='bbox 267 458 284 486; x_wconf 72' lang='lat'><strong>9</strong></span> 
     </span>
    </p>
   </div>
   <div class='ocr_carea' id='block_1_4' title="bbox 247 703 285 732">
    <p class='ocr_par' dir='ltr' id='par_1_4' title="bbox 247 703 285 732">
     <span class='ocr_line' id='line_1_4' title="bbox 247 703 285 732; baseline 0 0"><span class='ocrx_word' id='word_1_16' title='bbox 247 703 285 732; x_wconf 88' lang='grc'>10</span> 
     </span>
    </p>
   </div>
   <div class='ocr_carea' id='block_1_5' title="bbox 246 952 280 980">
    <p class='ocr_par' dir='ltr' id='par_1_5' title="bbox 246 952 280 980">
     <span class='ocr_line' id='line_1_5' title="bbox 246 952 280 980; baseline 0 0"><span class='ocrx_word' id='word_1_17' title='bbox 246 952 280 980; x_wconf 80' lang='lat'>11</span> 
     </span>
    </p>
   </div>
   <div class='ocr_carea' id='block_1_6' title="bbox 246 1198 286 1228">
    <p class='ocr_par' dir='ltr' id='par_1_6' title="bbox 246 1198 286 1228">
     <span class='ocr_line' id='line_1_6' title="bbox 246 1198 286 1228; baseline -0.025 0"><span class='ocrx_word' id='word_1_18' title='bbox 246 1198 286 1228; x_wconf 81' lang='lat'>13</span> 
     </span>
    </p>
   </div>
   <div class='ocr_carea' id='block_1_7' title="bbox 247 1323 287 1352">
    <p class='ocr_par' dir='ltr' id='par_1_7' title="bbox 247 1323 287 1352">
     <span class='ocr_line' id='line_1_7' title="bbox 247 1323 287 1352; baseline 0 0"><span class='ocrx_word' id='word_1_19' title='bbox 247 1323 287 1352; x_wconf 68' lang='lat'>14</span> 
     </span>
    </p>
   </div>
   <div class='ocr_carea' id='block_1_8' title="bbox 247 1571 286 1599">
    <p class='ocr_par' dir='ltr' id='par_1_8' title="bbox 247 1571 286 1599">
     <span class='ocr_line' id='line_1_8' title="bbox 247 1571 286 1599; baseline 0 0"><span class='ocrx_word' id='word_1_20' title='bbox 247 1571 286 1599; x_wconf 79' lang='lat'>15</span> 
     </span>
    </p>
   </div>
   <div class='ocr_carea' id='block_1_9' title="bbox 249 1693 287 1722">
    <p class='ocr_par' dir='ltr' id='par_1_9' title="bbox 249 1693 287 1722">
     <span class='ocr_line' id='line_1_9' title="bbox 249 1693 287 1722; baseline 0.026 -1"><span class='ocrx_word' id='word_1_21' title='bbox 249 1693 287 1722; x_wconf 69' lang='lat'>16</span> 
     </span>
    </p>
   </div>
   <div class='ocr_carea' id='block_1_10' title="bbox 270 2001 288 2030">
    <p class='ocr_par' dir='ltr' id='par_1_10' title="bbox 270 2001 288 2030">
     <span class='ocr_line' id='line_1_10' title="bbox 270 2001 288 2030; textangle 90"><span class='ocrx_word' id='word_1_22' title='bbox 270 2001 288 2030; x_wconf 67' lang='lat'>10</span> 
     </span>
    </p>
   </div>
   <div class='ocr_carea' id='block_1_11' title="bbox 309 379 1670 1055">
    <p class='ocr_par' dir='ltr' id='par_1_11' title="bbox 309 379 1670 1055">
     <span class='ocr_line' id='line_1_11' title="bbox 311 379 1666 434; baseline -0.001 -12"><span class='ocrx_word' id='word_1_23' title='bbox 311 383 423 423; x_wconf 89' lang='lat' dir='ltr'>aiunt</span> <span class='ocrx_word' id='word_1_24' title='bbox 454 387 493 420; x_wconf 89' lang='lat' dir='ltr'>et</span> <span class='ocrx_word' id='word_1_25' title='bbox 518 394 608 420; x_wconf 90' lang='lat' dir='ltr'>eam</span> <span class='ocrx_word' id='word_1_26' title='bbox 632 380 789 434; x_wconf 88' lang='lat' dir='ltr'>precari</span> <span class='ocrx_word' id='word_1_27' title='bbox 814 386 992 420; x_wconf 79' lang='lat' dir='ltr'>mentem</span> <span class='ocrx_word' id='word_1_28' title='bbox 1017 379 1224 430; x_wconf 81' lang='lat' dir='ltr'>hostibus,</span> <span class='ocrx_word' id='word_1_29' title='bbox 1257 387 1301 421; x_wconf 89' lang='lat' dir='ltr'>ut</span> <span class='ocrx_word' id='word_1_30' title='bbox 1325 395 1376 421; x_wconf 89' lang='lat' dir='ltr'>ne</span> <span class='ocrx_word' id='word_1_31' title='bbox 1400 381 1554 421; x_wconf 68' lang='lat' dir='ltr'>vallum</span> <span class='ocrx_word' id='word_1_32' title='bbox 1578 382 1666 434; x_wconf 91' lang='lat' dir='ltr'>qui-</span> 
     </span>
     <span class='ocr_line' id='line_1_12' title="bbox 312 441 1668 497; baseline -0.001 -14"><span class='ocrx_word' id='word_1_33' title='bbox 312 444 405 483; x_wconf 91' lang='lat' dir='ltr'>dem</span> <span class='ocrx_word' id='word_1_34' title='bbox 448 441 682 482; x_wconf 81' lang='lat' dir='ltr'><strong>defendant.</strong></span> <span class='ocrx_word' id='word_1_35' title='bbox 742 441 822 495; x_wconf 91' lang='lat' dir='ltr'>ipsi</span> <span class='ocrx_word' id='word_1_36' title='bbox 864 441 969 482; x_wconf 91' lang='lat' dir='ltr'>inter</span> <span class='ocrx_word' id='word_1_37' title='bbox 1005 455 1049 482; x_wconf 91' lang='lat' dir='ltr'>se</span> <span class='ocrx_word' id='word_1_38' title='bbox 1084 443 1241 496; x_wconf 90' lang='lat' dir='ltr'>partitis</span> <span class='ocrx_word' id='word_1_39' title='bbox 1278 443 1405 497; x_wconf 89' lang='lat' dir='ltr'>copiis</span> <span class='ocrx_word' id='word_1_40' title='bbox 1443 443 1668 483; x_wconf 90' lang='lat' dir='ltr'>succedunt</span> 
     </span>
     <span class='ocr_line' id='line_1_13' title="bbox 310 503 1666 559; baseline -0.001 -14"><span class='ocrx_word' id='word_1_41' title='bbox 310 504 489 546; x_wconf 90' lang='lat' dir='ltr'>hostium</span> <span class='ocrx_word' id='word_1_42' title='bbox 519 503 803 552; x_wconf 89' lang='lat' dir='ltr'>munimentis,</span> <span class='ocrx_word' id='word_1_43' title='bbox 841 510 880 544; x_wconf 91' lang='lat' dir='ltr'>et</span> <span class='ocrx_word' id='word_1_44' title='bbox 912 503 1034 544; x_wconf 84' lang='lat' dir='ltr'>simul</span> <span class='ocrx_word' id='word_1_45' title='bbox 1065 504 1246 557; x_wconf 88' lang='lat' dir='ltr'>undique</span> <span class='ocrx_word' id='word_1_46' title='bbox 1272 504 1420 554; x_wconf 89' lang='lat' dir='ltr'>adorti,</span> <span class='ocrx_word' id='word_1_47' title='bbox 1454 520 1547 546; x_wconf 90' lang='lat' dir='ltr'>cum</span> <span class='ocrx_word' id='word_1_48' title='bbox 1571 519 1666 559; x_wconf 85' lang='lat' dir='ltr'>pars</span> 
     </span>
     <span class='ocr_line' id='line_1_14' title="bbox 310 565 1666 621; baseline 0 -13"><span class='ocrx_word' id='word_1_49' title='bbox 310 566 447 608; x_wconf 83' lang='lat' dir='ltr'>fossas</span> <span class='ocrx_word' id='word_1_50' title='bbox 483 565 711 620; x_wconf 80' lang='lat' dir='ltr'>explerent,</span> <span class='ocrx_word' id='word_1_51' title='bbox 748 580 843 620; x_wconf 87' lang='lat' dir='ltr'>pars</span> <span class='ocrx_word' id='word_1_52' title='bbox 880 565 1077 606; x_wconf 78' lang='lat' dir='ltr'>vellerent</span> <span class='ocrx_word' id='word_1_53' title='bbox 1111 566 1266 607; x_wconf 64' lang='lat' dir='ltr'>vallum</span> <span class='ocrx_word' id='word_1_54' title='bbox 1302 572 1424 621; x_wconf 90' lang='lat' dir='ltr'>atque</span> <span class='ocrx_word' id='word_1_55' title='bbox 1460 567 1502 607; x_wconf 90' lang='lat' dir='ltr'>in</span> <span class='ocrx_word' id='word_1_56' title='bbox 1531 566 1666 608; x_wconf 88' lang='lat' dir='ltr'>fossas</span> 
     </span>
     <span class='ocr_line' id='line_1_15' title="bbox 309 627 1669 683; baseline 0 -14"><span class='ocrx_word' id='word_1_57' title='bbox 309 636 566 683; x_wconf 85' lang='lat' dir='ltr'>proruerent,</span> <span class='ocrx_word' id='word_1_58' title='bbox 603 641 680 668; x_wconf 87' lang='lat' dir='ltr'>nee</span> <span class='ocrx_word' id='word_1_59' title='bbox 709 627 839 668; x_wconf 78' lang='lat' dir='ltr'>virtus</span> <span class='ocrx_word' id='word_1_60' title='bbox 871 627 993 668; x_wconf 90' lang='lat' dir='ltr'>modo</span> <span class='ocrx_word' id='word_1_61' title='bbox 1023 627 1164 677; x_wconf 87' lang='lat' dir='ltr'>insita,</span> <span class='ocrx_word' id='word_1_62' title='bbox 1203 628 1276 669; x_wconf 89' lang='lat' dir='ltr'>sed</span> <span class='ocrx_word' id='word_1_63' title='bbox 1305 628 1366 669; x_wconf 90' lang='lat' dir='ltr'>ira</span> <span class='ocrx_word' id='word_1_64' title='bbox 1396 629 1518 669; x_wconf 89' lang='lat' dir='ltr'>etiam</span> <span class='ocrx_word' id='word_1_65' title='bbox 1555 628 1669 669; x_wconf 86' lang='lat' dir='ltr'>exul—</span> 
     </span>
     <span class='ocr_line' id='line_1_16' title="bbox 311 689 1669 744; baseline -0.001 -13"><span class='ocrx_word' id='word_1_66' title='bbox 311 697 469 732; x_wconf 88' lang='lat' dir='ltr'>ceratos</span> <span class='ocrx_word' id='word_1_67' title='bbox 500 689 727 744; x_wconf 82' lang='lat' dir='ltr'>ignominia</span> <span class='ocrx_word' id='word_1_68' title='bbox 758 689 987 730; x_wconf 82' lang='lat' dir='ltr'>stimularet</span> <span class='ocrx_word' id='word_1_69' title='bbox 1017 690 1195 740; x_wconf 90' lang='lat' dir='ltr'>animos,</span> <span class='ocrx_word' id='word_1_70' title='bbox 1229 698 1363 732; x_wconf 85' lang='lat' dir='ltr'>eastra</span> <span class='ocrx_word' id='word_1_71' title='bbox 1392 691 1596 740; x_wconf 75' lang='lat' dir='ltr'>invasere,</span> <span class='ocrx_word' id='word_1_72' title='bbox 1629 698 1669 731; x_wconf 91' lang='lat' dir='ltr'>et</span> 
     </span>
     <span class='ocr_line' id='line_1_17' title="bbox 310 751 1669 807; baseline -0.001 -13"><span class='ocrx_word' id='word_1_73' title='bbox 310 767 383 807; x_wconf 87' lang='lat' dir='ltr'>pro</span> <span class='ocrx_word' id='word_1_74' title='bbox 415 766 459 793; x_wconf 90' lang='lat' dir='ltr'>se</span> <span class='ocrx_word' id='word_1_75' title='bbox 490 751 683 805; x_wconf 90' lang='lat' dir='ltr'>quisque,</span> <span class='ocrx_word' id='word_1_76' title='bbox 715 766 797 792; x_wconf 94' lang='lat' dir='ltr'>non</span> <span class='ocrx_word' id='word_1_77' title='bbox 822 751 923 793; x_wconf 88' lang='lat' dir='ltr'>haee</span> <span class='ocrx_word' id='word_1_78' title='bbox 949 751 1130 793; x_wconf 88' lang='lat' dir='ltr'>furculas</span> <span class='ocrx_word' id='word_1_79' title='bbox 1155 767 1231 793; x_wconf 89' lang='lat' dir='ltr'>nee</span> <span class='ocrx_word' id='word_1_80' title='bbox 1258 752 1464 793; x_wconf 85' lang='lat' dir='ltr'>Caudium</span> <span class='ocrx_word' id='word_1_81' title='bbox 1489 767 1564 794; x_wconf 89' lang='lat' dir='ltr'>nec</span> <span class='ocrx_word' id='word_1_82' title='bbox 1590 752 1669 794; x_wconf 88' lang='lat' dir='ltr'>sal-</span> 
     </span>
     <span class='ocr_line' id='line_1_18' title="bbox 311 813 1670 869; baseline 0 -15"><span class='ocrx_word' id='word_1_83' title='bbox 311 822 376 855; x_wconf 87' lang='lat' dir='ltr'>tus</span> <span class='ocrx_word' id='word_1_84' title='bbox 401 813 535 855; x_wconf 75' lang='lat' dir='ltr'>invios</span> <span class='ocrx_word' id='word_1_85' title='bbox 562 828 673 863; x_wconf 90' lang='lat' dir='ltr'>esse,</span> <span class='ocrx_word' id='word_1_86' title='bbox 710 813 781 854; x_wconf 88' lang='lat' dir='ltr'>ubi</span> <span class='ocrx_word' id='word_1_87' title='bbox 813 828 991 854; x_wconf 87' lang='lat' dir='ltr'>errorem</span> <span class='ocrx_word' id='word_1_88' title='bbox 1022 814 1135 855; x_wconf 87' lang='lat' dir='ltr'>fraus</span> <span class='ocrx_word' id='word_1_89' title='bbox 1168 814 1343 869; x_wconf 80' lang='lat' dir='ltr'>superbe</span> <span class='ocrx_word' id='word_1_90' title='bbox 1372 815 1557 864; x_wconf 74' lang='lat' dir='ltr'>vicisset,</span> <span class='ocrx_word' id='word_1_91' title='bbox 1596 814 1670 855; x_wconf 88' lang='lat' dir='ltr'>sed</span> 
     </span>
     <span class='ocr_line' id='line_1_19' title="bbox 310 876 1667 930; baseline -0.001 -13"><span class='ocrx_word' id='word_1_92' title='bbox 310 877 543 917; x_wconf 82' lang='lat' dir='ltr'>Romanam</span> <span class='ocrx_word' id='word_1_93' title='bbox 562 876 773 925; x_wconf 73' lang='lat' dir='ltr'>virtutem,</span> <span class='ocrx_word' id='word_1_94' title='bbox 801 890 925 930; x_wconf 88' lang='lat' dir='ltr'>quam</span> <span class='ocrx_word' id='word_1_95' title='bbox 944 890 1021 917; x_wconf 88' lang='lat' dir='ltr'>nee</span> <span class='ocrx_word' id='word_1_96' title='bbox 1039 876 1193 917; x_wconf 72' lang='lat' dir='ltr'>vallum</span> <span class='ocrx_word' id='word_1_97' title='bbox 1211 891 1289 918; x_wconf 86' lang='lat' dir='ltr'>nec</span> <span class='ocrx_word' id='word_1_98' title='bbox 1307 876 1445 918; x_wconf 87' lang='lat' dir='ltr'>fossae</span> <span class='ocrx_word' id='word_1_99' title='bbox 1471 883 1667 925; x_wconf 88' lang='lat' dir='ltr'>arcerent,</span> 
     </span>
     <span class='ocr_line' id='line_1_20' title="bbox 311 938 1668 992; baseline 0.001 -14"><span class='ocrx_word' id='word_1_100' title='bbox 311 944 603 987; x_wconf 85' lang='lat' dir='ltr'>memorantes,</span> <span class='ocrx_word' id='word_1_101' title='bbox 631 938 807 978; x_wconf 88' lang='lat' dir='ltr'>caedunt</span> <span class='ocrx_word' id='word_1_102' title='bbox 824 939 976 992; x_wconf 88' lang='lat' dir='ltr'>pariter</span> <span class='ocrx_word' id='word_1_103' title='bbox 993 939 1231 980; x_wconf 80' lang='lat' dir='ltr'>resistentes</span> <span class='ocrx_word' id='word_1_104' title='bbox 1250 938 1466 992; x_wconf 86' lang='lat' dir='ltr'>fusosque,</span> <span class='ocrx_word' id='word_1_105' title='bbox 1492 939 1668 979; x_wconf 86' lang='lat' dir='ltr'>inermes</span> 
     </span>
     <span class='ocr_line' id='line_1_21' title="bbox 311 1000 1668 1055; baseline 0 -14"><span class='ocrx_word' id='word_1_106' title='bbox 311 1008 433 1054; x_wconf 87' lang='lat' dir='ltr'>atque</span> <span class='ocrx_word' id='word_1_107' title='bbox 459 1006 656 1049; x_wconf 86' lang='lat' dir='ltr'>armatos,</span> <span class='ocrx_word' id='word_1_108' title='bbox 684 1014 825 1041; x_wconf 80' lang='lat' dir='ltr'>servos</span> <span class='ocrx_word' id='word_1_109' title='bbox 850 1000 1020 1050; x_wconf 90' lang='lat' dir='ltr'>liberos,</span> <span class='ocrx_word' id='word_1_110' title='bbox 1052 1000 1229 1055; x_wconf 88' lang='lat' dir='ltr'>puberes</span> <span class='ocrx_word' id='word_1_111' title='bbox 1254 1000 1448 1055; x_wconf 86' lang='lat' dir='ltr'>inpubes,</span> <span class='ocrx_word' id='word_1_112' title='bbox 1481 1000 1668 1042; x_wconf 89' lang='lat' dir='ltr'>homines</span> 
     </span>
    </p>
   </div>
   <div class='ocr_carea' id='block_1_12' title="bbox 268 1061 1668 1117">
    <p class='ocr_par' dir='ltr' id='par_1_12' title="bbox 268 1061 1668 1117">
     <span class='ocr_line' id='line_1_22' title="bbox 268 1061 1668 1117; baseline 0.001 -15"><span class='ocrx_word' id='word_1_113' title='bbox 268 1081 274 1087; x_wconf 86' lang='lat'><em>·</em></span> <span class='ocrx_word' id='word_1_114' title='bbox 311 1063 588 1115; x_wconf 86' lang='lat' dir='ltr'>iumentaque.</span> <span class='ocrx_word' id='word_1_115' title='bbox 637 1077 712 1103; x_wconf 89' lang='lat' dir='ltr'>nec</span> <span class='ocrx_word' id='word_1_116' title='bbox 738 1062 866 1103; x_wconf 86' lang='lat' dir='ltr'>ullum</span> <span class='ocrx_word' id='word_1_117' title='bbox 898 1061 1171 1117; x_wconf 82' lang='lat' dir='ltr'>superfuisset</span> <span class='ocrx_word' id='word_1_118' title='bbox 1201 1062 1369 1111; x_wconf 91' lang='lat' dir='ltr'>animal,</span> <span class='ocrx_word' id='word_1_119' title='bbox 1406 1063 1449 1103; x_wconf 91' lang='lat' dir='ltr'>ni</span> <span class='ocrx_word' id='word_1_120' title='bbox 1479 1062 1668 1104; x_wconf 87' lang='lat' dir='ltr'>consules</span> 
     </span>
    </p>
   </div>
   <div class='ocr_carea' id='block_1_13' title="bbox 310 1124 1674 2726">
    <p class='ocr_par' dir='ltr' id='par_1_13' title="bbox 310 1124 1670 1857">
     <span class='ocr_line' id='line_1_23' title="bbox 310 1124 1668 1178; baseline 0.001 -14"><span class='ocrx_word' id='word_1_121' title='bbox 310 1124 493 1178; x_wconf 88' lang='lat' dir='ltr'>receptui</span> <span class='ocrx_word' id='word_1_122' title='bbox 513 1124 678 1178; x_wconf 83' lang='lat' dir='ltr'>signum</span> <span class='ocrx_word' id='word_1_123' title='bbox 698 1124 908 1165; x_wconf 86' lang='lat' dir='ltr'>dedissent</span> <span class='ocrx_word' id='word_1_124' title='bbox 927 1124 1153 1177; x_wconf 69' lang='lat' dir='ltr'>avidosque</span> <span class='ocrx_word' id='word_1_125' title='bbox 1173 1124 1310 1165; x_wconf 88' lang='lat' dir='ltr'>caedis</span> <span class='ocrx_word' id='word_1_126' title='bbox 1325 1124 1473 1165; x_wconf 88' lang='lat' dir='ltr'>milites</span> <span class='ocrx_word' id='word_1_127' title='bbox 1490 1139 1511 1165; x_wconf 88' lang='lat' dir='ltr'>e</span> <span class='ocrx_word' id='word_1_128' title='bbox 1526 1125 1668 1166; x_wconf 85' lang='lat' dir='ltr'>castris</span> 
     </span>
     <span class='ocr_line' id='line_1_24' title="bbox 311 1185 1668 1241; baseline 0.001 -16"><span class='ocrx_word' id='word_1_129' title='bbox 311 1185 491 1226; x_wconf 88' lang='lat' dir='ltr'>hostium</span> <span class='ocrx_word' id='word_1_130' title='bbox 510 1186 681 1240; x_wconf 89' lang='lat' dir='ltr'>imperio</span> <span class='ocrx_word' id='word_1_131' title='bbox 701 1200 749 1226; x_wconf 86' lang='lat' dir='ltr'>ae</span> <span class='ocrx_word' id='word_1_132' title='bbox 767 1186 888 1227; x_wconf 89' lang='lat' dir='ltr'>minis</span> <span class='ocrx_word' id='word_1_133' title='bbox 911 1186 1177 1240; x_wconf 83' lang='lat' dir='ltr'>expulissent.</span> <span class='ocrx_word' id='word_1_134' title='bbox 1204 1187 1342 1239; x_wconf 90' lang='lat' dir='ltr'>itaque</span> <span class='ocrx_word' id='word_1_135' title='bbox 1361 1186 1472 1241; x_wconf 87' lang='lat' dir='ltr'>apud</span> <span class='ocrx_word' id='word_1_136' title='bbox 1485 1186 1668 1227; x_wconf 88' lang='lat' dir='ltr'>infensos</span> 
     </span>
     <span class='ocr_line' id='line_1_25' title="bbox 311 1247 1670 1301; baseline -0.001 -12"><span class='ocrx_word' id='word_1_137' title='bbox 311 1247 363 1289; x_wconf 90' lang='lat' dir='ltr'>ob</span> <span class='ocrx_word' id='word_1_138' title='bbox 395 1247 693 1301; x_wconf 87' lang='lat' dir='ltr'>interpellatam</span> <span class='ocrx_word' id='word_1_139' title='bbox 725 1247 983 1288; x_wconf 87' lang='lat' dir='ltr'>dulcedinem</span> <span class='ocrx_word' id='word_1_140' title='bbox 1013 1248 1097 1289; x_wconf 87' lang='lat' dir='ltr'>irae</span> <span class='ocrx_word' id='word_1_141' title='bbox 1128 1248 1346 1289; x_wconf 85' lang='lat' dir='ltr'>confestim</span> <span class='ocrx_word' id='word_1_142' title='bbox 1377 1249 1505 1290; x_wconf 89' lang='lat' dir='ltr'>oratio</span> <span class='ocrx_word' id='word_1_143' title='bbox 1530 1248 1670 1290; x_wconf 83' lang='lat' dir='ltr'>habita</span> 
     </span>
     <span class='ocr_line' id='line_1_26' title="bbox 313 1309 1667 1363; baseline 0 -13"><span class='ocrx_word' id='word_1_144' title='bbox 313 1317 394 1358; x_wconf 89' lang='lat' dir='ltr'>est,</span> <span class='ocrx_word' id='word_1_145' title='bbox 419 1316 464 1349; x_wconf 82' lang='lat' dir='ltr'>ut</span> <span class='ocrx_word' id='word_1_146' title='bbox 483 1309 696 1350; x_wconf 88' lang='lat' dir='ltr'>doceretur</span> <span class='ocrx_word' id='word_1_147' title='bbox 715 1309 852 1358; x_wconf 90' lang='lat' dir='ltr'>miles,</span> <span class='ocrx_word' id='word_1_148' title='bbox 878 1309 1045 1350; x_wconf 91' lang='lat' dir='ltr'>minime</span> <span class='ocrx_word' id='word_1_149' title='bbox 1067 1310 1257 1363; x_wconf 87' lang='lat' dir='ltr'>cuiquam</span> <span class='ocrx_word' id='word_1_150' title='bbox 1278 1310 1452 1350; x_wconf 88' lang='lat' dir='ltr'>militum</span> <span class='ocrx_word' id='word_1_151' title='bbox 1478 1310 1667 1351; x_wconf 88' lang='lat' dir='ltr'>consules</span> 
     </span>
     <span class='ocr_line' id='line_1_27' title="bbox 312 1370 1666 1424; baseline 0 -13"><span class='ocrx_word' id='word_1_152' title='bbox 312 1371 405 1412; x_wconf 92' lang='lat' dir='ltr'>odio</span> <span class='ocrx_word' id='word_1_153' title='bbox 430 1371 471 1411; x_wconf 90' lang='lat' dir='ltr'>in</span> <span class='ocrx_word' id='word_1_154' title='bbox 496 1370 625 1412; x_wconf 88' lang='lat' dir='ltr'>hostis</span> <span class='ocrx_word' id='word_1_155' title='bbox 653 1371 827 1411; x_wconf 87' lang='lat' dir='ltr'>cessisse</span> <span class='ocrx_word' id='word_1_156' title='bbox 847 1378 915 1411; x_wconf 85' lang='lat' dir='ltr'>aut</span> <span class='ocrx_word' id='word_1_157' title='bbox 937 1385 1146 1419; x_wconf 90' lang='lat' dir='ltr'>cessuros,</span> <span class='ocrx_word' id='word_1_158' title='bbox 1172 1371 1269 1424; x_wconf 82' lang='lat' dir='ltr'>quin</span> <span class='ocrx_word' id='word_1_159' title='bbox 1289 1371 1414 1412; x_wconf 90' lang='lat' dir='ltr'>duces</span> <span class='ocrx_word' id='word_1_160' title='bbox 1435 1372 1540 1412; x_wconf 90' lang='lat' dir='ltr'>sicut</span> <span class='ocrx_word' id='word_1_161' title='bbox 1559 1371 1666 1420; x_wconf 85' lang='lat' dir='ltr'>belli,</span> 
     </span>
     <span class='ocr_line' id='line_1_28' title="bbox 311 1431 1669 1487; baseline 0 -14"><span class='ocrx_word' id='word_1_162' title='bbox 311 1433 368 1474; x_wconf 80' lang='lat' dir='ltr'>ita</span> <span class='ocrx_word' id='word_1_163' title='bbox 397 1431 640 1473; x_wconf 89' lang='lat' dir='ltr'>insatiabilis</span> <span class='ocrx_word' id='word_1_164' title='bbox 674 1432 863 1486; x_wconf 86' lang='lat' dir='ltr'>supplicii</span> <span class='ocrx_word' id='word_1_165' title='bbox 888 1432 1046 1473; x_wconf 88' lang='lat' dir='ltr'>futuros</span> <span class='ocrx_word' id='word_1_166' title='bbox 1073 1432 1221 1481; x_wconf 86' lang='lat' dir='ltr'>fuisse,</span> <span class='ocrx_word' id='word_1_167' title='bbox 1254 1433 1295 1472; x_wconf 91' lang='lat' dir='ltr'>ni</span> <span class='ocrx_word' id='word_1_168' title='bbox 1319 1439 1529 1487; x_wconf 85' lang='lat' dir='ltr'>respectus</span> <span class='ocrx_word' id='word_1_169' title='bbox 1557 1433 1669 1486; x_wconf 86' lang='lat' dir='ltr'>equi-</span> 
     </span>
     <span class='ocr_line' id='line_1_29' title="bbox 313 1493 1669 1549; baseline 0.001 -15"><span class='ocrx_word' id='word_1_170' title='bbox 313 1500 399 1535; x_wconf 89' lang='lat' dir='ltr'>tum</span> <span class='ocrx_word' id='word_1_171' title='bbox 425 1500 725 1543; x_wconf 87' lang='lat' dir='ltr'>sescentorum,</span> <span class='ocrx_word' id='word_1_172' title='bbox 757 1494 827 1547; x_wconf 89' lang='lat' dir='ltr'>qui</span> <span class='ocrx_word' id='word_1_173' title='bbox 853 1494 1057 1534; x_wconf 86' lang='lat' dir='ltr'>Luceriae</span> <span class='ocrx_word' id='word_1_174' title='bbox 1082 1493 1248 1535; x_wconf 84' lang='lat' dir='ltr'>obsides</span> <span class='ocrx_word' id='word_1_175' title='bbox 1274 1500 1519 1543; x_wconf 88' lang='lat' dir='ltr'>tenerentur,</span> <span class='ocrx_word' id='word_1_176' title='bbox 1552 1509 1669 1549; x_wconf 86' lang='lat' dir='ltr'>prae-</span> 
     </span>
     <span class='ocr_line' id='line_1_30' title="bbox 312 1555 1670 1610; baseline -0.001 -14"><span class='ocrx_word' id='word_1_177' title='bbox 312 1555 494 1610; x_wconf 87' lang='lat' dir='ltr'>pedisset</span> <span class='ocrx_word' id='word_1_178' title='bbox 518 1555 695 1604; x_wconf 88' lang='lat' dir='ltr'>animos,</span> <span class='ocrx_word' id='word_1_179' title='bbox 721 1570 772 1596; x_wconf 89' lang='lat' dir='ltr'>ne</span> <span class='ocrx_word' id='word_1_180' title='bbox 792 1555 1008 1609; x_wconf 88' lang='lat' dir='ltr'>desperata</span> <span class='ocrx_word' id='word_1_181' title='bbox 1027 1555 1147 1596; x_wconf 83' lang='lat' dir='ltr'>venia</span> <span class='ocrx_word' id='word_1_182' title='bbox 1170 1555 1310 1597; x_wconf 89' lang='lat' dir='ltr'>hostes</span> <span class='ocrx_word' id='word_1_183' title='bbox 1336 1570 1479 1597; x_wconf 89' lang='lat' dir='ltr'>caecos</span> <span class='ocrx_word' id='word_1_184' title='bbox 1506 1557 1547 1596; x_wconf 87' lang='lat' dir='ltr'>in</span> <span class='ocrx_word' id='word_1_185' title='bbox 1573 1571 1670 1610; x_wconf 86' lang='lat' dir='ltr'>sup-</span> 
     </span>
     <span class='ocr_line' id='line_1_31' title="bbox 312 1617 1667 1672; baseline 0.001 -16"><span class='ocrx_word' id='word_1_186' title='bbox 312 1617 433 1671; x_wconf 83' lang='lat' dir='ltr'>plicia</span> <span class='ocrx_word' id='word_1_187' title='bbox 463 1631 604 1658; x_wconf 89' lang='lat' dir='ltr'>eorum</span> <span class='ocrx_word' id='word_1_188' title='bbox 635 1623 794 1672; x_wconf 82' lang='lat' dir='ltr'>ageret,</span> <span class='ocrx_word' id='word_1_189' title='bbox 826 1617 996 1670; x_wconf 90' lang='lat' dir='ltr'>perdere</span> <span class='ocrx_word' id='word_1_190' title='bbox 1020 1617 1134 1670; x_wconf 86' lang='lat' dir='ltr'>prius</span> <span class='ocrx_word' id='word_1_191' title='bbox 1160 1631 1283 1669; x_wconf 90' lang='lat' dir='ltr'>quam</span> <span class='ocrx_word' id='word_1_192' title='bbox 1308 1618 1440 1671; x_wconf 89' lang='lat' dir='ltr'>perire</span> <span class='ocrx_word' id='word_1_193' title='bbox 1464 1625 1667 1672; x_wconf 85' lang='lat' dir='ltr'>optantes.</span> 
     </span>
     <span class='ocr_line' id='line_1_32' title="bbox 312 1677 1668 1731; baseline 0.001 -12"><span class='ocrx_word' id='word_1_194' title='bbox 312 1679 479 1719; x_wconf 84' lang='lat' dir='ltr'>laudare</span> <span class='ocrx_word' id='word_1_195' title='bbox 505 1693 553 1719; x_wconf 88' lang='lat' dir='ltr'>ea</span> <span class='ocrx_word' id='word_1_196' title='bbox 577 1678 726 1719; x_wconf 88' lang='lat' dir='ltr'>milites</span> <span class='ocrx_word' id='word_1_197' title='bbox 746 1678 988 1731; x_wconf 87' lang='lat' dir='ltr'>laetarique,</span> <span class='ocrx_word' id='word_1_198' title='bbox 1015 1677 1180 1719; x_wconf 66' lang='lat' dir='ltr'>obviam</span> <span class='ocrx_word' id='word_1_199' title='bbox 1204 1678 1307 1718; x_wconf 88' lang='lat' dir='ltr'>itum</span> <span class='ocrx_word' id='word_1_200' title='bbox 1331 1679 1415 1719; x_wconf 88' lang='lat' dir='ltr'>irae</span> <span class='ocrx_word' id='word_1_201' title='bbox 1441 1693 1539 1720; x_wconf 83' lang='lat' dir='ltr'>suae</span> <span class='ocrx_word' id='word_1_202' title='bbox 1564 1694 1668 1728; x_wconf 83' lang='lat' dir='ltr'>esse,</span> 
     </span>
     <span class='ocr_line' id='line_1_33' title="bbox 314 1740 1670 1795; baseline 0.001 -14"><span class='ocrx_word' id='word_1_203' title='bbox 314 1755 361 1782; x_wconf 88' lang='lat' dir='ltr'>ae</span> <span class='ocrx_word' id='word_1_204' title='bbox 392 1740 528 1790; x_wconf 86' lang='lat' dir='ltr'>fateri,</span> <span class='ocrx_word' id='word_1_205' title='bbox 567 1740 704 1781; x_wconf 83' lang='lat' dir='ltr'>omnia</span> <span class='ocrx_word' id='word_1_206' title='bbox 734 1740 927 1795; x_wconf 86' lang='lat' dir='ltr'>patienda</span> <span class='ocrx_word' id='word_1_207' title='bbox 955 1740 1093 1794; x_wconf 87' lang='lat' dir='ltr'>potius</span> <span class='ocrx_word' id='word_1_208' title='bbox 1125 1754 1249 1793; x_wconf 89' lang='lat' dir='ltr'>quam</span> <span class='ocrx_word' id='word_1_209' title='bbox 1284 1740 1524 1795; x_wconf 78' lang='lat' dir='ltr'>proderetur</span> <span class='ocrx_word' id='word_1_210' title='bbox 1559 1741 1670 1782; x_wconf 87' lang='lat' dir='ltr'>salus</span> 
     </span>
     <span class='ocr_line' id='line_1_34' title="bbox 314 1802 1127 1857; baseline -0.001 -14"><span class='ocrx_word' id='word_1_211' title='bbox 314 1809 372 1843; x_wconf 88' lang='lat' dir='ltr'>tot</span> <span class='ocrx_word' id='word_1_212' title='bbox 396 1802 627 1857; x_wconf 89' lang='lat' dir='ltr'>principum</span> <span class='ocrx_word' id='word_1_213' title='bbox 652 1802 865 1843; x_wconf 87' lang='lat' dir='ltr'>Romanae</span> <span class='ocrx_word' id='word_1_214' title='bbox 890 1802 1127 1842; x_wconf 73' lang='lat' dir='ltr'>iuventutis.</span> 
     </span>
    </p>

    <p class='ocr_par' dir='ltr' id='par_1_14' title="bbox 314 1863 1674 2726">
     <span class='ocr_line' id='line_1_35' title="bbox 398 1863 1672 1914; baseline 0 -9"><span class='ocrx_word' id='word_1_215' title='bbox 398 1864 500 1905; x_wconf 82' lang='lat' dir='ltr'>XV.</span> <span class='ocrx_word' id='word_1_216' title='bbox 543 1864 731 1906; x_wconf 88' lang='lat' dir='ltr'>Dimissa</span> <span class='ocrx_word' id='word_1_217' title='bbox 751 1865 940 1906; x_wconf 90' lang='lat' dir='ltr'>contione</span> <span class='ocrx_word' id='word_1_218' title='bbox 961 1864 1177 1905; x_wconf 91' lang='lat' dir='ltr'>consilium</span> <span class='ocrx_word' id='word_1_219' title='bbox 1196 1863 1401 1914; x_wconf 89' lang='lat' dir='ltr'>habitum,</span> <span class='ocrx_word' id='word_1_220' title='bbox 1428 1863 1672 1906; x_wconf 88' lang='lat' dir='ltr'>omnibusne</span> 
     </span>
     <span class='ocr_line' id='line_1_36' title="bbox 314 1925 1671 1981; baseline -0.001 -14"><span class='ocrx_word' id='word_1_221' title='bbox 314 1927 442 1981; x_wconf 91' lang='lat' dir='ltr'>copiis</span> <span class='ocrx_word' id='word_1_222' title='bbox 456 1927 679 1968; x_wconf 84' lang='lat' dir='ltr'>Luceriam</span> <span class='ocrx_word' id='word_1_223' title='bbox 698 1933 928 1981; x_wconf 89' lang='lat' dir='ltr'>premerent</span> <span class='ocrx_word' id='word_1_224' title='bbox 948 1941 1000 1967; x_wconf 89' lang='lat' dir='ltr'>an</span> <span class='ocrx_word' id='word_1_225' title='bbox 1020 1926 1146 1967; x_wconf 91' lang='lat' dir='ltr'>altero</span> <span class='ocrx_word' id='word_1_226' title='bbox 1166 1926 1348 1967; x_wconf 87' lang='lat' dir='ltr'>exercitu</span> <span class='ocrx_word' id='word_1_227' title='bbox 1368 1933 1406 1968; x_wconf 89' lang='lat' dir='ltr'>et</span> <span class='ocrx_word' id='word_1_228' title='bbox 1425 1926 1530 1967; x_wconf 86' lang='lat' dir='ltr'>duce</span> <span class='ocrx_word' id='word_1_229' title='bbox 1546 1925 1671 1980; x_wconf 88' lang='lat' dir='ltr'>Apuli</span> 
     </span>
     <span class='ocr_line' id='line_1_37' title="bbox 317 1987 1673 2043; baseline -0.001 -14"><span class='ocrx_word' id='word_1_230' title='bbox 317 1989 443 2038; x_wconf 84' lang='lat' dir='ltr'>cirea,</span> <span class='ocrx_word' id='word_1_231' title='bbox 469 2003 572 2043; x_wconf 83' lang='lat' dir='ltr'>gens</span> <span class='ocrx_word' id='word_1_232' title='bbox 599 1988 747 2029; x_wconf 87' lang='lat' dir='ltr'>dubiae</span> <span class='ocrx_word' id='word_1_233' title='bbox 774 1988 826 2029; x_wconf 89' lang='lat' dir='ltr'>ad</span> <span class='ocrx_word' id='word_1_234' title='bbox 850 1989 892 2029; x_wconf 88' lang='lat' dir='ltr'>id</span> <span class='ocrx_word' id='word_1_235' title='bbox 916 1988 1158 2037; x_wconf 82' lang='lat' dir='ltr'>voluntatis,</span> <span class='ocrx_word' id='word_1_236' title='bbox 1185 1995 1492 2043; x_wconf 88' lang='lat' dir='ltr'>temptarentur.</span> <span class='ocrx_word' id='word_1_237' title='bbox 1529 1987 1673 2029; x_wconf 92' lang='lat' dir='ltr'>Publi-</span> 
     </span>
     <span class='ocr_line' id='line_1_38' title="bbox 315 2049 1673 2106; baseline -0.001 -15"><span class='ocrx_word' id='word_1_238' title='bbox 315 2050 394 2091; x_wconf 88' lang='lat' dir='ltr'>lius</span> <span class='ocrx_word' id='word_1_239' title='bbox 432 2049 576 2091; x_wconf 89' lang='lat' dir='ltr'>consul</span> <span class='ocrx_word' id='word_1_240' title='bbox 613 2050 665 2091; x_wconf 86' lang='lat' dir='ltr'>ad</span> <span class='ocrx_word' id='word_1_241' title='bbox 700 2050 1001 2106; x_wconf 86' lang='lat' dir='ltr'>peragrandam</span> <span class='ocrx_word' id='word_1_242' title='bbox 1036 2050 1248 2105; x_wconf 89' lang='lat' dir='ltr'>profectus</span> <span class='ocrx_word' id='word_1_243' title='bbox 1284 2049 1482 2105; x_wconf 88' lang='lat' dir='ltr'>Apuliam</span> <span class='ocrx_word' id='word_1_244' title='bbox 1519 2050 1673 2103; x_wconf 87' lang='lat' dir='ltr'>aliquot</span> 
     </span>
     <span class='ocr_line' id='line_1_39' title="bbox 315 2111 1672 2168; baseline 0 -16"><span class='ocrx_word' id='word_1_245' title='bbox 315 2112 574 2167; x_wconf 78' lang='lat' dir='ltr'>expeditione</span> <span class='ocrx_word' id='word_1_246' title='bbox 604 2127 688 2153; x_wconf 89' lang='lat' dir='ltr'>una</span> <span class='ocrx_word' id='word_1_247' title='bbox 716 2112 890 2167; x_wconf 86' lang='lat' dir='ltr'>populos</span> <span class='ocrx_word' id='word_1_248' title='bbox 922 2119 991 2153; x_wconf 88' lang='lat' dir='ltr'>aut</span> <span class='ocrx_word' id='word_1_249' title='bbox 1015 2113 1055 2153; x_wconf 77' lang='lat' dir='ltr'>vi</span> <span class='ocrx_word' id='word_1_250' title='bbox 1081 2112 1245 2168; x_wconf 80' lang='lat' dir='ltr'>subegit</span> <span class='ocrx_word' id='word_1_251' title='bbox 1270 2120 1340 2153; x_wconf 88' lang='lat' dir='ltr'>aut</span> <span class='ocrx_word' id='word_1_252' title='bbox 1365 2111 1672 2153; x_wconf 88' lang='lat' dir='ltr'>condicionibus</span> 
     </span>
     <span class='ocr_line' id='line_1_40' title="bbox 314 2173 1674 2229; baseline -0.001 -15"><span class='ocrx_word' id='word_1_253' title='bbox 314 2174 356 2214; x_wconf 92' lang='lat' dir='ltr'>in</span> <span class='ocrx_word' id='word_1_254' title='bbox 382 2175 619 2216; x_wconf 86' lang='lat' dir='ltr'>societatem</span> <span class='ocrx_word' id='word_1_255' title='bbox 637 2175 814 2228; x_wconf 83' lang='lat' dir='ltr'>aceepit.</span> <span class='ocrx_word' id='word_1_256' title='bbox 862 2173 1031 2229; x_wconf 87' lang='lat' dir='ltr'>Papirio</span> <span class='ocrx_word' id='word_1_257' title='bbox 1056 2189 1238 2228; x_wconf 84' lang='lat' dir='ltr'>quoque,</span> <span class='ocrx_word' id='word_1_258' title='bbox 1271 2174 1342 2228; x_wconf 88' lang='lat' dir='ltr'>qui</span> <span class='ocrx_word' id='word_1_259' title='bbox 1367 2174 1560 2215; x_wconf 87' lang='lat' dir='ltr'>obsessor</span> <span class='ocrx_word' id='word_1_260' title='bbox 1583 2174 1674 2214; x_wconf 89' lang='lat' dir='ltr'>Lu-</span> 
     </span>
     <span class='ocr_line' id='line_1_41' title="bbox 316 2236 1672 2291; baseline -0.001 -14"><span class='ocrx_word' id='word_1_261' title='bbox 316 2236 446 2277; x_wconf 87' lang='lat' dir='ltr'>ceriae</span> <span class='ocrx_word' id='word_1_262' title='bbox 471 2237 694 2286; x_wconf 88' lang='lat' dir='ltr'>restiterat,</span> <span class='ocrx_word' id='word_1_263' title='bbox 726 2236 841 2277; x_wconf 80' lang='lat' dir='ltr'>brevi</span> <span class='ocrx_word' id='word_1_264' title='bbox 874 2236 927 2277; x_wconf 89' lang='lat' dir='ltr'>ad</span> <span class='ocrx_word' id='word_1_265' title='bbox 958 2251 1074 2291; x_wconf 88' lang='lat' dir='ltr'>spem</span> <span class='ocrx_word' id='word_1_266' title='bbox 1105 2244 1276 2278; x_wconf 80' lang='lat' dir='ltr'>eventus</span> <span class='ocrx_word' id='word_1_267' title='bbox 1306 2236 1528 2291; x_wconf 91' lang='lat' dir='ltr'>respondit.</span> <span class='ocrx_word' id='word_1_268' title='bbox 1577 2251 1672 2276; x_wconf 90' lang='lat' dir='ltr'>nam</span> 
     </span>
     <span class='ocr_line' id='line_1_42' title="bbox 316 2297 1673 2353; baseline 0 -15"><span class='ocrx_word' id='word_1_269' title='bbox 316 2298 485 2339; x_wconf 86' lang='lat' dir='ltr'>insessis</span> <span class='ocrx_word' id='word_1_270' title='bbox 523 2298 714 2340; x_wconf 89' lang='lat' dir='ltr'>omnibus</span> <span class='ocrx_word' id='word_1_271' title='bbox 745 2298 843 2348; x_wconf 84' lang='lat' dir='ltr'>viis,</span> <span class='ocrx_word' id='word_1_272' title='bbox 880 2313 954 2353; x_wconf 89' lang='lat' dir='ltr'>per</span> <span class='ocrx_word' id='word_1_273' title='bbox 990 2313 1093 2352; x_wconf 88' lang='lat' dir='ltr'>quas</span> <span class='ocrx_word' id='word_1_274' title='bbox 1130 2306 1385 2340; x_wconf 83' lang='lat' dir='ltr'>commeatus</span> <span class='ocrx_word' id='word_1_275' title='bbox 1417 2313 1468 2339; x_wconf 87' lang='lat' dir='ltr'>ex</span> <span class='ocrx_word' id='word_1_276' title='bbox 1502 2297 1673 2340; x_wconf 85' lang='lat' dir='ltr'>Samnio</span> 
     </span>
     <span class='ocr_line' id='line_1_43' title="bbox 317 2360 1672 2415; baseline -0.001 -14"><span class='ocrx_word' id='word_1_277' title='bbox 317 2361 664 2411; x_wconf 79' lang='lat' dir='ltr'>subvehebantur,</span> <span class='ocrx_word' id='word_1_278' title='bbox 702 2361 812 2402; x_wconf 87' lang='lat' dir='ltr'>fame</span> <span class='ocrx_word' id='word_1_279' title='bbox 849 2361 992 2402; x_wconf 88' lang='lat' dir='ltr'>domiti</span> <span class='ocrx_word' id='word_1_280' title='bbox 1026 2360 1252 2411; x_wconf 85' lang='lat' dir='ltr'>Samnites,</span> <span class='ocrx_word' id='word_1_281' title='bbox 1291 2362 1361 2415; x_wconf 90' lang='lat' dir='ltr'>qui</span> <span class='ocrx_word' id='word_1_282' title='bbox 1391 2361 1595 2402; x_wconf 83' lang='lat' dir='ltr'>Luceriae</span> <span class='ocrx_word' id='word_1_283' title='bbox 1631 2361 1672 2401; x_wconf 90' lang='lat' dir='ltr'>in</span> 
     </span>
     <span class='ocr_line' id='line_1_44' title="bbox 319 2423 1671 2479; baseline 0 -16"><span class='ocrx_word' id='word_1_284' title='bbox 319 2423 522 2477; x_wconf 88' lang='lat' dir='ltr'>praesidio</span> <span class='ocrx_word' id='word_1_285' title='bbox 555 2430 687 2473; x_wconf 87' lang='lat' dir='ltr'>erant,</span> <span class='ocrx_word' id='word_1_286' title='bbox 724 2423 883 2479; x_wconf 86' lang='lat' dir='ltr'>legatos</span> <span class='ocrx_word' id='word_1_287' title='bbox 915 2423 1063 2464; x_wconf 89' lang='lat' dir='ltr'>misere</span> <span class='ocrx_word' id='word_1_288' title='bbox 1095 2423 1147 2464; x_wconf 90' lang='lat' dir='ltr'>ad</span> <span class='ocrx_word' id='word_1_289' title='bbox 1184 2423 1393 2464; x_wconf 86' lang='lat' dir='ltr'>consulem</span> <span class='ocrx_word' id='word_1_290' title='bbox 1425 2423 1671 2472; x_wconf 86' lang='lat' dir='ltr'>Romanum,</span> 
     </span>
     <span class='ocr_line' id='line_1_45' title="bbox 317 2485 1673 2540; baseline 0.001 -16"><span class='ocrx_word' id='word_1_291' title='bbox 317 2492 361 2524; x_wconf 84' lang='lat' dir='ltr'>ut</span> <span class='ocrx_word' id='word_1_292' title='bbox 397 2486 572 2540; x_wconf 88' lang='lat' dir='ltr'>receptis</span> <span class='ocrx_word' id='word_1_293' title='bbox 610 2485 836 2539; x_wconf 89' lang='lat' dir='ltr'>equitibus,</span> <span class='ocrx_word' id='word_1_294' title='bbox 874 2485 945 2539; x_wconf 91' lang='lat' dir='ltr'>qui</span> <span class='ocrx_word' id='word_1_295' title='bbox 976 2499 1101 2526; x_wconf 86' lang='lat' dir='ltr'>causa</span> <span class='ocrx_word' id='word_1_296' title='bbox 1131 2485 1227 2526; x_wconf 92' lang='lat' dir='ltr'>belli</span> <span class='ocrx_word' id='word_1_297' title='bbox 1264 2492 1419 2534; x_wconf 89' lang='lat' dir='ltr'>essent,</span> <span class='ocrx_word' id='word_1_298' title='bbox 1457 2485 1673 2526; x_wconf 86' lang='lat' dir='ltr'>absisteret</span> 
     </span>
     <span class='ocr_line' id='line_1_46' title="bbox 318 2545 1673 2602; baseline 0.001 -17"><span class='ocrx_word' id='word_1_299' title='bbox 318 2545 542 2588; x_wconf 86' lang='lat' dir='ltr'>obsidione.</span> <span class='ocrx_word' id='word_1_300' title='bbox 592 2548 642 2589; x_wconf 90' lang='lat' dir='ltr'>iis</span> <span class='ocrx_word' id='word_1_301' title='bbox 667 2547 859 2602; x_wconf 88' lang='lat' dir='ltr'>Papirius</span> <span class='ocrx_word' id='word_1_302' title='bbox 891 2548 948 2588; x_wconf 84' lang='lat' dir='ltr'>ita</span> <span class='ocrx_word' id='word_1_303' title='bbox 977 2548 1206 2602; x_wconf 88' lang='lat' dir='ltr'>respondit:</span> <span class='ocrx_word' id='word_1_304' title='bbox 1244 2547 1436 2589; x_wconf 91' lang='lat' dir='ltr'>debuisse</span> <span class='ocrx_word' id='word_1_305' title='bbox 1467 2562 1537 2588; x_wconf 90' lang='lat' dir='ltr'>eos</span> <span class='ocrx_word' id='word_1_306' title='bbox 1562 2546 1673 2588; x_wconf 92' lang='lat' dir='ltr'>Pon-</span> 
     </span>
     <span class='ocr_line' id='line_1_47' title="bbox 318 2607 1670 2663; baseline 0 -17"><span class='ocrx_word' id='word_1_307' title='bbox 318 2607 418 2647; x_wconf 87' lang='lat' dir='ltr'>tium</span> <span class='ocrx_word' id='word_1_308' title='bbox 448 2607 635 2650; x_wconf 88' lang='lat' dir='ltr'>Herenni</span> <span class='ocrx_word' id='word_1_309' title='bbox 666 2609 814 2659; x_wconf 90' lang='lat' dir='ltr'>filium,</span> <span class='ocrx_word' id='word_1_310' title='bbox 853 2624 935 2663; x_wconf 86' lang='lat' dir='ltr'>quo</span> <span class='ocrx_word' id='word_1_311' title='bbox 972 2616 1138 2650; x_wconf 89' lang='lat' dir='ltr'>auctore</span> <span class='ocrx_word' id='word_1_312' title='bbox 1169 2609 1380 2650; x_wconf 85' lang='lat' dir='ltr'>Romanos</span> <span class='ocrx_word' id='word_1_313' title='bbox 1417 2608 1493 2650; x_wconf 88' lang='lat' dir='ltr'>sub</span> <span class='ocrx_word' id='word_1_314' title='bbox 1529 2609 1670 2663; x_wconf 85' lang='lat' dir='ltr'>iugum</span> 
     </span>
     <span class='ocr_line' id='line_1_48' title="bbox 320 2668 1668 2726; baseline 0.001 -19"><span class='ocrx_word' id='word_1_315' title='bbox 320 2668 545 2720; x_wconf 78' lang='lat' dir='ltr'>misissent,</span> <span class='ocrx_word' id='word_1_316' title='bbox 594 2671 825 2721; x_wconf 90' lang='lat' dir='ltr'>consulere,</span> <span class='ocrx_word' id='word_1_317' title='bbox 875 2671 974 2725; x_wconf 84' lang='lat' dir='ltr'>quid</span> <span class='ocrx_word' id='word_1_318' title='bbox 1021 2671 1140 2713; x_wconf 69' lang='lat' dir='ltr'>victis</span> <span class='ocrx_word' id='word_1_319' title='bbox 1188 2672 1427 2726; x_wconf 88' lang='lat' dir='ltr'>patiendum</span> <span class='ocrx_word' id='word_1_320' title='bbox 1475 2675 1668 2711; x_wconf 87' lang='lat' dir='ltr'>censeret.</span> 
     </span>
    </p>
   </div>
  </div>
 </body>
</html>
