1835 3226
307 312 325 340 4

311 743 327 772 *q

291 1368 331 1398 10

292 1555 327 1583 11

295 2052 333 2080 13

295 2176 333 2204 11

295 2363 334 2392 15

298 2672 336 2701 1ss

349 186 432 227 402
721 190 874 224 LIBER
899 189 1011 234 vm,
1036 189 1068 222 G.
1096 191 1145 232 [a.
1160 200 1194 223 u.
1210 190 1334 234 0.414]

353 298 589 350 Torquatus
621 294 774 334 missus
805 291 858 333 ab
891 297 1037 332 senatu
1061 291 1113 332 ad
1138 291 1403 333 dimittendos
1428 293 1586 348 legatos
1612 309 1704 335 cum

350 359 550 399 iacentem
575 355 763 397 Annium
786 354 977 403 vidisset,
1010 353 1230 403 exclamat,
1255 353 1314 394 ita
1337 361 1382 395 ut
1406 355 1559 410 populo
1583 357 1707 410 patri-

350 421 512 473 busque
538 418 678 459 audita
701 432 783 458 vox
806 417 958 472 pariter
984 416 1053 457 sit:
1087 415 1209 457 ‘bene
1234 415 1356 458 habet
1366 433 1376 467 ;
1403 417 1458 458 dii
1482 417 1596 472 pium
1621 432 1708 458 mo-

352 496 444 523 vere
481 480 647 522 bellum.
708 486 771 521 est
807 479 982 520 caeleste
1018 493 1190 528 numen,
1233 493 1276 520 es
1313 494 1462 534 magne
1498 479 1706 534 Iuppiter:

350 545 450 585 haut
469 543 622 584 frustra
641 549 679 583 te
699 548 859 597 patrem
878 541 1001 582 deum
1025 540 1327 595 hominumque
1347 541 1425 583 hae
1450 542 1547 582 sede
1574 556 1709 582 sacra-

352 607 500 647 vimus.
560 605 660 658 quid
691 604 881 652 cessatis,
914 603 1096 657 Quirites
1122 618 1280 657 vosque
1304 611 1442 659 patres
1475 604 1706 658 conscripti,

352 684 467 710 arma
491 682 637 723 capere
663 667 750 708 deis
771 666 972 708 ducibus?
1003 666 1061 707 sie
1087 672 1234 707 stratas
1254 666 1439 722 legiones
1461 667 1708 707 Latinorum

355 731 481 780 dabo,
531 729 879 784 quemadmodum
921 728 1105 784 legatum
1146 728 1349 770 iacentem
1396 728 1571 769 videtis?
1638 728 1710 769 ad-

354 808 479 835 sensu
508 792 651 848 populi
681 797 853 846 excepta
886 806 964 832 vox
990 791 1170 833 consulis
1184 797 1355 832 ‘tantum
1380 791 1536 832 ardoris
1562 790 1709 831 animis

352 856 468 905 feeit,
501 861 546 895 ut
569 854 728 910 legatos
754 854 1062 909 proficiscentes
1089 868 1186 895 eura
1216 854 1531 909 magistratuum
1562 852 1709 908 magis,

353 919 423 972 qui
454 918 572 958 iussu
601 916 782 959 consulis
813 916 1179 971 prosequebantur,
1212 931 1335 970 quam
1360 916 1423 957 ius
1449 915 1635 971 gentium
1659 914 1711 956 ab

354 982 414 1023 ira
437 981 676 1035 impetuque
700 980 914 1021 hominum
939 986 1108 1034 tegeret.

439 1044 662 1085 Consensit
682 1050 721 1085 et
742 1050 907 1084 senatus
921 1041 1088 1091 bellum,
1110 1041 1383 1095 consulesque
1402 1040 1564 1082 duobus
1585 1040 1713 1094 scrip-

354 1107 406 1147 tis
432 1105 678 1147 exercitibus
703 1120 776 1160 per
800 1104 966 1146 Marsos
986 1104 1293 1160 PacIIgnosque
1317 1103 1492 1158 profecti
1517 1103 1710 1144 adiuncto

357 1167 606 1209 Samnitium
632 1167 812 1208 exercitu
839 1167 891 1207 ad
912 1166 1120 1221 Capuam,
1147 1181 1228 1220 quo
1254 1166 1336 1206 iam
1361 1165 1504 1206 Latini
1529 1165 1712 1218 sociique

357 1235 648 1278 convenerant,
682 1235 817 1269 castra
841 1228 990 1269 locant.
1050 1228 1107 1269 ibi
1137 1228 1180 1268 in
1205 1228 1340 1281 quiete
1365 1228 1526 1281 utrique
1553 1225 1712 1267 consuli

353 1292 498 1333 eadem
524 1291 671 1332 dicitur
698 1291 788 1332 visa
814 1291 971 1345 species
997 1290 1074 1330 viri
1098 1290 1263 1331 maioris
1289 1305 1411 1343 quam
1438 1304 1511 1344 pro
1531 1289 1711 1329 humano

356 1353 500 1395 habitu
525 1352 875 1408 augustiorisque‚
902 1352 1093 1401 (licentis,
1120 1365 1171 1392 ex
1196 1367 1279 1392 una
1303 1351 1389 1392 acie
1408 1351 1710 1405 imperatorem,

357 1431 407 1457 ex
427 1415 554 1457 altera
578 1414 802 1456 exereitum
828 1413 915 1455 deis
936 1413 1133 1454 Manibus
1159 1413 1359 1467 matrique
1380 1413 1531 1453 Terrae
1558 1412 1709 1453 deberi.

356 1477 486 1518 utrius
518 1477 719 1517 exereitus
745 1476 970 1530 imperator
994 1475 1178 1530 legiones
1204 1475 1383 1516 hostium
1411 1489 1614 1530 superque
1640 1488 1710 1515 eas

359 1554 402 1580 se
427 1538 681 1587 devovisset,
714 1538 801 1578 eius
827 1537 968 1592 populi
994 1538 1203 1592 partisque
1228 1538 1442 1579 victoriam
1473 1537 1574 1577 fore,
1634 1536 1710 1577 hos

355 1601 428 1642 ubi
452 1606 673 1641 nocturnos
699 1600 813 1641 visus
839 1600 944 1640 inter
969 1614 1013 1641 se
1039 1600 1229 1641 consules
1256 1599 1531 1649 contulerunt,
1557 1598 1713 1654 placuit

357 1663 690 1705 averruncandae
733 1663 856 1703 deum
893 1662 976 1703 irae
1012 1662 1200 1703 victimas
1238 1663 1372 1712 caedi,
1417 1662 1538 1703 simul
1573 1668 1635 1711 ut,
1679 1662 1713 1701 si

357 1726 461 1767 extis
494 1725 655 1774 eadem,
694 1739 799 1778 quae
832 1724 992 1766 somnio
1023 1724 1113 1766 visa
1143 1724 1324 1774 fuerant,
1361 1724 1712 1779 portenderentur,

316 1809 321 1815 ·
359 1788 553 1829 alteruter
594 1787 812 1829 consulum
854 1787 940 1828 fata
986 1786 1171 1842 inpleret.
1233 1786 1303 1827 ubi
1348 1800 1548 1841 responsa
1592 1786 1715 1826 haru-

360 1850 520 1905 spicum
550 1849 744 1890 insidenti
768 1849 850 1890 iam
877 1849 1014 1890 animo
1039 1849 1186 1890 tacitae
1211 1848 1401 1904 religioni
1426 1854 1713 1903 congruerunt,

361 1919 446 1953 tum
482 1912 676 1953 adhibitis
712 1911 859 1967 legatis
896 1911 1155 1965 tribunisque
1187 1918 1227 1952 ct
1256 1910 1438 1966 imperiis
1469 1911 1591 1951 deum
1622 1924 1716 1964 pro-

360 1975 496 2029 palam
529 1974 746 2030 expositis,
782 1989 834 2016 ne
865 1990 975 2015 mors
1007 1974 1237 2016 voluntaria
1273 1974 1454 2015 consulis
1491 1973 1716 2014 exereitum

360 2038 402 2078 in
433 2038 519 2078 acie
551 2044 737 2087 terreret,
771 2043 995 2092 conparant
1025 2037 1130 2077 inter
1156 2051 1218 2086 se,
1250 2043 1295 2077 ut
1319 2036 1370 2077 ab
1395 2043 1487 2076 utra
1509 2042 1625 2090 parte
1651 2049 1717 2076 ce-

359 2101 455 2141 dere
480 2100 692 2141 Romanus
725 2100 928 2141 exereitus
961 2100 1183 2154 coepisset,
1222 2099 1317 2140 inde
1349 2113 1392 2139 se
1424 2098 1566 2139 consul
1592 2098 1717 2138 devo-

360 2169 472 2203 veret
496 2178 571 2217 pro
596 2162 748 2217 populo
774 2162 964 2203 Romano
991 2161 1318 2215 Quiritibusque.
1368 2161 1567 2216 agitatum
1593 2160 1716 2201 etiam

358 2225 401 2265 in
432 2225 602 2265 consilio
635 2230 714 2274 est,
752 2230 797 2265 ut
829 2224 863 2265 si
894 2225 1058 2278 quando
1090 2239 1286 2278 umquam
1318 2238 1461 2264 severo
1486 2223 1615 2263 ullum
1641 2222 1717 2262 im-

358 2287 471 2341 perio
496 2287 651 2328 bellum
677 2286 1007 2328 administratum
1034 2293 1162 2336 esset,
1195 2293 1290 2327 tune
1316 2286 1375 2326 uti
1400 2284 1616 2340 disciplina
1640 2283 1717 2324 mi·-

359 2349 486 2390 litaris
512 2349 565 2389 ad
589 2349 746 2404 priseos
772 2349 1026 2404 redigeretur
1045 2363 1192 2390 mores.
1231 2363 1371 2389 euram
1392 2347 1578 2396 acuebat,
1605 2346 1718 2400 quod

360 2411 558 2452 adversus
578 2411 754 2453 Latinos
775 2410 1012 2452 bellandum
1039 2418 1141 2460 erat,
1168 2411 1328 2466 lingua,
1355 2409 1557 2459 moribus,
1585 2423 1719 2450 armo-

360 2489 449 2514 rum
476 2489 645 2529 gencre,
671 2474 868 2516 institutis
889 2480 981 2515 aute
1002 2474 1141 2515 omnia
1159 2473 1402 2514 militaribus
1424 2478 1714 2527 congruentes:

361 2536 510 2577 milites
537 2536 755 2586 militibus,
782 2536 1088 2578 centurionibus
1110 2535 1386 2585 centuriones,
1414 2534 1565 2575 tribuni
1591 2533 1720 2575 tribu-

361 2598 424 2638 nis
461 2613 659 2653 conpares
696 2599 960 2654 collegaeque
996 2599 1129 2640 isdem
1160 2597 1394 2653 praesidiis,
1433 2611 1555 2651 saepe
1585 2596 1717 2637 isdem

362 2660 581 2714 manipulis
601 2662 792 2716 permixti
812 2661 987 2703 fuerant.
1024 2676 1097 2717 per
1114 2661 1216 2702 haec
1235 2675 1286 2702 ne
1306 2675 1388 2715 quo
1408 2674 1542 2701 errore
1568 2658 1717 2700 milites
