1835 3226
351 192 432 231 546
564 196 717 231 LIBER
742 196 795 238 X,
820 194 874 228 47.
900 192 1188 228 PERIOCHAE
1207 193 1303 227 LIB.
1321 194 1388 228 XI.
1409 194 1492 229 XII.

353 308 519 342 ventum
550 300 591 339 in
621 298 754 345 libris,
792 296 1090 351 Aesculapium
1122 295 1172 336 ab
1198 295 1409 350 Epidauro
1434 295 1609 337 Romam
1639 314 1701 339 ar-

353 361 610 404 cessendum.
660 373 792 412 neque
818 373 866 399 eo
892 373 1016 407 anno,
1049 357 1145 410 quia
1168 357 1276 398 bello
1302 358 1488 412 occupati
1513 359 1700 401 consules

352 429 478 472 erant,
503 422 724 475 quicquam
749 421 799 460 de
825 434 873 461 ea
896 435 938 460 re
964 427 1113 467 actum,
1138 425 1425 472 praeterquam
1446 419 1556 472 quod
1574 434 1701 461 unum

353 486 460 526 diem
485 482 736 537 Aesculapio
763 481 1005 536 supplicatio
1030 480 1170 521 habita
1195 487 1268 521 est.

745 692 1027 743 [PERIOCHA
1058 698 1198 734 LIBRI
1227 698 1297 734 XI.

423 785 513 820 Cum
528 785 669 819 Fabius
684 784 833 828 Gurges
848 783 978 818 consul
991 783 1087 817 male
1103 783 1281 817 adversus
1296 782 1479 817 Samnites
1498 788 1704 827 pugnasset

354 842 390 872 et
405 841 556 872 senatus
571 835 616 869 de
631 834 857 869 removendo
879 844 922 868 eo
938 834 985 868 ab
1007 833 1171 868 exercitu
1195 837 1341 878 ageret,
1367 833 1508 867 Fabius
1522 832 1703 866 Maximus

353 892 461 933 pater
474 887 696 931 deprecatus
717 885 814 918 hanc
833 883 886 917 fili
900 883 1142 928 ignominiam
1156 894 1200 918 eo
1221 883 1375 918 maxime
1395 887 1563 918 senatum
1576 883 1702 926 movit,

355 938 455 983 quod
468 937 606 971 iturum
621 947 660 970 se
675 934 753 969 filio
768 935 933 979 legatum
947 934 1138 978 pollicitus
1161 938 1235 976 est,
1256 934 1369 979 idque
1390 933 1586 978 praestitit.
1624 933 1703 967 eius

355 987 518 1023 consiliis
533 990 571 1021 et
584 996 699 1030 opera
712 984 810 1019 filius
825 985 956 1019 consul
971 984 1119 1018 adiutus
1136 984 1253 1018 caesis
1264 983 1489 1018 Samnitibus
1503 983 1703 1028 triumpha-

354 1040 424 1082 rit,
451 1037 491 1073 C.
510 1036 685 1071 Pontium
709 1036 971 1080 imperatorem
998 1034 1233 1078 Samnitium,
1267 1035 1418 1068 ductum
1442 1034 1478 1068 in
1503 1033 1703 1078 triumpho,

356 1090 476 1124 securi
496 1087 696 1133 percussit.
743 1097 823 1121 cum
842 1086 1058 1130 pestilentia.
1079 1085 1209 1120 civitas
1229 1085 1434 1126 laboraret,
1460 1085 1562 1119 missi
1575 1084 1702 1130 legati,

354 1146 395 1175 ut
408 1138 612 1183 Aesculapi
633 1138 778 1182 signum
790 1137 945 1172 Romam
967 1137 1016 1171 ab
1031 1136 1222 1181 Epidauro
1242 1135 1506 1177 transferrent,
1533 1147 1702 1181 anguem,

357 1191 419 1238 qui
435 1202 473 1225 se
487 1190 524 1223 in
537 1200 669 1223 navem
684 1199 810 1223 eorum
825 1189 1052 1231 contulerat,
1079 1187 1117 1221 in
1133 1198 1205 1232 quo
1226 1187 1347 1231 ipsum
1367 1198 1503 1220 numen
1517 1197 1599 1221 esse
1620 1197 1704 1221 eon—

356 1243 496 1285 stabat,
523 1241 831 1285 deportaverunt,
857 1249 976 1283 eoque
998 1239 1034 1272 in
1054 1239 1213 1272 insulam
1231 1238 1377 1272 Tiberis
1397 1248 1549 1282 egresso
1575 1238 1705 1272 eodem

355 1295 438 1328 loco
465 1292 577 1327 aedes
597 1289 822 1333 Aesculapio
845 1289 1048 1322 constituta
1067 1293 1134 1322 est.
1183 1289 1226 1322 L.
1247 1288 1460 1322 Postumius
1487 1287 1704 1330 consularis,

357 1343 548 1390 quoniam,
581 1352 662 1375 cum
688 1339 864 1374 exercitui
888 1342 1099 1383 praeesset,
1136 1349 1249 1382 opera
1273 1338 1427 1371 militum
1458 1338 1494 1371 in
1521 1348 1610 1382 agro
1638 1348 1704 1371 suo

355 1406 444 1428 usus
470 1397 566 1435 erat,
594 1392 789 1425 damnatus
814 1392 883 1423 est.
923 1399 1053 1433 pacem
1078 1388 1292 1432 petentibus
1319 1387 1545 1421 Samnitibus
1570 1387 1704 1421 foedus

357 1448 488 1489 quarto
515 1444 731 1476 renovatum
757 1444 822 1474 est.
872 1438 1002 1473 Curius
1021 1438 1205 1472 Dentatus
1227 1438 1357 1472 consul
1379 1437 1604 1472 Samnitibus
1625 1449 1704 1472 cae-

357 1495 406 1528 sis
422 1497 458 1528 et
471 1492 636 1532 Sabinis,
664 1491 726 1535 qui
740 1490 1035 1532 rebellaverant,
1062 1489 1170 1523 vietis
1191 1489 1277 1523 etin
1297 1489 1521 1523 deditionem
1541 1489 1705 1534 acceptis

356 1544 413 1578 bis
438 1543 476 1576 in
501 1542 633 1576 eodem
657 1540 879 1585 magistratu
911 1539 1160 1583 triumphavit.
1211 1539 1380 1573 coloniae
1413 1539 1596 1574 deductae
1621 1544 1707 1573 sunt

357 1594 545 1635 Castrum,
573 1592 688 1635 Sena,
713 1590 870 1624 Hadria.
919 1589 1101 1623 triumviri
1123 1589 1303 1632 capitales
1322 1592 1410 1622 tunc
1423 1589 1578 1634 primum
1593 1589 1706 1623 creati

358 1648 454 1678 sunt.
505 1653 619 1677 censu
643 1646 726 1676 acto
754 1641 911 1674 lustrum
937 1639 1127 1674 eonditum
1153 1643 1227 1673 est:
1256 1650 1369 1673 censa
1388 1643 1474 1672 sunt
1497 1639 1629 1673 civium
1649 1650 1706 1674 ea-

358 1695 435 1740 pita
460 1694 622 1728 ducenta
643 1691 879 1737 septuaginta
899 1691 973 1724 duo
994 1690 1104 1724 milia.
1152 1690 1262 1734 plebs
1287 1693 1441 1734 propter
1465 1700 1530 1724 aes
1549 1689 1707 1724 alienum

357 1749 443 1790 post
468 1755 600 1790 graves
621 1747 658 1778 et
674 1743 809 1787 longas
837 1741 1038 1775 seditiones
1064 1741 1112 1775 ad
1135 1740 1304 1774 ultimum
1331 1740 1487 1774 secessit
1510 1739 1548 1774 in
1566 1740 1708 1775 Ianicu-

357 1798 449 1839 lum,
475 1796 574 1829 unde
600 1806 622 1829 a
647 1793 690 1835 Q.
711 1792 914 1827 Hortensio
942 1792 1123 1826 dictatore
1149 1792 1311 1826 deducta
1334 1794 1410 1833 est3
1435 1791 1541 1836 isque
1565 1791 1604 1825 in
1627 1791 1708 1835 ipso

357 1847 578 1891 magistratu
610 1844 782 1880 decessit.
835 1854 894 1878 res
924 1847 1122 1887 praeterea
1148 1845 1279 1876 contra
1301 1841 1559 1877 Vulsinienses
1585 1845 1709 1886 gestas

359 1898 542 1941 continet,
572 1896 660 1930 item
690 1896 870 1930 adversus
895 1894 1088 1935 Lucanos,
1123 1897 1252 1928 contra
1284 1903 1378 1938 quos
1409 1892 1583 1927 auxilium
1609 1892 1708 1926 Thu-

359 1949 448 1983 rinis
473 1947 570 1983 ferre
594 1948 798 1992 placuerat.

758 2063 1021 2102 PERIOCHA
1050 2063 1191 2100 LIBRI
1219 2062 1313 2099 XII.

428 2151 518 2186 Cum
538 2151 652 2196 legati
671 2150 923 2184 Romanorum
949 2160 971 2183 a
993 2148 1111 2184 Gallis
1133 2147 1344 2182 Senonibus
1368 2145 1553 2181 interfecti
1574 2150 1710 2188 essent,

359 2203 460 2238 bello
481 2202 528 2237 ob
548 2202 587 2236 id
602 2201 722 2241 Gallis
741 2200 900 2242 indicto,
925 2200 969 2234 L.
984 2198 1169 2234 Caecilius
1189 2202 1341 2243 praetor
1360 2197 1408 2231 ab
1423 2197 1476 2231 eis
1497 2208 1578 2231 011111
1597 2197 1711 2242 legio-

359 2255 470 2288 nibus
485 2264 616 2287 caesus
631 2256 697 2287 est.
747 2263 829 2285 cum
843 2262 864 2285 a
877 2249 1088 2285 Tarentinis
1110 2249 1239 2284 elassis
1252 2249 1422 2283 Romana
1441 2248 1585 2292 direpta
1599 2252 1710 2289 esset,

361 2305 572 2347 duumviro,
600 2302 662 2349 qui
679 2304 853 2347 praeerat
872 2300 1000 2345 classi,
1027 2300 1171 2345 occiso,
1198 2299 1313 2344 legati
1333 2299 1380 2333 ad
1401 2309 1466 2332 eos
1486 2309 1508 2332 a
1528 2301 1659 2332 senatu
1671 2302 1713 2331 ut

361 2354 406 2388 de
443 2354 501 2389 his
545 2353 687 2388 iniuriis
702 2356 944 2398 quererentur
963 2351 1066 2385 missi
1084 2350 1223 2396 pulsati
1238 2354 1332 2384 suut.
1381 2349 1428 2383 ob
1448 2348 1486 2382 id
1505 2348 1646 2382 bellum
1659 2347 1712 2382 eis

361 2405 536 2439 indictum
551 2407 617 2439 est.
667 2402 849 2437 Samnites
869 2402 1099 2436 defecerunt.
1147 2402 1326 2436 adversus
1347 2411 1411 2434 eos
1431 2402 1468 2433 et
1480 2399 1655 2432 Lucanos
1676 2403 1713 2433 et

360 2455 514 2489 Brittios
535 2458 573 2489 et
590 2454 772 2488 Etruscos
791 2453 935 2498 aliquot
952 2452 1105 2497 proeliis
1125 2463 1147 2486 a
1167 2450 1410 2496 conpluribus
1435 2449 1592 2483 ducibus
1616 2449 1710 2483 bene

361 2509 564 2550 pugnatum
583 2508 650 2539 est.
697 2504 864 2549 Pyrrhus
883 2503 1119 2548 Epirotarum
1138 2513 1219 2545 rex,
1244 2505 1286 2535 ut
1310 2500 1482 2535 auxilium
1501 2498 1711 2534 Tarentinis

362 2555 484 2598 ferret,
505 2555 543 2589 in
557 2555 703 2589 Italiam
716 2554 828 2588 venit.
865 2564 944 2587 cum
960 2553 997 2587 in
1011 2553 1237 2598 praesidium
1252 2551 1480 2596 Reginorum
1494 2549 1592 2594 legio
1608 2548 1710 2583 Cam-

361 2616 460 2649 pana
484 2617 566 2639 cum
583 2604 776 2650 praefecto
798 2604 917 2640 Decio
936 2604 1101 2640 Vibellio
1127 2603 1241 2638 missa
1260 2605 1378 2645 esset,
1406 2600 1538 2636 occisis
1556 2597 1708 2644 Reginis

364 2655 518 2699 Regium
544 2655 752 2701 occupavit.
