1780 3204
520 276 671 311 LIBER
696 277 786 321 vn,
813 278 842 312 ῑ.
863 277 894 312 s.
923 277 1120 322 [auses]
1415 272 1496 312 357

231 383 330 424 VH.
368 382 614 435 Priusquam
629 381 802 423 dictator
813 382 1078 438 legionesque
1092 397 1223 423 novae
1236 383 1277 423 in
1291 383 1496 426 Hernicos

147 447 348 495 venirent,
375 445 500 485 ductu
521 443 569 485 C.
592 443 749 499 Sulpici
769 445 893 500 legati
911 459 976 485 res
1000 459 1074 499 per
1099 446 1355 487 occasionem
1381 454 1499 503 gesta

1526 400 1539 427 l

147 507 311 563 egregie
343 513 417 547 est.
466 507 508 546 in
532 505 756 555 Hernicos,
789 513 917 547 morte
949 507 1128 548 consulis
1155 509 1420 563 contemptim
1446 510 1499 550 ad
1523 522 1542 551 ‘2

146 577 280 611 castra
292 569 481 610 Romana
499 583 593 609 cum
612 568 723 609 haud
741 568 867 610 dubia
886 569 1151 623 expugnandi
1177 584 1248 624 spe
1275 571 1498 612 suceeden-

145 640 226 682 tes,
256 632 444 673 hortante
468 631 604 686 legato
630 637 670 671 et
693 631 823 685 plenis
848 631 932 672 irae
957 637 1078 685 atque
1108 632 1361 687 indignitatis
1393 633 1498 674 mili-

146 703 231 736 tum
272 695 418 736 animis
456 694 614 748 eruptio
652 699 714 734 est
750 693 871 735 facta.
926 694 1100 734 multum
1131 694 1183 735 ab
1216 709 1288 749 spe
1319 696 1496 736 adeundi

145 758 240 799 valli
265 773 329 798 res
349 756 541 797 Hernicis
568 756 687 797 afuit:
720 756 823 797 adeo
848 755 1020 797 turbatis
1045 756 1139 797 inde
1165 757 1377 799 ordinibus
1403 757 1498 798 abs-

144 834 317 861 cessere.
367 818 575 859 dictatoris
607 818 754 858 deinde
780 818 959 858 adventu
983 833 1115 859 novus
1141 819 1268 859 veteri
1293 820 1495 860 exercitus
1522 834 1540 863 3

143 882 327 937 iungitur
363 887 402 922 et
438 880 579 934 copiae
610 880 887 934 duplicantur3
925 886 964 921 et
993 894 1068 934 pro
1099 880 1288 922 contione
1324 882 1497 923 dictator

144 943 334 984 laudibus
359 942 484 998 legati
509 942 783 995 militumque,
810 956 984 995 quorum
1003 943 1152 983 virtute
1172 949 1305 984 castra
1325 943 1497 984 defensa

144 1012 275 1055 crant,
309 1005 431 1046 simul
456 1004 716 1046 audientibus
742 1004 885 1045 laudes
910 1005 1076 1045 meritas
1102 1004 1206 1045 tollit
1231 1005 1409 1055 animos,
1443 1006 1497 1046 si-

142 1067 226 1108 mul
253 1073 407 1108 ceteros
434 1067 486 1107 ad
511 1066 775 1107 aemulandas
802 1066 972 1107 virtutes
998 1066 1118 1106 acuit.
1168 1081 1300 1120 neque
1327 1068 1494 1121 segnius

142 1130 195 1170 ad
218 1129 357 1170 hostes
383 1128 535 1169 bellum
561 1134 792 1182 apparatur,
819 1128 890 1181 qui
914 1134 953 1168 et
976 1128 1082 1182 parti
1107 1134 1200 1168 ante
1226 1128 1384 1169 decoris
1411 1143 1496 1169 me-

143 1206 277 1232 mores
309 1205 442 1244 neque
472 1190 604 1244 ignari
636 1196 847 1230 auctarum
878 1189 1025 1229 virium
1050 1189 1181 1230 hostis
1208 1204 1304 1230 suas
1331 1203 1495 1243 quoque

140 1253 246 1293 vires
284 1259 448 1306 augent.
504 1266 623 1292 omne
660 1251 888 1291 Hernicum
925 1265 1094 1300 nomen,
1139 1252 1271 1293 omnis
1308 1252 1494 1293 militaris

141 1321 253 1355 aetas
275 1314 448 1354 excitur:
476 1313 843 1368 quadringenariae
866 1319 957 1354 octo
983 1313 1190 1363 cohortes,
1217 1313 1323 1354 lecta
1347 1313 1495 1355 robora

138 1376 335 1424 virorum,
369 1374 613 1416 scribuntur.
663 1375 771 1415 hunc
803 1375 999 1415 eximium
1029 1375 1171 1416 florem
1196 1376 1419 1417 iuventutis
1447 1391 1494 1417 eo

139 1437 279 1487 etiam,
306 1437 416 1490 quod
436 1443 479 1477 ut
505 1437 658 1491 duplex
683 1437 914 1492 acciperent
940 1437 1190 1492 stipendium
1215 1438 1493 1488 decreverant,

140 1499 226 1553 spei
263 1499 575 1553 animorumque
611 1499 831 1554 inplevere.
891 1499 1081 1541 inmunes
1124 1515 1286 1554 quoque
1324 1515 1494 1555 operum

140 1560 374 1601 militarium
406 1568 538 1611 erant,
575 1568 620 1601 ut
650 1561 692 1601 in
723 1576 852 1602 unum
882 1576 1047 1617 pugnae
1077 1561 1260 1603 laborem
1296 1563 1494 1603 reservati

138 1622 231 1677 plus
259 1622 337 1664 sibi
362 1637 485 1676 quam
510 1638 584 1677 pro
609 1623 715 1663 virili
740 1631 854 1677 parte
880 1623 1147 1664 adnitendum
1174 1624 1335 1664 scirent.
1380 1630 1494 1664 extra

139 1685 322 1725 ordinem
348 1685 468 1725 etiam
494 1685 533 1725 in
561 1685 647 1725 acie
672 1685 812 1734 locati,
840 1700 921 1738 quo
947 1685 1203 1740 conspectior
1221 1685 1350 1725 virtus
1371 1692 1492 1726 esset.

224 1746 369 1786 Duum
406 1747 564 1786 milium
600 1746 788 1800 planities
827 1753 960 1788 castra
990 1747 1181 1788 Romana
1216 1746 1267 1788 ab
1298 1747 1493 1788 Hernicis

141 1807 375 1848 dirimebat:
400 1807 458 1848 ibi
477 1808 565 1862 pari
586 1809 713 1849 ferme
733 1808 937 1862 utrimque
958 1809 1089 1863 spatio
1109 1809 1151 1849 in
1175 1809 1311 1850 medio
1335 1824 1495 1864 pugna-

142 1878 228 1910 tum
265 1876 338 1910 est.
387 1870 518 1923 primo
557 1870 666 1910 stetit
702 1870 897 1926 ambigua
934 1885 1006 1924 spe
1042 1886 1201 1926 pugna,
1245 1872 1494 1925 nequiquam

143 1946 266 1985 saepe
297 1931 453 1972 conatis
485 1932 690 1985 equitibus
716 1932 914 1973 Romanis
945 1933 1101 1986 impetu
1126 1932 1290 1974 turbare
1314 1933 1494 1974 hostium

143 1994 284 2034 aciem.
320 2000 540 2048 postquam
566 1995 766 2047 equestris
790 2009 931 2049 pugna
957 1995 1106 2035 effectu
1131 2010 1254 2048 quam
1280 1995 1493 2037 conatibus

146 2055 286 2096 vanior
323 2064 425 2104 erat,
470 2056 657 2097 consulto
698 2057 812 2110 prius
855 2057 1050 2097 dictatore
1091 2057 1248 2110 equites
1291 2058 1495 2112 permissu

144 2118 290 2158 deinde
322 2118 409 2158 eius
442 2118 591 2159 relictis
626 2119 740 2172 equis
773 2119 949 2160 clamore
973 2119 1129 2174 ingenti
1153 2120 1369 2174 provolant
1399 2127 1494 2162 ante

144 2180 263 2234 signa
294 2187 333 2220 et
358 2195 507 2221 novam
533 2181 737 2235 integrant
761 2196 956 2236 pugnam.
1005 2195 1139 2234 neque
1166 2182 1357 2223 sustineri
1381 2191 1494 2237 pote-

143 2249 250 2291 rant,
276 2243 317 2282 ni
337 2243 678 2284 extraordinariae
699 2243 885 2285 cohortes
904 2244 993 2298 pari
1012 2259 1228 2299 corporum
1247 2245 1495 2286 animorum-

144 2318 223 2358 que
251 2304 394 2345 robore
421 2319 464 2345 se
489 2305 748 2346 obiecissent.

228 2365 349 2406 VIII.
410 2366 528 2408 Tunc
564 2367 668 2408 inter
703 2369 901 2422 primores
938 2369 1113 2409 duorum
1148 2369 1393 2423 populorum
1428 2385 1493 2411 res

142 2427 307 2482 geritur.
363 2429 562 2482 quidquid
598 2429 692 2470 hinc
729 2437 798 2470 aut
833 2430 943 2471 illinc
980 2431 1208 2472 communis
1245 2430 1362 2472 Mars
1399 2431 1494 2472 belli

142 2489 293 2537 aufert,
320 2490 533 2544 multiplex
559 2506 681 2545 quam
706 2507 780 2546 pro
806 2507 976 2534 numero
1003 2493 1199 2533 damnum
1224 2500 1297 2534 est.
1343 2493 1492 2549 vulgus

142 2551 253 2591 aliud
277 2558 544 2601 armatorum,
570 2553 681 2594 velut
706 2554 894 2609 delegata
918 2554 1165 2609 primoribus
1185 2570 1343 2610 pugna,
1371 2571 1493 2597 even-

141 2620 227 2653 tum
254 2628 374 2654 suum
398 2614 441 2654 in
465 2615 613 2656 virtute
639 2615 771 2656 aliena
794 2616 920 2670 ponit.
970 2616 1087 2656 multi
1105 2617 1309 2671 utrimque
1329 2617 1490 2667 cadunt,

140 2674 277 2729 plures
308 2676 478 2717 vulnera
508 2677 725 2731 accipiunt.
774 2678 940 2719 tandem
971 2679 1128 2732 equites
1154 2679 1257 2720 alius
1283 2679 1407 2721 alium
1431 2680 1492 2720 in-
1517 2701 1523 2707 ·

141 2744 371 2792 crepantes,
405 2738 503 2792 quid
530 2739 676 2781 deinde
701 2746 890 2791 restaret,
922 2741 1174 2795 quaerendo,
1212 2742 1246 2783 si
1277 2756 1409 2796 neque
1441 2757 1491 2784 ex

1522 1887 1538 1914 7

1520 2010 1539 2039 8

1520 2199 1537 2227 9
