<?xml version="1.0" encoding="UTF-8"?>
<!DOCTYPE html PUBLIC "-//W3C//DTD XHTML 1.0 Transitional//EN"
    "http://www.w3.org/TR/xhtml1/DTD/xhtml1-transitional.dtd">
<html xmlns="http://www.w3.org/1999/xhtml" xml:lang="en" lang="en">
 <head>
  <title>
</title>
<meta http-equiv="Content-Type" content="text/html;charset=utf-8" />
  <meta name='ocr-system' content='tesseract 3.04.00' />
  <meta name='ocr-capabilities' content='ocr_page ocr_carea ocr_par ocr_line ocrx_word'/>
</head>
<body>
  <div class='ocr_page' id='page_1' title='image "./aburbeconditalib01livyuoft_0026.png"; bbox 0 0 1890 3303; ppageno 0'>
   <div class='ocr_carea' id='block_1_1' title="bbox 312 318 1760 527">
    <p class='ocr_par' dir='ltr' id='par_1_1' title="bbox 312 318 1760 527">
     <span class='ocr_line' id='line_1_1' title="bbox 315 318 1242 348; baseline -0.004 -1"><span class='ocrx_word' id='word_1_1' title='bbox 315 319 401 348; x_wconf 79' lang='lat' dir='ltr'><strong>XVI</strong></span> <span class='ocrx_word' id='word_1_2' title='bbox 812 321 861 344; x_wconf 74' lang='grc' dir='ltr'><strong>ῐ&gt;ιῑ</strong></span> <span class='ocrx_word' id='word_1_3' title='bbox 891 319 977 344; x_wconf 65' lang='grc' dir='ltr'><strong>νιτΑ</strong></span> <span class='ocrx_word' id='word_1_4' title='bbox 1003 318 1053 344; x_wconf 75' lang='grc' dir='ltr'><strong>ΑΟ</strong></span> <span class='ocrx_word' id='word_1_5' title='bbox 1080 318 1242 344; x_wconf 73' lang='lat' dir='ltr'><strong>Scnm&#39;rls</strong></span> 
     </span>
     <span class='ocr_line' id='line_1_2' title="bbox 312 389 1760 438; baseline -0.002 -9"><span class='ocrx_word' id='word_1_6' title='bbox 312 394 368 428; x_wconf 81' lang='lat' dir='ltr'><strong>ria</strong></span> <span class='ocrx_word' id='word_1_7' title='bbox 393 405 435 428; x_wconf 87' lang='lat' dir='ltr'><strong>ac</strong></span> <span class='ocrx_word' id='word_1_8' title='bbox 455 404 630 438; x_wconf 73' lang='lat' dir='ltr'><strong>perversa</strong></span> <span class='ocrx_word' id='word_1_9' title='bbox 651 393 809 426; x_wconf 78' lang='lat' dir='ltr'><strong>virorum</strong></span> <span class='ocrx_word' id='word_1_10' title='bbox 834 391 1026 424; x_wconf 88' lang='lat' dir='ltr'><strong>doctorum</strong></span> <span class='ocrx_word' id='word_1_11' title='bbox 1051 400 1127 423; x_wconf 89' lang='lat' dir='ltr'><strong>non</strong></span> <span class='ocrx_word' id='word_1_12' title='bbox 1146 389 1398 424; x_wconf 85' lang='lat' dir='ltr'><strong>dubitabimus</strong></span> <span class='ocrx_word' id='word_1_13' title='bbox 1419 390 1652 435; x_wconf 77' lang='lat' dir='ltr'>Quintiliani,</span> <span class='ocrx_word' id='word_1_14' title='bbox 1679 403 1760 427; x_wconf 86' lang='lat' dir='ltr'><strong>eru—</strong></span> 
     </span>
     <span class='ocr_line' id='line_1_3' title="bbox 315 433 1760 478; baseline -0.001 -5"><span class='ocrx_word' id='word_1_15' title='bbox 315 440 360 473; x_wconf 87' lang='lat' dir='ltr'><strong>dc</strong></span> <span class='ocrx_word' id='word_1_16' title='bbox 382 440 451 472; x_wconf 84' lang='lat' dir='ltr'><strong>hac</strong></span> <span class='ocrx_word' id='word_1_17' title='bbox 471 438 723 472; x_wconf 81' lang='lat' dir='ltr'><strong>Patavinitate</strong></span> <span class='ocrx_word' id='word_1_18' title='bbox 743 435 882 468; x_wconf 89' lang='lat' dir='ltr'><strong>iudicia</strong></span> <span class='ocrx_word' id='word_1_19' title='bbox 899 445 1026 469; x_wconf 86' lang='lat' dir='ltr'><strong>recen·</strong></span> <span class='ocrx_word' id='word_1_20' title='bbox 1053 433 1224 467; x_wconf 90' lang='lat' dir='ltr'><strong>ditissimi</strong></span> <span class='ocrx_word' id='word_1_21' title='bbox 1239 445 1283 468; x_wconf 88' lang='lat' dir='ltr'><strong>ac</strong></span> <span class='ocrx_word' id='word_1_22' title='bbox 1297 434 1510 478; x_wconf 85' lang='lat' dir='ltr'><strong>peritissimi</strong></span> <span class='ocrx_word' id='word_1_23' title='bbox 1530 436 1663 470; x_wconf 88' lang='lat' dir='ltr'><strong>iudicis</strong></span> <span class='ocrx_word' id='word_1_24' title='bbox 1678 448 1760 471; x_wconf 84' lang='lat' dir='ltr'><strong>sen-</strong></span> 
     </span>
     <span class='ocr_line' id='line_1_4' title="bbox 314 478 1760 527; baseline -0.001 -11"><span class='ocrx_word' id='word_1_25' title='bbox 314 489 459 526; x_wconf 80' lang='lat' dir='ltr'><strong>seutur3</strong></span> <span class='ocrx_word' id='word_1_26' title='bbox 486 483 622 527; x_wconf 90' lang='lat' dir='ltr'><strong>quibus</strong></span> <span class='ocrx_word' id='word_1_27' title='bbox 637 491 732 526; x_wconf 85' lang='lat' dir='ltr'><strong>quae</strong></span> <span class='ocrx_word' id='word_1_28' title='bbox 746 485 881 524; x_wconf 89' lang='lat' dir='ltr'><strong>postea</strong></span> <span class='ocrx_word' id='word_1_29' title='bbox 899 490 1024 514; x_wconf 89' lang='lat' dir='ltr'><strong>acces·</strong></span> <span class='ocrx_word' id='word_1_30' title='bbox 1051 478 1206 513; x_wconf 85' lang='lat' dir='ltr'><strong>tentiam</strong></span> <span class='ocrx_word' id='word_1_31' title='bbox 1220 479 1396 523; x_wconf 87' lang='lat' dir='ltr'><strong>probare,</strong></span> <span class='ocrx_word' id='word_1_32' title='bbox 1411 479 1474 524; x_wconf 89' lang='lat' dir='ltr'><strong>qui</strong></span> <span class='ocrx_word' id='word_1_33' title='bbox 1489 485 1544 514; x_wconf 88' lang='lat' dir='ltr'><strong>‘at</strong></span> <span class='ocrx_word' id='word_1_34' title='bbox 1557 491 1632 514; x_wconf 89' lang='lat' dir='ltr'><strong>non</strong></span> <span class='ocrx_word' id='word_1_35' title='bbox 1645 481 1760 515; x_wconf 83' lang='lat' dir='ltr'><strong>histo—</strong></span> 
     </span>
    </p>
   </div>
   <div class='ocr_carea' id='block_1_2' title="bbox 308 524 1026 1602">
    <p class='ocr_par' dir='ltr' id='par_1_2' title="bbox 308 524 1026 1414">
     <span class='ocr_line' id='line_1_5' title="bbox 315 524 1026 569; baseline -0.006 -8"><span class='ocrx_word' id='word_1_36' title='bbox 315 532 442 562; x_wconf 80' lang='lat' dir='ltr'><strong>serunt</strong></span> <span class='ocrx_word' id='word_1_37' title='bbox 468 526 639 560; x_wconf 87' lang='lat' dir='ltr'><strong>similium</strong></span> <span class='ocrx_word' id='word_1_38' title='bbox 665 536 830 559; x_wconf 87' lang='lat' dir='ltr'><strong>errorum</strong></span> <span class='ocrx_word' id='word_1_39' title='bbox 857 524 1026 569; x_wconf 81' lang='lat' dir='ltr'><strong>exempla</strong></span> 
     </span>
     <span class='ocr_line' id='line_1_6' title="bbox 313 570 1024 613; baseline -0.004 -8"><span class='ocrx_word' id='word_1_40' title='bbox 313 582 531 606; x_wconf 81' lang='lat' dir='ltr'><strong>enumerare</strong></span> <span class='ocrx_word' id='word_1_41' title='bbox 567 581 638 604; x_wconf 90' lang='lat' dir='ltr'><strong>nec</strong></span> <span class='ocrx_word' id='word_1_42' title='bbox 675 570 769 603; x_wconf 90' lang='lat' dir='ltr'><strong>libet</strong></span> <span class='ocrx_word' id='word_1_43' title='bbox 803 580 874 603; x_wconf 86' lang='lat' dir='ltr'><strong>nec</strong></span> <span class='ocrx_word' id='word_1_44' title='bbox 902 574 1024 613; x_wconf 85' lang='lat' dir='ltr'><strong>vacat,</strong></span> 
     </span>
     <span class='ocr_line' id='line_1_7' title="bbox 311 614 1025 659; baseline -0.004 -9"><span class='ocrx_word' id='word_1_45' title='bbox 311 628 422 650; x_wconf 86' lang='lat' dir='ltr'><strong>unam</strong></span> <span class='ocrx_word' id='word_1_46' title='bbox 440 620 582 649; x_wconf 87' lang='lat' dir='ltr'><strong>tantum</strong></span> <span class='ocrx_word' id='word_1_47' title='bbox 602 625 757 659; x_wconf 87' lang='lat' dir='ltr'><strong>eamque</strong></span> <span class='ocrx_word' id='word_1_48' title='bbox 777 614 933 648; x_wconf 85' lang='lat' dir='ltr'><strong>maxime</strong></span> <span class='ocrx_word' id='word_1_49' title='bbox 953 614 1025 648; x_wconf 86' lang='lat' dir='ltr'><strong>sin-</strong></span> 
     </span>
     <span class='ocr_line' id='line_1_8' title="bbox 312 660 1024 706; baseline -0.003 -11"><span class='ocrx_word' id='word_1_50' title='bbox 312 662 479 706; x_wconf 86' lang='lat' dir='ltr'><strong>gularem</strong></span> <span class='ocrx_word' id='word_1_51' title='bbox 495 660 655 695; x_wconf 89' lang='lat' dir='ltr'><strong>omnium</strong></span> <span class='ocrx_word' id='word_1_52' title='bbox 670 660 788 693; x_wconf 78' lang='lat' dir='ltr'><strong>instar</strong></span> <span class='ocrx_word' id='word_1_53' title='bbox 809 669 1024 693; x_wconf 88' lang='lat' dir='ltr'><strong>commemo-</strong></span> 
     </span>
     <span class='ocr_line' id='line_1_9' title="bbox 311 704 1024 749; baseline -0.003 -10"><span class='ocrx_word' id='word_1_54' title='bbox 311 717 392 739; x_wconf 86' lang='lat' dir='ltr'><strong>rare</strong></span> <span class='ocrx_word' id='word_1_55' title='bbox 407 706 520 739; x_wconf 89' lang='lat' dir='ltr'><strong>liceat</strong></span> <span class='ocrx_word' id='word_1_56' title='bbox 534 704 755 738; x_wconf 87' lang='lat' dir='ltr'><strong>sententiam</strong></span> <span class='ocrx_word' id='word_1_57' title='bbox 769 704 940 747; x_wconf 88' lang='lat' dir='ltr'><strong>Kollarii,</strong></span> <span class='ocrx_word' id='word_1_58' title='bbox 962 704 1024 749; x_wconf 89' lang='lat' dir='ltr'><strong>qui</strong></span> 
     </span>
     <span class='ocr_line' id='line_1_10' title="bbox 310 749 1024 794; baseline 0 -11"><span class='ocrx_word' id='word_1_59' title='bbox 310 750 348 783; x_wconf 88' lang='lat' dir='ltr'><strong>in</strong></span> <span class='ocrx_word' id='word_1_60' title='bbox 367 750 462 784; x_wconf 89' lang='lat' dir='ltr'><strong>libro</strong></span> <span class='ocrx_word' id='word_1_61' title='bbox 484 751 645 794; x_wconf 83' lang='lat' dir='ltr'><strong>quodam</strong></span> <span class='ocrx_word' id='word_1_62' title='bbox 665 749 793 794; x_wconf 88' lang='lat' dir='ltr'><strong>lingua</strong></span> <span class='ocrx_word' id='word_1_63' title='bbox 806 749 1024 794; x_wconf 82' lang='lat' dir='ltr'><strong>Hungarica</strong></span> 
     </span>
     <span class='ocr_line' id='line_1_11' title="bbox 312 794 1024 839; baseline -0.001 -11"><span class='ocrx_word' id='word_1_64' title='bbox 312 795 526 839; x_wconf 80' lang='lat' dir='ltr'><strong>conscripto</strong></span> <span class='ocrx_word' id='word_1_65' title='bbox 552 805 585 829; x_wconf 89' lang='lat' dir='ltr'><strong>a.</strong></span> <span class='ocrx_word' id='word_1_66' title='bbox 606 794 694 829; x_wconf 80' lang='lat'>1843</span> <span class='ocrx_word' id='word_1_67' title='bbox 720 794 837 828; x_wconf 86' lang='lat' dir='ltr'><strong>edidit</strong></span> <span class='ocrx_word' id='word_1_68' title='bbox 861 794 1024 839; x_wconf 87' lang='lat' dir='ltr'><strong>descrip-</strong></span> 
     </span>
     <span class='ocr_line' id='line_1_12' title="bbox 310 839 1023 884; baseline -0.001 -11"><span class='ocrx_word' id='word_1_69' title='bbox 310 840 450 874; x_wconf 84' lang='lat' dir='ltr'><strong>tionem</strong></span> <span class='ocrx_word' id='word_1_70' title='bbox 465 839 607 874; x_wconf 85' lang='lat' dir='ltr'><strong>itineris</strong></span> <span class='ocrx_word' id='word_1_71' title='bbox 621 851 688 884; x_wconf 91' lang='lat' dir='ltr'><strong>per</strong></span> <span class='ocrx_word' id='word_1_72' title='bbox 697 839 844 873; x_wconf 87' lang='lat' dir='ltr'><strong>Italiam</strong></span> <span class='ocrx_word' id='word_1_73' title='bbox 860 839 1023 883; x_wconf 88' lang='lat' dir='ltr'><strong>superio—</strong></span> 
     </span>
     <span class='ocr_line' id='line_1_13' title="bbox 310 884 1020 928; baseline -0.001 -10"><span class='ocrx_word' id='word_1_74' title='bbox 310 896 399 928; x_wconf 88' lang='lat' dir='ltr'><strong>rem,</strong></span> <span class='ocrx_word' id='word_1_75' title='bbox 410 885 629 925; x_wconf 85' lang='lat' dir='ltr'><strong>Tirolidem,</strong></span> <span class='ocrx_word' id='word_1_76' title='bbox 638 884 836 918; x_wconf 87' lang='lat' dir='ltr'><strong>Bavariam</strong></span> <span class='ocrx_word' id='word_1_77' title='bbox 845 895 951 918; x_wconf 89' lang='lat' dir='ltr'><strong>susce</strong></span> <span class='ocrx_word' id='word_1_78' title='bbox 954 884 1020 928; x_wconf 89' lang='lat' dir='ltr'><strong>pti,</strong></span> 
     </span>
     <span class='ocr_line' id='line_1_14' title="bbox 311 929 1021 975; baseline -0.003 -11"><span class='ocrx_word' id='word_1_79' title='bbox 311 941 385 974; x_wconf 89' lang='lat' dir='ltr'><strong>quo</strong></span> <span class='ocrx_word' id='word_1_80' title='bbox 406 930 545 975; x_wconf 91' lang='lat' dir='ltr'><strong>ubique</strong></span> <span class='ocrx_word' id='word_1_81' title='bbox 571 929 828 974; x_wconf 83' lang='lat' dir='ltr'><strong>populationis</strong></span> <span class='ocrx_word' id='word_1_82' title='bbox 849 933 886 964; x_wconf 89' lang='lat' dir='ltr'><strong>et</strong></span> <span class='ocrx_word' id='word_1_83' title='bbox 905 929 1021 963; x_wconf 89' lang='lat' dir='ltr'><strong>cultu—</strong></span> 
     </span>
     <span class='ocr_line' id='line_1_15' title="bbox 309 974 1022 1019; baseline -0.001 -11"><span class='ocrx_word' id='word_1_84' title='bbox 309 986 372 1009; x_wconf 78' lang='lat' dir='ltr'><strong>rae</strong></span> <span class='ocrx_word' id='word_1_85' title='bbox 389 974 557 1009; x_wconf 82' lang='lat' dir='ltr'><strong>Slavicae</strong></span> <span class='ocrx_word' id='word_1_86' title='bbox 572 975 742 1019; x_wconf 86' lang='lat' dir='ltr'><strong>exempla</strong></span> <span class='ocrx_word' id='word_1_87' title='bbox 755 978 793 1008; x_wconf 88' lang='lat' dir='ltr'><strong>et</strong></span> <span class='ocrx_word' id='word_1_88' title='bbox 805 974 1022 1008; x_wconf 85' lang='lat' dir='ltr'><strong>inventurus</strong></span> 
     </span>
     <span class='ocr_line' id='line_1_16' title="bbox 311 1019 1021 1064; baseline -0.003 -10"><span class='ocrx_word' id='word_1_89' title='bbox 311 1024 391 1054; x_wconf 84' lang='lat' dir='ltr'><strong>erat</strong></span> <span class='ocrx_word' id='word_1_90' title='bbox 404 1024 442 1054; x_wconf 89' lang='lat' dir='ltr'><strong>et</strong></span> <span class='ocrx_word' id='word_1_91' title='bbox 455 1020 606 1054; x_wconf 90' lang='lat' dir='ltr'><strong>invenit.</strong></span> <span class='ocrx_word' id='word_1_92' title='bbox 634 1019 688 1053; x_wconf 87' lang='lat' dir='ltr'><strong>sic</strong></span> <span class='ocrx_word' id='word_1_93' title='bbox 700 1019 856 1054; x_wconf 87' lang='lat' dir='ltr'><strong>Venetis</strong></span> <span class='ocrx_word' id='word_1_94' title='bbox 872 1030 1021 1064; x_wconf 89' lang='lat' dir='ltr'><strong>quoque</strong></span> 
     </span>
     <span class='ocr_line' id='line_1_17' title="bbox 310 1063 1021 1109; baseline -0.003 -11"><span class='ocrx_word' id='word_1_95' title='bbox 310 1064 500 1099; x_wconf 89' lang='lat' dir='ltr'><strong>veteribus</strong></span> <span class='ocrx_word' id='word_1_96' title='bbox 525 1063 712 1099; x_wconf 81' lang='lat' dir='ltr'><strong>Slavieam</strong></span> <span class='ocrx_word' id='word_1_97' title='bbox 738 1064 919 1109; x_wconf 84' lang='lat' dir='ltr'><strong>originem</strong></span> <span class='ocrx_word' id='word_1_98' title='bbox 944 1064 1021 1097; x_wconf 79' lang='lat' dir='ltr'><strong>vin-</strong></span> 
     </span>
     <span class='ocr_line' id='line_1_18' title="bbox 310 1108 1021 1154; baseline -0.003 -10"><span class='ocrx_word' id='word_1_99' title='bbox 310 1109 434 1144; x_wconf 86' lang='lat' dir='ltr'><strong>dicare</strong></span> <span class='ocrx_word' id='word_1_100' title='bbox 449 1114 618 1153; x_wconf 89' lang='lat' dir='ltr'><strong>conatus,</strong></span> <span class='ocrx_word' id='word_1_101' title='bbox 637 1109 797 1152; x_wconf 84' lang='lat' dir='ltr'><strong>Livium,</strong></span> <span class='ocrx_word' id='word_1_102' title='bbox 819 1109 956 1154; x_wconf 91' lang='lat' dir='ltr'><strong>quippe</strong></span> <span class='ocrx_word' id='word_1_103' title='bbox 970 1108 1021 1142; x_wconf 92' lang='lat' dir='ltr'><strong>in-</strong></span> 
     </span>
     <span class='ocr_line' id='line_1_19' title="bbox 309 1152 1020 1199; baseline -0.003 -11"><span class='ocrx_word' id='word_1_104' title='bbox 309 1158 367 1189; x_wconf 86' lang='lat' dir='ltr'><strong>ter</strong></span> <span class='ocrx_word' id='word_1_105' title='bbox 381 1155 450 1189; x_wconf 89' lang='lat' dir='ltr'><strong>hos</strong></span> <span class='ocrx_word' id='word_1_106' title='bbox 465 1155 495 1188; x_wconf 90' lang='lat' dir='ltr'><strong>si</strong></span> <span class='ocrx_word' id='word_1_107' title='bbox 514 1155 571 1188; x_wconf 91' lang='lat' dir='ltr'><strong>dis</strong></span> <span class='ocrx_word' id='word_1_108' title='bbox 589 1156 714 1199; x_wconf 85' lang='lat' dir='ltr'><strong>placet</strong></span> <span class='ocrx_word' id='word_1_109' title='bbox 729 1152 861 1188; x_wconf 84' lang='lat' dir='ltr'><strong>Slavos</strong></span> <span class='ocrx_word' id='word_1_110' title='bbox 880 1158 1020 1196; x_wconf 90' lang='lat' dir='ltr'><strong>natum,</strong></span> 
     </span>
     <span class='ocr_line' id='line_1_20' title="bbox 310 1198 1022 1245; baseline -0.003 -11"><span class='ocrx_word' id='word_1_111' title='bbox 310 1198 460 1234; x_wconf 79' lang='lat' dir='ltr'><strong>Slavica</strong></span> <span class='ocrx_word' id='word_1_112' title='bbox 483 1200 634 1245; x_wconf 88' lang='lat' dir='ltr'><strong>linguae</strong></span> <span class='ocrx_word' id='word_1_113' title='bbox 653 1199 813 1233; x_wconf 85' lang='lat' dir='ltr'><strong>Latinae</strong></span> <span class='ocrx_word' id='word_1_114' title='bbox 839 1199 1022 1233; x_wconf 86' lang='lat' dir='ltr'><strong>elementa</strong></span> 
     </span>
     <span class='ocr_line' id='line_1_21' title="bbox 308 1243 1022 1288; baseline -0.003 -10"><span class='ocrx_word' id='word_1_115' title='bbox 308 1244 551 1279; x_wconf 83' lang='lat' dir='ltr'><strong>immiscuisse</strong></span> <span class='ocrx_word' id='word_1_116' title='bbox 567 1249 708 1285; x_wconf 80' lang='lat' dir='ltr'><strong>censet⁷</strong></span> <span class='ocrx_word' id='word_1_117' title='bbox 725 1255 820 1288; x_wconf 84' lang='lat' dir='ltr'><strong>quae</strong></span> <span class='ocrx_word' id='word_1_118' title='bbox 834 1243 1022 1278; x_wconf 86' lang='lat' dir='ltr'><strong>Patavini—</strong></span> 
     </span>
     <span class='ocr_line' id='line_1_22' title="bbox 308 1288 1021 1332; baseline -0.003 -9"><span class='ocrx_word' id='word_1_119' title='bbox 308 1289 397 1324; x_wconf 87' lang='lat' dir='ltr'><strong>tatis</strong></span> <span class='ocrx_word' id='word_1_120' title='bbox 427 1289 578 1324; x_wconf 90' lang='lat' dir='ltr'><strong>nomine</strong></span> <span class='ocrx_word' id='word_1_121' title='bbox 609 1290 656 1323; x_wconf 88' lang='lat' dir='ltr'><strong>ab</strong></span> <span class='ocrx_word' id='word_1_122' title='bbox 683 1289 834 1332; x_wconf 90' lang='lat' dir='ltr'><strong>Asinio,</strong></span> <span class='ocrx_word' id='word_1_123' title='bbox 872 1288 1021 1322; x_wconf 90' lang='lat' dir='ltr'><strong>homine</strong></span> 
     </span>
     <span class='ocr_line' id='line_1_23' title="bbox 309 1333 1021 1379; baseline -0.003 -11"><span class='ocrx_word' id='word_1_124' title='bbox 309 1334 498 1378; x_wconf 85' lang='lat' dir='ltr'><strong>Romano,</strong></span> <span class='ocrx_word' id='word_1_125' title='bbox 535 1334 714 1379; x_wconf 84' lang='lat' dir='ltr'><strong>insignita</strong></span> <span class='ocrx_word' id='word_1_126' title='bbox 744 1333 852 1379; x_wconf 87' lang='lat' dir='ltr'><strong>eique</strong></span> <span class='ocrx_word' id='word_1_127' title='bbox 891 1344 1021 1378; x_wconf 80' lang='lat' dir='ltr'><strong>expro-</strong></span> 
     </span>
     <span class='ocr_line' id='line_1_24' title="bbox 309 1379 562 1414; baseline -0.004 0"><span class='ocrx_word' id='word_1_128' title='bbox 309 1379 418 1414; x_wconf 81' lang='lat' dir='ltr'><strong>brata</strong></span> <span class='ocrx_word' id='word_1_129' title='bbox 437 1381 522 1414; x_wconf 87' lang='lat' dir='ltr'><strong>sint.</strong></span> <span class='ocrx_word' id='word_1_130' title='bbox 530 1382 562 1406; x_wconf 84' lang='grc'><strong>99</strong></span> 
     </span>
    </p>

    <p class='ocr_par' dir='ltr' id='par_1_3' title="bbox 309 1423 1023 1602">
     <span class='ocr_line' id='line_1_25' title="bbox 355 1423 1021 1470; baseline -0.003 -12"><span class='ocrx_word' id='word_1_131' title='bbox 355 1423 394 1458; x_wconf 89' lang='lat' dir='ltr'><strong>Si</strong></span> <span class='ocrx_word' id='word_1_132' title='bbox 408 1436 495 1459; x_wconf 87' lang='lat' dir='ltr'><strong>vero</strong></span> <span class='ocrx_word' id='word_1_133' title='bbox 509 1423 709 1469; x_wconf 84' lang='lat' dir='ltr'><strong>profligata</strong></span> <span class='ocrx_word' id='word_1_134' title='bbox 721 1425 793 1459; x_wconf 88' lang='lat' dir='ltr'><strong>hac</strong></span> <span class='ocrx_word' id='word_1_135' title='bbox 802 1423 1021 1470; x_wconf 84' lang='lat' dir='ltr'><strong>quaestione</strong></span> 
     </span>
     <span class='ocr_line' id='line_1_26' title="bbox 311 1468 1023 1514; baseline -0.003 -10"><span class='ocrx_word' id='word_1_136' title='bbox 311 1470 359 1504; x_wconf 87' lang='lat' dir='ltr'><strong>ad</strong></span> <span class='ocrx_word' id='word_1_137' title='bbox 388 1469 507 1514; x_wconf 85' lang='lat' dir='ltr'><strong>ipsam</strong></span> <span class='ocrx_word' id='word_1_138' title='bbox 531 1469 681 1503; x_wconf 86' lang='lat' dir='ltr'><strong>Liviani</strong></span> <span class='ocrx_word' id='word_1_139' title='bbox 713 1470 835 1514; x_wconf 87' lang='lat' dir='ltr'><strong>operis</strong></span> <span class='ocrx_word' id='word_1_140' title='bbox 865 1468 1023 1502; x_wconf 87' lang='lat' dir='ltr'><strong>formam</strong></span> 
     </span>
     <span class='ocr_line' id='line_1_27' title="bbox 310 1513 1021 1559; baseline -0.003 -11"><span class='ocrx_word' id='word_1_141' title='bbox 310 1515 593 1549; x_wconf 83' lang='lat' dir='ltr'><strong>examinandam</strong></span> <span class='ocrx_word' id='word_1_142' title='bbox 607 1520 643 1549; x_wconf 91' lang='lat' dir='ltr'><strong>et</strong></span> <span class='ocrx_word' id='word_1_143' title='bbox 656 1515 705 1549; x_wconf 88' lang='lat' dir='ltr'><strong>ad</strong></span> <span class='ocrx_word' id='word_1_144' title='bbox 719 1517 798 1549; x_wconf 88' lang='lat' dir='ltr'><strong>eius</strong></span> <span class='ocrx_word' id='word_1_145' title='bbox 807 1525 926 1559; x_wconf 87' lang='lat' dir='ltr'><strong>genus</strong></span> <span class='ocrx_word' id='word_1_146' title='bbox 936 1513 1021 1547; x_wconf 91' lang='lat' dir='ltr'><strong>scri-</strong></span> 
     </span>
     <span class='ocr_line' id='line_1_28' title="bbox 309 1559 1022 1602; baseline -0.001 -9"><span class='ocrx_word' id='word_1_147' title='bbox 309 1559 424 1594; x_wconf 88' lang='lat' dir='ltr'><strong>bendi</strong></span> <span class='ocrx_word' id='word_1_148' title='bbox 438 1560 732 1594; x_wconf 87' lang='lat' dir='ltr'><strong>adumbrandum</strong></span> <span class='ocrx_word' id='word_1_149' title='bbox 747 1559 1022 1602; x_wconf 82' lang='lat' dir='ltr'><strong>accedimus,100</strong></span> 
     </span>
    </p>
   </div>
   <div class='ocr_carea' id='block_1_3' title="bbox 1034 528 1039 1685">
    <p class='ocr_par' dir='ltr' id='par_1_4' title="bbox 1034 528 1039 1685">
     <span class='ocr_line' id='line_1_29' title="bbox 1034 528 1039 1685; baseline 0 0"><span class='ocrx_word' id='word_1_150' title='bbox 1034 528 1039 1685; x_wconf 95' lang='lat' dir='ltr'><strong> </strong></span> 
     </span>
    </p>
   </div>
   <div class='ocr_carea' id='block_1_4' title="bbox 308 1651 1037 2767">
    <p class='ocr_par' dir='ltr' id='par_1_5' title="bbox 308 1651 1022 1716">
     <span class='ocr_line' id='line_1_30' title="bbox 308 1651 1022 1682; baseline 0 -7"><span class='ocrx_word' id='word_1_151' title='bbox 308 1651 465 1682; x_wconf 82' lang='lat' dir='ltr'><strong>Hamburgi</strong></span> <span class='ocrx_word' id='word_1_152' title='bbox 484 1652 550 1676; x_wconf 85' lang='grc'><strong>1699</strong></span> <span class='ocrx_word' id='word_1_153' title='bbox 570 1655 598 1677; x_wconf 89' lang='lat' dir='ltr'><strong>et</strong></span> <span class='ocrx_word' id='word_1_154' title='bbox 617 1653 647 1677; x_wconf 90' lang='lat' dir='ltr'><strong>in</strong></span> <span class='ocrx_word' id='word_1_155' title='bbox 661 1652 705 1677; x_wconf 89' lang='lat' dir='ltr'><strong>cd.</strong></span> <span class='ocrx_word' id='word_1_156' title='bbox 719 1652 796 1677; x_wconf 77' lang='lat' dir='ltr'><strong>Livii</strong></span> <span class='ocrx_word' id='word_1_157' title='bbox 809 1651 1022 1677; x_wconf 79' lang='lat' dir='ltr'><strong>Drakenborch.</strong></span> 
     </span>
     <span class='ocr_line' id='line_1_31' title="bbox 308 1685 532 1716; baseline 0 -7"><span class='ocrx_word' id='word_1_158' title='bbox 308 1685 370 1714; x_wconf 84' lang='lat' dir='ltr'><strong>XV,</strong></span> <span class='ocrx_word' id='word_1_159' title='bbox 385 1686 410 1714; x_wconf 85' lang='lat'><strong>1,</strong></span> <span class='ocrx_word' id='word_1_160' title='bbox 425 1687 457 1710; x_wconf 83' lang='lat'><strong>50</strong></span> <span class='ocrx_word' id='word_1_161' title='bbox 471 1692 532 1716; x_wconf 87' lang='lat' dir='ltr'><strong>sqq.</strong></span> 
     </span>
    </p>

    <p class='ocr_par' dir='ltr' id='par_1_6' title="bbox 308 1719 1037 1958">
     <span class='ocr_line' id='line_1_32' title="bbox 343 1719 1022 1751; baseline 0.001 -9"><span class='ocrx_word' id='word_1_162' title='bbox 343 1719 375 1742; x_wconf 85' lang='lat'><strong>99</strong></span> <span class='ocrx_word' id='word_1_163' title='bbox 400 1720 560 1750; x_wconf 85' lang='lat' dir='ltr'><strong>nuperrime</strong></span> <span class='ocrx_word' id='word_1_164' title='bbox 585 1721 760 1751; x_wconf 83' lang='lat' dir='ltr'><strong>quaestionis</strong></span> <span class='ocrx_word' id='word_1_165' title='bbox 779 1721 813 1744; x_wconf 88' lang='lat' dir='ltr'><strong>de</strong></span> <span class='ocrx_word' id='word_1_166' title='bbox 832 1720 1022 1744; x_wconf 73' lang='lat' dir='ltr'><strong>Patavinitate</strong></span> 
     </span>
     <span class='ocr_line' id='line_1_33' title="bbox 308 1753 1036 1786; baseline 0 -9"><span class='ocrx_word' id='word_1_167' title='bbox 308 1753 429 1777; x_wconf 81' lang='lat' dir='ltr'><strong>Liviana</strong></span> <span class='ocrx_word' id='word_1_168' title='bbox 443 1753 658 1783; x_wconf 83' lang='lat' dir='ltr'><strong>particulastres</strong></span> <span class='ocrx_word' id='word_1_169' title='bbox 672 1754 761 1778; x_wconf 89' lang='lat' dir='ltr'><strong>edidit</strong></span> <span class='ocrx_word' id='word_1_170' title='bbox 769 1753 1036 1786; x_wconf 71' lang='lat' dir='ltr'><strong>C.G.Wicdeman-j</strong></span> 
     </span>
     <span class='ocr_line' id='line_1_34' title="bbox 310 1787 1022 1819; baseline 0.001 -9"><span class='ocrx_word' id='word_1_171' title='bbox 310 1793 363 1810; x_wconf 91' lang='lat' dir='ltr'><strong>nus</strong></span> <span class='ocrx_word' id='word_1_172' title='bbox 387 1787 416 1810; x_wconf 90' lang='lat' dir='ltr'><strong>in</strong></span> <span class='ocrx_word' id='word_1_173' title='bbox 442 1787 547 1817; x_wconf 88' lang='lat' dir='ltr'><strong>prolus.</strong></span> <span class='ocrx_word' id='word_1_174' title='bbox 568 1787 658 1812; x_wconf 87' lang='lat' dir='ltr'><strong>schol.</strong></span> <span class='ocrx_word' id='word_1_175' title='bbox 678 1794 776 1819; x_wconf 74' lang='lat' dir='ltr'><strong>gymn.</strong></span> <span class='ocrx_word' id='word_1_176' title='bbox 797 1788 973 1812; x_wconf 83' lang='lat' dir='ltr'><strong>Gorlicensis</strong></span> <span class='ocrx_word' id='word_1_177' title='bbox 997 1794 1022 1811; x_wconf 89' lang='lat' dir='ltr'><strong>a.</strong></span> 
     </span>
     <span class='ocr_line' id='line_1_35' title="bbox 310 1818 1037 1852; baseline 0 -8"><span class='ocrx_word' id='word_1_178' title='bbox 310 1821 384 1845; x_wconf 68' lang='lat'><strong>1848.</strong></span> <span class='ocrx_word' id='word_1_179' title='bbox 401 1821 476 1844; x_wconf 74' lang='lat'><strong>1854.</strong></span> <span class='ocrx_word' id='word_1_180' title='bbox 492 1822 558 1845; x_wconf 81' lang='lat'>1855</span> <span class='ocrx_word' id='word_1_181' title='bbox 571 1824 599 1845; x_wconf 89' lang='lat' dir='ltr'><strong>et</strong></span> <span class='ocrx_word' id='word_1_182' title='bbox 614 1820 713 1845; x_wconf 86' lang='lat' dir='ltr'><strong>Graeci</strong></span> <span class='ocrx_word' id='word_1_183' title='bbox 729 1825 756 1845; x_wconf 84' lang='lat' dir='ltr'><strong>et</strong></span> <span class='ocrx_word' id='word_1_184' title='bbox 769 1822 952 1852; x_wconf 77' lang='lat' dir='ltr'><strong>provincialis</strong></span> <span class='ocrx_word' id='word_1_185' title='bbox 966 1818 1037 1845; x_wconf 73' lang='lat' dir='ltr'><strong>ser-l</strong></span> 
     </span>
     <span class='ocr_line' id='line_1_36' title="bbox 309 1855 1023 1886; baseline 0.001 -8"><span class='ocrx_word' id='word_1_186' title='bbox 309 1855 401 1878; x_wconf 87' lang='lat' dir='ltr'><strong>monis</strong></span> <span class='ocrx_word' id='word_1_187' title='bbox 414 1855 535 1885; x_wconf 79' lang='lat' dir='ltr'><strong>vestigia</strong></span> <span class='ocrx_word' id='word_1_188' title='bbox 548 1855 710 1885; x_wconf 80' lang='lat' dir='ltr'><strong>anquirens;</strong></span> <span class='ocrx_word' id='word_1_189' title='bbox 726 1856 762 1879; x_wconf 86' lang='lat' dir='ltr'><strong>cs.</strong></span> <span class='ocrx_word' id='word_1_190' title='bbox 773 1856 857 1879; x_wconf 77' lang='lat' dir='ltr'><strong>etiam</strong></span> <span class='ocrx_word' id='word_1_191' title='bbox 867 1855 1023 1886; x_wconf 84' lang='lat' dir='ltr'><strong>Queckium</strong></span> 
     </span>
     <span class='ocr_line' id='line_1_37' title="bbox 309 1889 1037 1920; baseline 0 -8"><span class='ocrx_word' id='word_1_192' title='bbox 309 1889 328 1912; x_wconf 88' lang='lat' dir='ltr'><strong>l.</strong></span> <span class='ocrx_word' id='word_1_193' title='bbox 348 1889 538 1912; x_wconf 82' lang='lat' dir='ltr'><strong>cummaxime</strong></span> <span class='ocrx_word' id='word_1_194' title='bbox 558 1889 710 1913; x_wconf 80' lang='lat' dir='ltr'><strong>excitando</strong></span> <span class='ocrx_word' id='word_1_195' title='bbox 728 1896 757 1920; x_wconf 88' lang='lat' dir='ltr'><strong>p.</strong></span> <span class='ocrx_word' id='word_1_196' title='bbox 771 1890 786 1913; x_wconf 78' lang='lat'>8</span> <span class='ocrx_word' id='word_1_197' title='bbox 801 1896 861 1920; x_wconf 87' lang='lat' dir='ltr'><strong>sqq.</strong></span> <span class='ocrx_word' id='word_1_198' title='bbox 881 1889 1037 1919; x_wconf 62' lang='lat' dir='ltr'><strong>Bormum]</strong></span> 
     </span>
     <span class='ocr_line' id='line_1_38' title="bbox 308 1922 1022 1954; baseline 0.001 -8"><span class='ocrx_word' id='word_1_199' title='bbox 308 1922 385 1946; x_wconf 86' lang='lat' dir='ltr'><strong>dium</strong></span> <span class='ocrx_word' id='word_1_200' title='bbox 399 1922 466 1947; x_wconf 84' lang='lat' dir='ltr'><strong>hist.</strong></span> <span class='ocrx_word' id='word_1_201' title='bbox 474 1922 590 1946; x_wconf 89' lang='lat' dir='ltr'><strong>lit.Lat.</strong></span> <span class='ocrx_word' id='word_1_202' title='bbox 604 1929 670 1947; x_wconf 84' lang='lat' dir='ltr'><strong>ann.</strong></span> <span class='ocrx_word' id='word_1_203' title='bbox 685 1924 734 1947; x_wconf 87' lang='lat'><strong>500</strong></span> <span class='ocrx_word' id='word_1_204' title='bbox 748 1930 775 1954; x_wconf 85' lang='lat' dir='ltr'><strong>p.</strong></span> <span class='ocrx_word' id='word_1_205' title='bbox 785 1924 833 1947; x_wconf 80' lang='lat'><strong>6¹2</strong></span> <span class='ocrx_word' id='word_1_206' title='bbox 847 1929 889 1954; x_wconf 88' lang='lat' dir='ltr'><strong>sq.</strong></span> <span class='ocrx_word' id='word_1_207' title='bbox 905 1923 948 1947; x_wconf 85' lang='lat' dir='ltr'><strong>ed.</strong></span> <span class='ocrx_word' id='word_1_208' title='bbox 958 1926 1022 1947; x_wconf 88' lang='lat' dir='ltr'><strong>tert.</strong></span> 
     </span>
    </p>

    <p class='ocr_par' dir='ltr' id='par_1_7' title="bbox 308 1957 1037 2767">
     <span class='ocr_line' id='line_1_39' title="bbox 343 1957 1037 1987; baseline 0.001 -7"><span class='ocrx_word' id='word_1_209' title='bbox 343 1957 392 1981; x_wconf 90' lang='lat'><strong>100</strong></span> <span class='ocrx_word' id='word_1_210' title='bbox 411 1957 448 1980; x_wconf 80' lang='lat' dir='ltr'><strong>cf.</strong></span> <span class='ocrx_word' id='word_1_211' title='bbox 463 1963 532 1987; x_wconf 86' lang='lat' dir='ltr'><strong>quos</strong></span> <span class='ocrx_word' id='word_1_212' title='bbox 545 1957 715 1981; x_wconf 85' lang='lat' dir='ltr'><strong>l.Baehrius</strong></span> <span class='ocrx_word' id='word_1_213' title='bbox 729 1957 796 1981; x_wconf 86' lang='lat' dir='ltr'><strong>hist.</strong></span> <span class='ocrx_word' id='word_1_214' title='bbox 811 1957 853 1981; x_wconf 93' lang='lat' dir='ltr'><strong>lit.</strong></span> <span class='ocrx_word' id='word_1_215' title='bbox 864 1958 927 1981; x_wconf 86' lang='lat' dir='ltr'><strong>Lat.</strong></span> <span class='ocrx_word' id='word_1_216' title='bbox 942 1957 1037 1987; x_wconf 71' lang='lat'><strong>§.2213</strong></span> 
     </span>
     <span class='ocr_line' id='line_1_40' title="bbox 309 1989 1037 2030; baseline 0 -16"><span class='ocrx_word' id='word_1_217' title='bbox 309 1997 336 2014; x_wconf 90' lang='lat' dir='ltr'><strong>n.</strong></span> <span class='ocrx_word' id='word_1_218' title='bbox 352 1991 424 2018; x_wconf 77' lang='lat'><strong>1-8,</strong></span> <span class='ocrx_word' id='word_1_219' title='bbox 451 1990 552 2021; x_wconf 87' lang='lat' dir='ltr'><strong>quibus</strong></span> <span class='ocrx_word' id='word_1_220' title='bbox 571 1990 642 2014; x_wconf 83' lang='lat' dir='ltr'><strong>adde</strong></span> <span class='ocrx_word' id='word_1_221' title='bbox 655 1991 813 2015; x_wconf 79' lang='lat' dir='ltr'><strong>Walchium</strong></span> <span class='ocrx_word' id='word_1_222' title='bbox 833 1991 944 2015; x_wconf 90' lang='lat' dir='ltr'><strong>emend.</strong></span> <span class='ocrx_word' id='word_1_223' title='bbox 958 1989 1037 2030; x_wconf 52' lang='lat' dir='ltr'><strong>Lim}</strong></span> 
     </span>
     <span class='ocr_line' id='line_1_41' title="bbox 308 2023 1022 2056; baseline 0.001 -9"><span class='ocrx_word' id='word_1_224' title='bbox 308 2031 336 2054; x_wconf 84' lang='lat' dir='ltr'><strong>p.</strong></span> <span class='ocrx_word' id='word_1_225' title='bbox 351 2025 365 2048; x_wconf 86' lang='lat'>1</span> <span class='ocrx_word' id='word_1_226' title='bbox 379 2031 440 2054; x_wconf 88' lang='lat' dir='ltr'><strong>sqq.</strong></span> <span class='ocrx_word' id='word_1_227' title='bbox 455 2024 598 2048; x_wconf 84' lang='lat' dir='ltr'><strong>Handium</strong></span> <span class='ocrx_word' id='word_1_228' title='bbox 613 2023 759 2049; x_wconf 74' lang='lat' dir='ltr'><strong>Lehrbnch</strong></span> <span class='ocrx_word' id='word_1_229' title='bbox 775 2024 823 2050; x_wconf 77' lang='lat' dir='ltr'><strong>des</strong></span> <span class='ocrx_word' id='word_1_230' title='bbox 835 2024 888 2050; x_wconf 84' lang='lat' dir='ltr'><strong>Iul.</strong></span> <span class='ocrx_word' id='word_1_231' title='bbox 904 2023 976 2050; x_wconf 63' lang='lat' dir='ltr'><strong>Slils</strong></span> <span class='ocrx_word' id='word_1_232' title='bbox 994 2032 1022 2056; x_wconf 91' lang='lat' dir='ltr'><strong>p.</strong></span> 
     </span>
     <span class='ocr_line' id='line_1_42' title="bbox 309 2057 1037 2110; baseline 0.003 -28"><span class='ocrx_word' id='word_1_233' title='bbox 309 2059 389 2082; x_wconf 69' lang='lat'>64-66</span> <span class='ocrx_word' id='word_1_234' title='bbox 403 2058 446 2082; x_wconf 87' lang='lat' dir='ltr'><strong>cd.</strong></span> <span class='ocrx_word' id='word_1_235' title='bbox 455 2059 506 2082; x_wconf 81' lang='lat' dir='ltr'><strong>alt.</strong></span> <span class='ocrx_word' id='word_1_236' title='bbox 517 2058 681 2089; x_wconf 77' lang='lat' dir='ltr'><strong>Grysarium</strong></span> <span class='ocrx_word' id='word_1_237' title='bbox 700 2057 816 2084; x_wconf 77' lang='lat' dir='ltr'><strong>Theorie</strong></span> <span class='ocrx_word' id='word_1_238' title='bbox 830 2058 878 2084; x_wconf 81' lang='lat' dir='ltr'><strong>des</strong></span> <span class='ocrx_word' id='word_1_239' title='bbox 891 2058 944 2084; x_wconf 80' lang='lat' dir='ltr'><strong>lat.</strong></span> <span class='ocrx_word' id='word_1_240' title='bbox 954 2058 1037 2110; x_wconf 31' lang='lat' dir='ltr'><strong>Suis*</strong></span> 
     </span>
     <span class='ocr_line' id='line_1_43' title="bbox 309 2092 1022 2123; baseline 0.001 -8"><span class='ocrx_word' id='word_1_241' title='bbox 309 2098 337 2122; x_wconf 88' lang='lat' dir='ltr'><strong>p.</strong></span> <span class='ocrx_word' id='word_1_242' title='bbox 352 2093 365 2116; x_wconf 85' lang='grc'><strong>7</strong></span> <span class='ocrx_word' id='word_1_243' title='bbox 380 2099 439 2122; x_wconf 87' lang='lat' dir='ltr'><strong>sqq.</strong></span> <span class='ocrx_word' id='word_1_244' title='bbox 455 2092 499 2115; x_wconf 88' lang='lat' dir='ltr'><strong>ed.</strong></span> <span class='ocrx_word' id='word_1_245' title='bbox 514 2092 563 2116; x_wconf 86' lang='lat' dir='ltr'><strong>alt.</strong></span> <span class='ocrx_word' id='word_1_246' title='bbox 578 2092 698 2116; x_wconf 89' lang='lat' dir='ltr'><strong>eundem</strong></span> <span class='ocrx_word' id='word_1_247' title='bbox 711 2093 798 2123; x_wconf 81' lang='lat' dir='ltr'><strong>praef.</strong></span> <span class='ocrx_word' id='word_1_248' title='bbox 813 2096 884 2123; x_wconf 86' lang='lat' dir='ltr'><strong>part.</strong></span> <span class='ocrx_word' id='word_1_249' title='bbox 899 2093 949 2117; x_wconf 81' lang='lat' dir='ltr'><strong>sel.</strong></span> <span class='ocrx_word' id='word_1_250' title='bbox 959 2093 1022 2116; x_wconf 82' lang='lat' dir='ltr'><strong>Liv.</strong></span> 
     </span>
     <span class='ocr_line' id='line_1_44' title="bbox 308 2122 1037 2167; baseline 0.003 -19"><span class='ocrx_word' id='word_1_251' title='bbox 308 2125 330 2153; x_wconf 84' lang='grc' dir='ltr'><strong>Ι,</strong></span> <span class='ocrx_word' id='word_1_252' title='bbox 351 2132 380 2156; x_wconf 86' lang='lat' dir='ltr'><strong>p.</strong></span> <span class='ocrx_word' id='word_1_253' title='bbox 398 2125 530 2149; x_wconf 77' lang='lat' dir='ltr'>XXXVII</span> <span class='ocrx_word' id='word_1_254' title='bbox 549 2133 608 2156; x_wconf 85' lang='lat' dir='ltr'><strong>sqq.</strong></span> <span class='ocrx_word' id='word_1_255' title='bbox 636 2127 679 2150; x_wconf 86' lang='lat' dir='ltr'><strong>cd.</strong></span> <span class='ocrx_word' id='word_1_256' title='bbox 700 2133 740 2156; x_wconf 90' lang='lat' dir='ltr'><strong>pr.</strong></span> <span class='ocrx_word' id='word_1_257' title='bbox 761 2122 1037 2167; x_wconf 48' lang='lat' dir='ltr'><strong>Weissenborniumi</strong></span> 
     </span>
     <span class='ocr_line' id='line_1_45' title="bbox 309 2159 1037 2190; baseline 0.003 -8"><span class='ocrx_word' id='word_1_258' title='bbox 309 2159 397 2189; x_wconf 80' lang='lat' dir='ltr'><strong>praes.</strong></span> <span class='ocrx_word' id='word_1_259' title='bbox 418 2166 442 2182; x_wconf 84' lang='lat' dir='ltr'><strong>c.</strong></span> <span class='ocrx_word' id='word_1_260' title='bbox 462 2166 490 2190; x_wconf 85' lang='lat' dir='ltr'><strong>p.</strong></span> <span class='ocrx_word' id='word_1_261' title='bbox 511 2160 541 2183; x_wconf 82' lang='grc'><strong>37</strong></span> <span class='ocrx_word' id='word_1_262' title='bbox 562 2167 622 2190; x_wconf 86' lang='lat' dir='ltr'><strong>sqq.</strong></span> <span class='ocrx_word' id='word_1_263' title='bbox 647 2160 778 2184; x_wconf 83' lang='lat' dir='ltr'><strong>Tainium</strong></span> <span class='ocrx_word' id='word_1_264' title='bbox 804 2161 876 2185; x_wconf 87' lang='lat' dir='ltr'><strong>essai</strong></span> <span class='ocrx_word' id='word_1_265' title='bbox 896 2167 943 2184; x_wconf 88' lang='lat' dir='ltr'><strong>sur</strong></span> <span class='ocrx_word' id='word_1_266' title='bbox 960 2160 1037 2184; x_wconf 48' lang='lat' dir='ltr'><strong>Tite*</strong></span> 
     </span>
     <span class='ocr_line' id='line_1_46' title="bbox 309 2192 1023 2226; baseline 0.004 -10"><span class='ocrx_word' id='word_1_267' title='bbox 309 2193 381 2216; x_wconf 80' lang='lat' dir='ltr'><strong>Live</strong></span> <span class='ocrx_word' id='word_1_268' title='bbox 401 2200 428 2223; x_wconf 88' lang='lat' dir='ltr'><strong>p.</strong></span> <span class='ocrx_word' id='word_1_269' title='bbox 443 2194 492 2216; x_wconf 83' lang='lat'><strong>305</strong></span> <span class='ocrx_word' id='word_1_270' title='bbox 506 2199 566 2224; x_wconf 87' lang='lat' dir='ltr'><strong>sqq.</strong></span> <span class='ocrx_word' id='word_1_271' title='bbox 594 2193 752 2224; x_wconf 85' lang='lat' dir='ltr'><strong>Qneckium</strong></span> <span class='ocrx_word' id='word_1_272' title='bbox 773 2192 892 2219; x_wconf 80' lang='lat' dir='ltr'><strong>Zweiler</strong></span> <span class='ocrx_word' id='word_1_273' title='bbox 906 2193 1023 2226; x_wconf 69' lang='lat' dir='ltr'><strong>Beni-ay</strong></span> 
     </span>
     <span class='ocr_line' id='line_1_47' title="bbox 310 2225 1023 2252; baseline 0.001 -1"><span class='ocrx_word' id='word_1_274' title='bbox 310 2233 359 2251; x_wconf 82' lang='lat' dir='ltr'><strong>:ur</strong></span> <span class='ocrx_word' id='word_1_275' title='bbox 375 2225 605 2252; x_wconf 68' lang='lat' dir='ltr'><strong>cliarukverzsiik</strong></span> <span class='ocrx_word' id='word_1_276' title='bbox 623 2226 671 2252; x_wconf 81' lang='lat' dir='ltr'><strong>des</strong></span> <span class='ocrx_word' id='word_1_277' title='bbox 692 2226 807 2251; x_wconf 78' lang='lat' dir='ltr'><strong>Livius:</strong></span> <span class='ocrx_word' id='word_1_278' title='bbox 833 2226 878 2252; x_wconf 82' lang='lat' dir='ltr'><strong>die</strong></span> <span class='ocrx_word' id='word_1_279' title='bbox 892 2226 1023 2252; x_wconf 72' lang='lat' dir='ltr'><strong>Dur-stel-</strong></span> 
     </span>
     <span class='ocr_line' id='line_1_48' title="bbox 311 2259 1023 2292; baseline 0.001 -8"><span class='ocrx_word' id='word_1_280' title='bbox 311 2260 376 2292; x_wconf 69' lang='lat' dir='ltr'><strong>(unq</strong></span> <span class='ocrx_word' id='word_1_281' title='bbox 391 2259 537 2285; x_wconf 58' lang='lat' dir='ltr'><strong>desselben</strong></span> <span class='ocrx_word' id='word_1_282' title='bbox 551 2261 579 2284; x_wconf 92' lang='lat' dir='ltr'><strong>in</strong></span> <span class='ocrx_word' id='word_1_283' title='bbox 593 2267 686 2291; x_wconf 80' lang='lat' dir='ltr'><strong>progr.</strong></span> <span class='ocrx_word' id='word_1_284' title='bbox 700 2267 798 2291; x_wconf 74' lang='lat' dir='ltr'><strong>gymn.</strong></span> <span class='ocrx_word' id='word_1_285' title='bbox 814 2260 1023 2285; x_wconf 79' lang='lat' dir='ltr'><strong>Sondershusa-</strong></span> 
     </span>
     <span class='ocr_line' id='line_1_49' title="bbox 309 2295 1023 2325; baseline 0 -7"><span class='ocrx_word' id='word_1_286' title='bbox 309 2295 339 2318; x_wconf 90' lang='lat' dir='ltr'><strong>ni</strong></span> <span class='ocrx_word' id='word_1_287' title='bbox 351 2301 376 2318; x_wconf 90' lang='lat' dir='ltr'><strong>a.</strong></span> <span class='ocrx_word' id='word_1_288' title='bbox 392 2295 472 2321; x_wconf 76' lang='lat'>1853:</span> <span class='ocrx_word' id='word_1_289' title='bbox 499 2295 609 2324; x_wconf 81' lang='lat' dir='ltr'><strong>singula</strong></span> <span class='ocrx_word' id='word_1_290' title='bbox 628 2295 712 2318; x_wconf 79' lang='lat' dir='ltr'><strong>liuius</strong></span> <span class='ocrx_word' id='word_1_291' title='bbox 731 2295 906 2325; x_wconf 79' lang='lat' dir='ltr'><strong>quaestionis</strong></span> <span class='ocrx_word' id='word_1_292' title='bbox 931 2295 1023 2324; x_wconf 84' lang='lat' dir='ltr'><strong>capita</strong></span> 
     </span>
     <span class='ocr_line' id='line_1_50' title="bbox 310 2326 1036 2359; baseline 0 -7"><span class='ocrx_word' id='word_1_293' title='bbox 310 2334 394 2359; x_wconf 83' lang='lat' dir='ltr'><strong>saepe</strong></span> <span class='ocrx_word' id='word_1_294' title='bbox 405 2334 494 2358; x_wconf 85' lang='lat' dir='ltr'><strong>nuper</strong></span> <span class='ocrx_word' id='word_1_295' title='bbox 505 2329 533 2352; x_wconf 91' lang='lat' dir='ltr'><strong>in</strong></span> <span class='ocrx_word' id='word_1_296' title='bbox 541 2328 750 2358; x_wconf 87' lang='lat' dir='ltr'><strong>prolusionibus</strong></span> <span class='ocrx_word' id='word_1_297' title='bbox 763 2329 940 2352; x_wconf 79' lang='lat' dir='ltr'><strong>scholasticis</strong></span> <span class='ocrx_word' id='word_1_298' title='bbox 951 2332 1023 2352; x_wconf 85' lang='lat' dir='ltr'><strong>trac·</strong></span> <span class='ocrx_word' id='word_1_299' title='bbox 1035 2326 1036 2332; x_wconf 62' lang='lat'>¹</span> 
     </span>
     <span class='ocr_line' id='line_1_51' title="bbox 309 2362 1023 2393; baseline 0 -7"><span class='ocrx_word' id='word_1_300' title='bbox 309 2365 368 2386; x_wconf 81' lang='lat' dir='ltr'><strong>tata</strong></span> <span class='ocrx_word' id='word_1_301' title='bbox 381 2366 456 2391; x_wconf 86' lang='lat' dir='ltr'><strong>sunt,</strong></span> <span class='ocrx_word' id='word_1_302' title='bbox 466 2362 502 2386; x_wconf 80' lang='lat' dir='ltr'><strong>cf.</strong></span> <span class='ocrx_word' id='word_1_303' title='bbox 512 2362 699 2386; x_wconf 86' lang='lat' dir='ltr'><strong>Kreiznerum</strong></span> <span class='ocrx_word' id='word_1_304' title='bbox 713 2362 747 2386; x_wconf 84' lang='lat' dir='ltr'><strong>de</strong></span> <span class='ocrx_word' id='word_1_305' title='bbox 761 2363 874 2393; x_wconf 83' lang='lat' dir='ltr'><strong>propria</strong></span> <span class='ocrx_word' id='word_1_306' title='bbox 887 2363 1023 2386; x_wconf 84' lang='lat' dir='ltr'><strong>orationis</strong></span> 
     </span>
     <span class='ocr_line' id='line_1_52' title="bbox 310 2395 1022 2426; baseline 0.001 -7"><span class='ocrx_word' id='word_1_307' title='bbox 310 2396 448 2420; x_wconf 80' lang='lat' dir='ltr'><strong>Livianae</strong></span> <span class='ocrx_word' id='word_1_308' title='bbox 465 2395 561 2420; x_wconf 89' lang='lat' dir='ltr'><strong>indole</strong></span> <span class='ocrx_word' id='word_1_309' title='bbox 586 2397 698 2426; x_wconf 89' lang='lat' dir='ltr'><strong>proprio</strong></span> <span class='ocrx_word' id='word_1_310' title='bbox 724 2397 848 2420; x_wconf 80' lang='lat' dir='ltr'><strong>maxime</strong></span> <span class='ocrx_word' id='word_1_311' title='bbox 867 2396 1022 2420; x_wconf 81' lang='lat' dir='ltr'><strong>adiectivo—</strong></span> 
     </span>
     <span class='ocr_line' id='line_1_53' title="bbox 310 2429 1037 2457; baseline 0.001 -4"><span class='ocrx_word' id='word_1_312' title='bbox 310 2436 371 2454; x_wconf 89' lang='lat' dir='ltr'><strong>rum</strong></span> <span class='ocrx_word' id='word_1_313' title='bbox 385 2436 436 2454; x_wconf 90' lang='lat' dir='ltr'><strong>usu</strong></span> <span class='ocrx_word' id='word_1_314' title='bbox 450 2429 613 2454; x_wconf 82' lang='lat' dir='ltr'><strong>Hadamarii</strong></span> <span class='ocrx_word' id='word_1_315' title='bbox 631 2436 657 2454; x_wconf 82' lang='lat' dir='ltr'><strong>a.</strong></span> <span class='ocrx_word' id='word_1_316' title='bbox 672 2431 753 2457; x_wconf 47' lang='lat'><strong>18⁴&amp;</strong></span> <span class='ocrx_word' id='word_1_317' title='bbox 769 2430 824 2454; x_wconf 86' lang='lat' dir='ltr'><strong>Ed.</strong></span> <span class='ocrx_word' id='word_1_318' title='bbox 839 2430 1037 2454; x_wconf 82' lang='lat' dir='ltr'><strong>Wesenerum¹</strong></span> 
     </span>
     <span class='ocr_line' id='line_1_54' title="bbox 310 2463 1023 2495; baseline 0.001 -8"><span class='ocrx_word' id='word_1_319' title='bbox 310 2463 345 2487; x_wconf 89' lang='lat' dir='ltr'><strong>de</strong></span> <span class='ocrx_word' id='word_1_320' title='bbox 376 2463 542 2494; x_wconf 83' lang='lat' dir='ltr'><strong>quibusdam</strong></span> <span class='ocrx_word' id='word_1_321' title='bbox 567 2463 705 2488; x_wconf 82' lang='lat' dir='ltr'><strong>Livianae</strong></span> <span class='ocrx_word' id='word_1_322' title='bbox 736 2471 776 2487; x_wconf 91' lang='lat' dir='ltr'><strong>or.</strong></span> <span class='ocrx_word' id='word_1_323' title='bbox 803 2464 1023 2495; x_wconf 83' lang='lat' dir='ltr'><strong>proprietatibus</strong></span> 
     </span>
     <span class='ocr_line' id='line_1_55' title="bbox 312 2496 1037 2528; baseline 0.001 -7"><span class='ocrx_word' id='word_1_324' title='bbox 312 2496 509 2521; x_wconf 84' lang='lat' dir='ltr'><strong>Confluentiae</strong></span> <span class='ocrx_word' id='word_1_325' title='bbox 523 2498 638 2525; x_wconf 78' lang='lat' dir='ltr'><strong>a.1854;</strong></span> <span class='ocrx_word' id='word_1_326' title='bbox 654 2497 799 2528; x_wconf 84' lang='lat' dir='ltr'><strong>Stangium</strong></span> <span class='ocrx_word' id='word_1_327' title='bbox 814 2498 848 2521; x_wconf 86' lang='lat' dir='ltr'><strong>de</strong></span> <span class='ocrx_word' id='word_1_328' title='bbox 862 2498 1037 2528; x_wconf 60' lang='grc' dir='ltr'><strong>(Περι-6111111-Ι</strong></span> 
     </span>
     <span class='ocr_line' id='line_1_56' title="bbox 311 2525 1037 2561; baseline 0.001 -6"><span class='ocrx_word' id='word_1_329' title='bbox 311 2532 350 2555; x_wconf 83' lang='lat' dir='ltr'><strong>tia</strong></span> <span class='ocrx_word' id='word_1_330' title='bbox 363 2531 482 2561; x_wconf 85' lang='lat' dir='ltr'><strong>quadam</strong></span> <span class='ocrx_word' id='word_1_331' title='bbox 498 2532 571 2555; x_wconf 87' lang='lat' dir='ltr'><strong>inter</strong></span> <span class='ocrx_word' id='word_1_332' title='bbox 584 2538 742 2556; x_wconf 89' lang='lat' dir='ltr'><strong>sermonem</strong></span> <span class='ocrx_word' id='word_1_333' title='bbox 758 2532 977 2556; x_wconf 75' lang='lat' dir='ltr'><strong>Ciceronianam</strong></span> <span class='ocrx_word' id='word_1_334' title='bbox 991 2538 1023 2556; x_wconf 84' lang='lat' dir='ltr'><strong>ac</strong></span> <span class='ocrx_word' id='word_1_335' title='bbox 1036 2525 1037 2535; x_wconf 58' lang='lat'>¹</span> 
     </span>
     <span class='ocr_line' id='line_1_57' title="bbox 311 2565 1023 2594; baseline 0.001 -6"><span class='ocrx_word' id='word_1_336' title='bbox 311 2565 460 2589; x_wconf 84' lang='lat' dir='ltr'><strong>Livianum</strong></span> <span class='ocrx_word' id='word_1_337' title='bbox 476 2565 604 2589; x_wconf 77' lang='lat' dir='ltr'><strong>Francos.</strong></span> <span class='ocrx_word' id='word_1_338' title='bbox 618 2565 653 2589; x_wconf 86' lang='lat' dir='ltr'><strong>ad</strong></span> <span class='ocrx_word' id='word_1_339' title='bbox 672 2565 767 2589; x_wconf 79' lang='lat' dir='ltr'><strong>Viadr.</strong></span> <span class='ocrx_word' id='word_1_340' title='bbox 784 2566 863 2594; x_wconf 72' lang='lat'>1843,</span> <span class='ocrx_word' id='word_1_341' title='bbox 888 2565 937 2589; x_wconf 85' lang='lat' dir='ltr'><strong>ubi</strong></span> <span class='ocrx_word' id='word_1_342' title='bbox 955 2566 1023 2589; x_wconf 84' lang='lat' dir='ltr'><strong>‹luo-</strong></span> 
     </span>
     <span class='ocr_line' id='line_1_58' title="bbox 312 2598 1023 2631; baseline 0.001 -9"><span class='ocrx_word' id='word_1_343' title='bbox 312 2598 363 2623; x_wconf 87' lang='lat' dir='ltr'><strong>bus</strong></span> <span class='ocrx_word' id='word_1_344' title='bbox 386 2600 467 2623; x_wconf 79' lang='lat' dir='ltr'><strong>annis</strong></span> <span class='ocrx_word' id='word_1_345' title='bbox 492 2602 558 2623; x_wconf 82' lang='lat' dir='ltr'><strong>ante</strong></span> <span class='ocrx_word' id='word_1_346' title='bbox 583 2599 616 2623; x_wconf 87' lang='lat' dir='ltr'><strong>E.</strong></span> <span class='ocrx_word' id='word_1_347' title='bbox 635 2599 667 2623; x_wconf 91' lang='lat' dir='ltr'><strong>F.</strong></span> <span class='ocrx_word' id='word_1_348' title='bbox 687 2599 785 2631; x_wconf 88' lang='lat' dir='ltr'><strong>Poppo</strong></span> <span class='ocrx_word' id='word_1_349' title='bbox 810 2599 844 2623; x_wconf 85' lang='lat' dir='ltr'><strong>de</strong></span> <span class='ocrx_word' id='word_1_350' title='bbox 868 2599 1023 2624; x_wconf 73' lang='lat' dir='ltr'><strong>Latinitate</strong></span> 
     </span>
     <span class='ocr_line' id='line_1_59' title="bbox 312 2632 1022 2664; baseline 0.003 -8"><span class='ocrx_word' id='word_1_351' title='bbox 312 2632 382 2656; x_wconf 79' lang='lat' dir='ltr'><strong>salso</strong></span> <span class='ocrx_word' id='word_1_352' title='bbox 402 2638 449 2656; x_wconf 83' lang='lat' dir='ltr'><strong>aut</strong></span> <span class='ocrx_word' id='word_1_353' title='bbox 475 2633 575 2656; x_wconf 61' lang='lat' dir='ltr'><strong>merito</strong></span> <span class='ocrx_word' id='word_1_354' title='bbox 594 2636 727 2664; x_wconf 86' lang='lat' dir='ltr'><strong>suspecta</strong></span> <span class='ocrx_word' id='word_1_355' title='bbox 751 2633 895 2658; x_wconf 82' lang='lat' dir='ltr'><strong>disserens</strong></span> <span class='ocrx_word' id='word_1_356' title='bbox 921 2633 956 2656; x_wconf 79' lang='lat' dir='ltr'><strong>ad</strong></span> <span class='ocrx_word' id='word_1_357' title='bbox 976 2634 1022 2658; x_wconf 90' lang='lat' dir='ltr'><strong>Li-</strong></span> 
     </span>
     <span class='ocr_line' id='line_1_60' title="bbox 312 2667 1022 2698; baseline 0.003 -9"><span class='ocrx_word' id='word_1_358' title='bbox 312 2667 389 2690; x_wconf 82' lang='lat' dir='ltr'><strong>vium</strong></span> <span class='ocrx_word' id='word_1_359' title='bbox 403 2668 558 2696; x_wconf 77' lang='lat' dir='ltr'><strong>spectantia</strong></span> <span class='ocrx_word' id='word_1_360' title='bbox 573 2667 709 2697; x_wconf 84' lang='lat' dir='ltr'><strong>quaedam</strong></span> <span class='ocrx_word' id='word_1_361' title='bbox 723 2667 878 2698; x_wconf 80' lang='lat' dir='ltr'><strong>protulerat</strong></span> <span class='ocrx_word' id='word_1_362' title='bbox 890 2667 1022 2698; x_wconf 78' lang='lat' dir='ltr'><strong>p.11-IV;</strong></span> 
     </span>
     <span class='ocr_line' id='line_1_61' title="bbox 313 2699 1022 2733; baseline 0.003 -10"><span class='ocrx_word' id='word_1_363' title='bbox 313 2699 346 2724; x_wconf 93' lang='lat' dir='ltr'><strong>G.</strong></span> <span class='ocrx_word' id='word_1_364' title='bbox 360 2700 583 2725; x_wconf 85' lang='lat' dir='ltr'><strong>Hildebrandum</strong></span> <span class='ocrx_word' id='word_1_365' title='bbox 603 2700 674 2725; x_wconf 68' lang='lat' dir='ltr'><strong>fiber</strong></span> <span class='ocrx_word' id='word_1_366' title='bbox 692 2701 787 2733; x_wconf 76' lang='lat' dir='ltr'><strong>einiqe</strong></span> <span class='ocrx_word' id='word_1_367' title='bbox 800 2701 1022 2733; x_wconf 71' lang='lat' dir='ltr'><strong>Abweichunyen</strong></span> 
     </span>
     <span class='ocr_line' id='line_1_62' title="bbox 312 2732 1024 2767; baseline 0.001 -9"><span class='ocrx_word' id='word_1_368' title='bbox 312 2733 351 2758; x_wconf 82' lang='lat' dir='ltr'><strong>im</strong></span> <span class='ocrx_word' id='word_1_369' title='bbox 366 2732 638 2767; x_wconf 72' lang='lat' dir='ltr'><strong>Sprachyebiauche</strong></span> <span class='ocrx_word' id='word_1_370' title='bbox 652 2733 701 2759; x_wconf 71' lang='lat' dir='ltr'><strong>des</strong></span> <span class='ocrx_word' id='word_1_371' title='bbox 716 2733 828 2765; x_wconf 76' lang='lat' dir='ltr'><strong>Cicero,</strong></span> <span class='ocrx_word' id='word_1_372' title='bbox 844 2733 961 2764; x_wconf 40' lang='lat' dir='ltr'><strong>Caerar,</strong></span> <span class='ocrx_word' id='word_1_373' title='bbox 979 2734 1024 2760; x_wconf 75' lang='lat' dir='ltr'><strong>Li-</strong></span> 
     </span>
    </p>
   </div>
   <div class='ocr_carea' id='block_1_5' title="bbox 1047 523 1764 2129">
    <p class='ocr_par' dir='ltr' id='par_1_8' title="bbox 1047 523 1764 2129">
     <span class='ocr_line' id='line_1_63' title="bbox 1050 523 1761 568; baseline 0.006 -11"><span class='ocrx_word' id='word_1_374' title='bbox 1050 524 1120 557; x_wconf 78' lang='lat' dir='ltr'><strong>ria&#39;</strong></span> <span class='ocrx_word' id='word_1_375' title='bbox 1141 523 1318 568; x_wconf 76' lang='lat' dir='ltr'><strong>inquitm</strong></span> <span class='ocrx_word' id='word_1_376' title='bbox 1334 526 1342 542; x_wconf 79' lang='lat'><strong><em>⁴</em></strong></span> <span class='ocrx_word' id='word_1_377' title='bbox 1353 524 1508 558; x_wconf 86' lang='lat' dir='ltr'><strong>cesserit</strong></span> <span class='ocrx_word' id='word_1_378' title='bbox 1521 525 1676 560; x_wconf 87' lang='lat' dir='ltr'><strong>Graecis</strong></span> <span class='ocrx_word' id='word_1_379' title='bbox 1690 537 1761 561; x_wconf 90' lang='lat' dir='ltr'><strong>nec</strong></span> 
     </span>
     <span class='ocr_line' id='line_1_64' title="bbox 1051 568 1761 613; baseline 0.003 -11"><span class='ocrx_word' id='word_1_380' title='bbox 1051 579 1242 613; x_wconf 89' lang='lat' dir='ltr'><strong>opponere</strong></span> <span class='ocrx_word' id='word_1_381' title='bbox 1292 568 1504 613; x_wconf 80' lang='lat' dir='ltr'><strong>Thucydidi</strong></span> <span class='ocrx_word' id='word_1_382' title='bbox 1545 569 1761 604; x_wconf 85' lang='lat' dir='ltr'><strong>Sallustium</strong></span> 
     </span>
     <span class='ocr_line' id='line_1_65' title="bbox 1051 613 1761 658; baseline 0.004 -12"><span class='ocrx_word' id='word_1_383' title='bbox 1051 624 1190 647; x_wconf 84' lang='lat' dir='ltr'><strong>verear.</strong></span> <span class='ocrx_word' id='word_1_384' title='bbox 1229 623 1350 658; x_wconf 85' lang='lat' dir='ltr'><strong>neque</strong></span> <span class='ocrx_word' id='word_1_385' title='bbox 1369 613 1445 646; x_wconf 90' lang='lat' dir='ltr'><strong>indi</strong></span> <span class='ocrx_word' id='word_1_386' title='bbox 1476 618 1583 648; x_wconf 86' lang='lat' dir='ltr'><strong>netur</strong></span> <span class='ocrx_word' id='word_1_387' title='bbox 1603 615 1761 650; x_wconf 88' lang='lat' dir='ltr'><strong>sibiHc-</strong></span> 
     </span>
     <span class='ocr_line' id='line_1_66' title="bbox 1049 658 1761 702; baseline 0.001 -10"><span class='ocrx_word' id='word_1_388' title='bbox 1049 659 1205 692; x_wconf 87' lang='lat' dir='ltr'><strong>rodotus</strong></span> <span class='ocrx_word' id='word_1_389' title='bbox 1225 658 1379 702; x_wconf 85' lang='lat' dir='ltr'><strong>aequari</strong></span> <span class='ocrx_word' id='word_1_390' title='bbox 1398 658 1440 692; x_wconf 88' lang='lat' dir='ltr'><strong>T.</strong></span> <span class='ocrx_word' id='word_1_391' title='bbox 1490 658 1602 692; x_wconf 81' lang='lat' dir='ltr'><strong>ivium</strong></span> <span class='ocrx_word' id='word_1_392' title='bbox 1622 670 1703 693; x_wconf 91' lang='lat' dir='ltr'><strong>cum</strong></span> <span class='ocrx_word' id='word_1_393' title='bbox 1723 660 1761 694; x_wconf 89' lang='lat' dir='ltr'><strong>in</strong></span> 
     </span>
     <span class='ocr_line' id='line_1_67' title="bbox 1050 702 1761 738; baseline 0.001 -2"><span class='ocrx_word' id='word_1_394' title='bbox 1050 703 1235 737; x_wconf 77' lang='lat' dir='ltr'><strong>narrando</strong></span> <span class='ocrx_word' id='word_1_395' title='bbox 1250 704 1364 737; x_wconf 86' lang='lat' dir='ltr'><strong>mirae</strong></span> <span class='ocrx_word' id='word_1_396' title='bbox 1379 702 1621 737; x_wconf 87' lang='lat' dir='ltr'><strong>iucunditatis</strong></span> <span class='ocrx_word' id='word_1_397' title='bbox 1637 704 1761 738; x_wconf 87' lang='lat' dir='ltr'><strong>claris-</strong></span> 
     </span>
     <span class='ocr_line' id='line_1_68' title="bbox 1051 748 1762 793; baseline 0.001 -12"><span class='ocrx_word' id='word_1_398' title='bbox 1051 748 1206 793; x_wconf 89' lang='lat' dir='ltr'><strong>simique</strong></span> <span class='ocrx_word' id='word_1_399' title='bbox 1227 748 1400 782; x_wconf 85' lang='lat' dir='ltr'><strong>candoris</strong></span> <span class='ocrx_word' id='word_1_400' title='bbox 1425 752 1502 782; x_wconf 90' lang='lat' dir='ltr'><strong>tum</strong></span> <span class='ocrx_word' id='word_1_401' title='bbox 1522 748 1559 782; x_wconf 89' lang='lat' dir='ltr'><strong>in</strong></span> <span class='ocrx_word' id='word_1_402' title='bbox 1581 749 1762 782; x_wconf 90' lang='lat' dir='ltr'><strong>contioni-</strong></span> 
     </span>
     <span class='ocr_line' id='line_1_69' title="bbox 1050 793 1763 838; baseline 0.001 -11"><span class='ocrx_word' id='word_1_403' title='bbox 1050 794 1120 827; x_wconf 87' lang='lat' dir='ltr'><strong>bus</strong></span> <span class='ocrx_word' id='word_1_404' title='bbox 1152 804 1264 837; x_wconf 88' lang='lat' dir='ltr'><strong>supra</strong></span> <span class='ocrx_word' id='word_1_405' title='bbox 1301 793 1607 838; x_wconf 69' lang='lat' dir='ltr'><strong>quam‘enarrari</strong></span> <span class='ocrx_word' id='word_1_406' title='bbox 1635 797 1763 838; x_wconf 84' lang='lat' dir='ltr'><strong>potest</strong></span> 
     </span>
     <span class='ocr_line' id='line_1_70' title="bbox 1049 838 1761 883; baseline 0.001 -12"><span class='ocrx_word' id='word_1_407' title='bbox 1049 838 1303 883; x_wconf 84' lang='lat' dir='ltr'><strong>eloquentem,</strong></span> <span class='ocrx_word' id='word_1_408' title='bbox 1324 838 1376 871; x_wconf 91' lang='lat' dir='ltr'><strong>ita</strong></span> <span class='ocrx_word' id='word_1_409' title='bbox 1390 849 1485 882; x_wconf 87' lang='lat' dir='ltr'><strong>quae</strong></span> <span class='ocrx_word' id='word_1_410' title='bbox 1501 838 1674 872; x_wconf 82' lang='lat' dir='ltr'><strong>dicuntur</strong></span> <span class='ocrx_word' id='word_1_411' title='bbox 1688 849 1761 872; x_wconf 90' lang='lat' dir='ltr'><strong>om-</strong></span> 
     </span>
     <span class='ocr_line' id='line_1_71' title="bbox 1048 882 1761 927; baseline 0.001 -11"><span class='ocrx_word' id='word_1_412' title='bbox 1048 882 1110 917; x_wconf 89' lang='lat' dir='ltr'><strong>nia</strong></span> <span class='ocrx_word' id='word_1_413' title='bbox 1138 893 1219 916; x_wconf 90' lang='lat' dir='ltr'><strong>cum</strong></span> <span class='ocrx_word' id='word_1_414' title='bbox 1249 883 1362 916; x_wconf 86' lang='lat' dir='ltr'><strong>rebus</strong></span> <span class='ocrx_word' id='word_1_415' title='bbox 1393 888 1471 916; x_wconf 89' lang='lat' dir='ltr'><strong>tum</strong></span> <span class='ocrx_word' id='word_1_416' title='bbox 1501 883 1671 927; x_wconf 87' lang='lat' dir='ltr'><strong>personis</strong></span> <span class='ocrx_word' id='word_1_417' title='bbox 1702 894 1761 918; x_wconf 91' lang='lat' dir='ltr'><strong>ac-</strong></span> 
     </span>
     <span class='ocr_line' id='line_1_72' title="bbox 1049 926 1761 973; baseline 0.001 -12"><span class='ocrx_word' id='word_1_418' title='bbox 1049 928 1285 962; x_wconf 87' lang='lat' dir='ltr'><strong>commodata</strong></span> <span class='ocrx_word' id='word_1_419' title='bbox 1298 932 1403 969; x_wconf 87' lang='lat' dir='ltr'><strong>sunt;</strong></span> <span class='ocrx_word' id='word_1_420' title='bbox 1429 926 1585 961; x_wconf 84' lang='lat' dir='ltr'><strong>affectus</strong></span> <span class='ocrx_word' id='word_1_421' title='bbox 1601 927 1761 973; x_wconf 86' lang='lat' dir='ltr'><strong>quidem,</strong></span> 
     </span>
     <span class='ocr_line' id='line_1_73' title="bbox 1048 972 1761 1017; baseline 0 -11"><span class='ocrx_word' id='word_1_422' title='bbox 1048 973 1323 1017; x_wconf 88' lang='lat' dir='ltr'><strong>praecipueque</strong></span> <span class='ocrx_word' id='word_1_423' title='bbox 1338 983 1421 1015; x_wconf 89' lang='lat' dir='ltr'><strong>eos,</strong></span> <span class='ocrx_word' id='word_1_424' title='bbox 1443 972 1506 1017; x_wconf 89' lang='lat' dir='ltr'><strong>qui</strong></span> <span class='ocrx_word' id='word_1_425' title='bbox 1521 978 1607 1006; x_wconf 91' lang='lat' dir='ltr'><strong>sunt</strong></span> <span class='ocrx_word' id='word_1_426' title='bbox 1621 973 1761 1007; x_wconf 90' lang='lat' dir='ltr'><strong>dulcio—</strong></span> 
     </span>
     <span class='ocr_line' id='line_1_74' title="bbox 1048 1017 1761 1061; baseline 0.001 -11"><span class='ocrx_word' id='word_1_427' title='bbox 1048 1028 1126 1058; x_wconf 85' lang='lat' dir='ltr'><strong>res,</strong></span> <span class='ocrx_word' id='word_1_428' title='bbox 1162 1022 1205 1050; x_wconf 89' lang='lat' dir='ltr'><strong>ut</strong></span> <span class='ocrx_word' id='word_1_429' title='bbox 1227 1017 1444 1061; x_wconf 81' lang='lat' dir='ltr'><strong>parcissime</strong></span> <span class='ocrx_word' id='word_1_430' title='bbox 1477 1017 1615 1060; x_wconf 85' lang='lat' dir='ltr'><strong>dicam,</strong></span> <span class='ocrx_word' id='word_1_431' title='bbox 1653 1029 1761 1051; x_wconf 89' lang='lat' dir='ltr'><strong>nemo</strong></span> 
     </span>
     <span class='ocr_line' id='line_1_75' title="bbox 1048 1061 1761 1106; baseline 0.001 -11"><span class='ocrx_word' id='word_1_432' title='bbox 1048 1061 1310 1095; x_wconf 83' lang='lat' dir='ltr'><strong>historicorum</strong></span> <span class='ocrx_word' id='word_1_433' title='bbox 1325 1062 1599 1095; x_wconf 83' lang='lat' dir='ltr'><strong>commendavit</strong></span> <span class='ocrx_word' id='word_1_434' title='bbox 1619 1062 1761 1106; x_wconf 88' lang='lat' dir='ltr'><strong>magis.&#39;</strong></span> 
     </span>
     <span class='ocr_line' id='line_1_76' title="bbox 1049 1106 1763 1141; baseline 0.003 -2"><span class='ocrx_word' id='word_1_435' title='bbox 1049 1107 1152 1140; x_wconf 84' lang='lat' dir='ltr'><strong>euius</strong></span> <span class='ocrx_word' id='word_1_436' title='bbox 1176 1106 1250 1140; x_wconf 91' lang='lat' dir='ltr'><strong>loci</strong></span> <span class='ocrx_word' id='word_1_437' title='bbox 1274 1117 1408 1140; x_wconf 81' lang='lat' dir='ltr'><strong>nexum</strong></span> <span class='ocrx_word' id='word_1_438' title='bbox 1433 1110 1470 1140; x_wconf 87' lang='lat' dir='ltr'><strong>et</strong></span> <span class='ocrx_word' id='word_1_439' title='bbox 1501 1106 1763 1141; x_wconf 87' lang='lat' dir='ltr'><strong>conformatio-</strong></span> 
     </span>
     <span class='ocr_line' id='line_1_77' title="bbox 1048 1151 1762 1195; baseline 0 -10"><span class='ocrx_word' id='word_1_440' title='bbox 1048 1163 1131 1185; x_wconf 88' lang='lat' dir='ltr'><strong>nem</strong></span> <span class='ocrx_word' id='word_1_441' title='bbox 1161 1151 1358 1195; x_wconf 86' lang='lat' dir='ltr'><strong>indaganti</strong></span> <span class='ocrx_word' id='word_1_442' title='bbox 1389 1151 1542 1184; x_wconf 87' lang='lat' dir='ltr'><strong>dubium</strong></span> <span class='ocrx_word' id='word_1_443' title='bbox 1573 1162 1655 1186; x_wconf 88' lang='lat' dir='ltr'><strong>esse</strong></span> <span class='ocrx_word' id='word_1_444' title='bbox 1686 1163 1762 1185; x_wconf 88' lang='lat' dir='ltr'><strong>non</strong></span> 
     </span>
     <span class='ocr_line' id='line_1_78' title="bbox 1047 1195 1762 1240; baseline 0.001 -11"><span class='ocrx_word' id='word_1_445' title='bbox 1047 1200 1184 1240; x_wconf 90' lang='lat' dir='ltr'><strong>potest,</strong></span> <span class='ocrx_word' id='word_1_446' title='bbox 1228 1196 1291 1229; x_wconf 87' lang='lat' dir='ltr'><strong>uin</strong></span> <span class='ocrx_word' id='word_1_447' title='bbox 1304 1196 1384 1240; x_wconf 91' lang='lat' dir='ltr'><strong>ipse</strong></span> <span class='ocrx_word' id='word_1_448' title='bbox 1398 1195 1457 1230; x_wconf 89' lang='lat' dir='ltr'><strong>hic</strong></span> <span class='ocrx_word' id='word_1_449' title='bbox 1472 1196 1613 1230; x_wconf 89' lang='lat' dir='ltr'><strong>candor</strong></span> <span class='ocrx_word' id='word_1_450' title='bbox 1626 1207 1701 1231; x_wconf 85' lang='lat' dir='ltr'><strong>non</strong></span> <span class='ocrx_word' id='word_1_451' title='bbox 1715 1197 1762 1230; x_wconf 85' lang='lat' dir='ltr'><strong>ad</strong></span> 
     </span>
     <span class='ocr_line' id='line_1_79' title="bbox 1048 1240 1762 1286; baseline -0.001 -11"><span class='ocrx_word' id='word_1_452' title='bbox 1048 1242 1208 1275; x_wconf 87' lang='lat' dir='ltr'><strong>animum</strong></span> <span class='ocrx_word' id='word_1_453' title='bbox 1257 1240 1330 1283; x_wconf 84' lang='lat' dir='ltr'><strong>ivii,</strong></span> <span class='ocrx_word' id='word_1_454' title='bbox 1354 1241 1524 1275; x_wconf 85' lang='lat' dir='ltr'><strong>‘natura’</strong></span> <span class='ocrx_word' id='word_1_455' title='bbox 1545 1242 1762 1286; x_wconf 84' lang='lat' dir='ltr'><strong>ceteroquin</strong></span> 
     </span>
     <span class='ocr_line' id='line_1_80' title="bbox 1049 1285 1762 1330; baseline 0.001 -11"><span class='ocrx_word' id='word_1_456' title='bbox 1049 1291 1084 1320; x_wconf 89' lang='lat' dir='ltr'><strong>et</strong></span> <span class='ocrx_word' id='word_1_457' title='bbox 1103 1286 1242 1330; x_wconf 88' lang='lat' dir='ltr'><strong>ipsum,</strong></span> <span class='ocrx_word' id='word_1_458' title='bbox 1268 1291 1310 1319; x_wconf 91' lang='lat' dir='ltr'><strong>ut</strong></span> <span class='ocrx_word' id='word_1_459' title='bbox 1329 1285 1376 1319; x_wconf 81' lang='lat' dir='ltr'><strong>M.</strong></span> <span class='ocrx_word' id='word_1_460' title='bbox 1392 1285 1558 1321; x_wconf 87' lang='lat' dir='ltr'><strong>Senecae</strong></span> <span class='ocrx_word' id='word_1_461' title='bbox 1568 1289 1618 1313; x_wconf 80' lang='lat'><strong>102</strong></span> <span class='ocrx_word' id='word_1_462' title='bbox 1637 1286 1762 1321; x_wconf 79' lang='lat' dir='ltr'><strong>verbis</strong></span> 
     </span>
     <span class='ocr_line' id='line_1_81' title="bbox 1047 1330 1760 1365; baseline 0 -1"><span class='ocrx_word' id='word_1_463' title='bbox 1047 1337 1131 1365; x_wconf 87' lang='lat' dir='ltr'><strong>utar</strong></span> <span class='ocrx_word' id='word_1_464' title='bbox 1156 1330 1476 1364; x_wconf 83' lang='lat' dir='ltr'><strong>‘candidissimum</strong></span> <span class='ocrx_word' id='word_1_465' title='bbox 1499 1330 1660 1365; x_wconf 90' lang='lat' dir='ltr'><strong>omnium</strong></span> <span class='ocrx_word' id='word_1_466' title='bbox 1686 1342 1760 1365; x_wconf 84' lang='lat' dir='ltr'><strong>ma-</strong></span> 
     </span>
     <span class='ocr_line' id='line_1_82' title="bbox 1048 1375 1760 1421; baseline 0.001 -12"><span class='ocrx_word' id='word_1_467' title='bbox 1048 1387 1205 1421; x_wconf 85' lang='lat' dir='ltr'><strong>gnorum</strong></span> <span class='ocrx_word' id='word_1_468' title='bbox 1219 1375 1453 1420; x_wconf 72' lang='lat' dir='ltr'><strong>ingeniorum</strong></span> <span class='ocrx_word' id='word_1_469' title='bbox 1463 1376 1760 1419; x_wconf 84' lang='lat' dir='ltr'><strong>aestimatorem,‘</strong></span> 
     </span>
     <span class='ocr_line' id='line_1_83' title="bbox 1049 1420 1762 1465; baseline 0.001 -11"><span class='ocrx_word' id='word_1_470' title='bbox 1049 1421 1114 1455; x_wconf 85' lang='lat' dir='ltr'><strong>sed</strong></span> <span class='ocrx_word' id='word_1_471' title='bbox 1128 1421 1175 1454; x_wconf 87' lang='lat' dir='ltr'><strong>ad</strong></span> <span class='ocrx_word' id='word_1_472' title='bbox 1189 1420 1361 1454; x_wconf 83' lang='lat' dir='ltr'><strong>virtutem</strong></span> <span class='ocrx_word' id='word_1_473' title='bbox 1382 1421 1568 1465; x_wconf 85' lang='lat' dir='ltr'><strong>quandam</strong></span> <span class='ocrx_word' id='word_1_474' title='bbox 1583 1420 1762 1455; x_wconf 85' lang='lat' dir='ltr'><strong>orationis</strong></span> 
     </span>
     <span class='ocr_line' id='line_1_84' title="bbox 1049 1465 1758 1510; baseline 0 -10"><span class='ocrx_word' id='word_1_475' title='bbox 1049 1469 1195 1510; x_wconf 87' lang='lat' dir='ltr'><strong>spectet</strong></span> <span class='ocrx_word' id='word_1_476' title='bbox 1209 1466 1457 1510; x_wconf 83' lang='lat' dir='ltr'><strong>simplicitate,</strong></span> <span class='ocrx_word' id='word_1_477' title='bbox 1477 1465 1758 1510; x_wconf 84' lang='lat' dir='ltr'><strong>perspicuitate,</strong></span> 
     </span>
     <span class='ocr_line' id='line_1_85' title="bbox 1047 1510 1761 1555; baseline 0 -11"><span class='ocrx_word' id='word_1_478' title='bbox 1047 1510 1227 1555; x_wconf 88' lang='lat' dir='ltr'><strong>puritate,</strong></span> <span class='ocrx_word' id='word_1_479' title='bbox 1281 1510 1402 1544; x_wconf 83' lang='lat' dir='ltr'><strong>nitore</strong></span> <span class='ocrx_word' id='word_1_480' title='bbox 1451 1510 1529 1545; x_wconf 85' lang='lat' dir='ltr'><strong>fere</strong></span> <span class='ocrx_word' id='word_1_481' title='bbox 1579 1511 1761 1555; x_wconf 88' lang='lat' dir='ltr'><strong>composi-</strong></span> 
     </span>
     <span class='ocr_line' id='line_1_86' title="bbox 1048 1555 1761 1600; baseline 0 -11"><span class='ocrx_word' id='word_1_482' title='bbox 1048 1559 1191 1590; x_wconf 78' lang='lat' dir='ltr'><strong>tam.103</strong></span> <span class='ocrx_word' id='word_1_483' title='bbox 1225 1567 1298 1600; x_wconf 90' lang='lat' dir='ltr'><strong>quo</strong></span> <span class='ocrx_word' id='word_1_484' title='bbox 1314 1567 1395 1589; x_wconf 89' lang='lat' dir='ltr'><strong>cum</strong></span> <span class='ocrx_word' id='word_1_485' title='bbox 1410 1555 1547 1589; x_wconf 85' lang='lat' dir='ltr'><strong>iudicio</strong></span> <span class='ocrx_word' id='word_1_486' title='bbox 1564 1556 1761 1597; x_wconf 85' lang='lat' dir='ltr'><strong>Quintilia-</strong></span> 
     </span>
     <span class='ocr_line' id='line_1_87' title="bbox 1048 1600 1762 1645; baseline 0 -11"><span class='ocrx_word' id='word_1_487' title='bbox 1048 1611 1118 1635; x_wconf 91' lang='lat' dir='ltr'><strong>neo</strong></span> <span class='ocrx_word' id='word_1_488' title='bbox 1133 1601 1171 1634; x_wconf 91' lang='lat' dir='ltr'><strong>id</strong></span> <span class='ocrx_word' id='word_1_489' title='bbox 1192 1601 1329 1645; x_wconf 86' lang='lat' dir='ltr'><strong>optimc</strong></span> <span class='ocrx_word' id='word_1_490' title='bbox 1351 1601 1541 1643; x_wconf 82' lang='lat' dir='ltr'><strong>convenit,</strong></span> <span class='ocrx_word' id='word_1_491' title='bbox 1568 1601 1668 1645; x_wconf 90' lang='lat' dir='ltr'><strong>quod</strong></span> <span class='ocrx_word' id='word_1_492' title='bbox 1684 1600 1762 1634; x_wconf 81' lang='lat' dir='ltr'><strong>Sai-</strong></span> 
     </span>
     <span class='ocr_line' id='line_1_88' title="bbox 1049 1645 1762 1680; baseline -0.001 -1"><span class='ocrx_word' id='word_1_493' title='bbox 1049 1646 1232 1680; x_wconf 86' lang='lat' dir='ltr'><strong>lustianae</strong></span> <span class='ocrx_word' id='word_1_494' title='bbox 1269 1645 1442 1679; x_wconf 81' lang='lat' dir='ltr'><strong>brevitati</strong></span> <span class='ocrx_word' id='word_1_495' title='bbox 1473 1645 1633 1679; x_wconf 82' lang='lat' dir='ltr'><strong>lacteam</strong></span> <span class='ocrx_word' id='word_1_496' title='bbox 1664 1645 1762 1679; x_wconf 87' lang='lat' dir='ltr'><strong>Livii</strong></span> 
     </span>
     <span class='ocr_line' id='line_1_89' title="bbox 1047 1690 1761 1735; baseline -0.003 -10"><span class='ocrx_word' id='word_1_497' title='bbox 1047 1691 1254 1725; x_wconf 88' lang='lat' dir='ltr'><strong>ubertatem</strong></span> <span class='ocrx_word' id='word_1_498' title='bbox 1276 1690 1433 1735; x_wconf 86' lang='lat' dir='ltr'><strong>opponit</strong></span> <span class='ocrx_word' id='word_1_499' title='bbox 1452 1690 1548 1724; x_wconf 90' lang='lat' dir='ltr'><strong>idem</strong></span> <span class='ocrx_word' id='word_1_500' title='bbox 1564 1690 1761 1731; x_wconf 73' lang='lat' dir='ltr'><strong>Quintilia-</strong></span> 
     </span>
     <span class='ocr_line' id='line_1_90' title="bbox 1048 1735 1763 1780; baseline -0.001 -11"><span class='ocrx_word' id='word_1_501' title='bbox 1048 1747 1130 1779; x_wconf 86' lang='lat' dir='ltr'><strong>nus,</strong></span> <span class='ocrx_word' id='word_1_502' title='bbox 1170 1746 1265 1780; x_wconf 89' lang='lat' dir='ltr'><strong>quae</strong></span> <span class='ocrx_word' id='word_1_503' title='bbox 1296 1747 1371 1769; x_wconf 89' lang='lat' dir='ltr'><strong>uon</strong></span> <span class='ocrx_word' id='word_1_504' title='bbox 1403 1735 1493 1769; x_wconf 89' lang='lat' dir='ltr'><strong>satis</strong></span> <span class='ocrx_word' id='word_1_505' title='bbox 1525 1735 1683 1769; x_wconf 88' lang='lat' dir='ltr'><strong>doctura</strong></span> <span class='ocrx_word' id='word_1_506' title='bbox 1715 1736 1763 1769; x_wconf 91' lang='lat' dir='ltr'><strong>sit</strong></span> 
     </span>
     <span class='ocr_line' id='line_1_91' title="bbox 1049 1779 1761 1826; baseline -0.001 -12"><span class='ocrx_word' id='word_1_507' title='bbox 1049 1792 1142 1821; x_wconf 89' lang='lat' dir='ltr'><strong>eum,</strong></span> <span class='ocrx_word' id='word_1_508' title='bbox 1159 1781 1310 1826; x_wconf 86' lang='lat' dir='ltr'><strong>quinon</strong></span> <span class='ocrx_word' id='word_1_509' title='bbox 1326 1780 1486 1824; x_wconf 88' lang='lat' dir='ltr'><strong>speciem</strong></span> <span class='ocrx_word' id='word_1_510' title='bbox 1503 1779 1761 1825; x_wconf 83' lang='lat' dir='ltr'><strong>expositionis,</strong></span> 
     </span>
     <span class='ocr_line' id='line_1_92' title="bbox 1049 1825 1762 1869; baseline -0.001 -10"><span class='ocrx_word' id='word_1_511' title='bbox 1049 1826 1116 1860; x_wconf 87' lang='lat' dir='ltr'><strong>sed</strong></span> <span class='ocrx_word' id='word_1_512' title='bbox 1140 1825 1251 1860; x_wconf 90' lang='lat' dir='ltr'><strong>fidem</strong></span> <span class='ocrx_word' id='word_1_513' title='bbox 1285 1828 1517 1869; x_wconf 52' lang='lat' dir='ltr'><strong>quam-msto*</strong></span> <span class='ocrx_word' id='word_1_514' title='bbox 1555 1825 1656 1869; x_wconf 91' lang='lat' dir='ltr'><strong>quod</strong></span> <span class='ocrx_word' id='word_1_515' title='bbox 1687 1825 1762 1859; x_wconf 88' lang='lat' dir='ltr'><strong>alio</strong></span> 
     </span>
     <span class='ocr_line' id='line_1_93' title="bbox 1050 1869 1762 1916; baseline 0 -13"><span class='ocrx_word' id='word_1_516' title='bbox 1050 1870 1211 1916; x_wconf 88' lang='lat' dir='ltr'><strong>quodam</strong></span> <span class='ocrx_word' id='word_1_517' title='bbox 1224 1871 1308 1904; x_wconf 89' lang='lat' dir='ltr'><strong>loco</strong></span> <span class='ocrx_word' id='word_1_518' title='bbox 1320 1873 1367 1896; x_wconf 79' lang='lat'><strong>1⁰5</strong></span> <span class='ocrx_word' id='word_1_519' title='bbox 1389 1873 1397 1888; x_wconf 85' lang='lat'>‘</span> <span class='ocrx_word' id='word_1_520' title='bbox 1408 1870 1495 1914; x_wconf 85' lang='lat' dir='ltr'><strong>ego&#39;</strong></span> <span class='ocrx_word' id='word_1_521' title='bbox 1515 1869 1569 1904; x_wconf 85' lang='lat' dir='ltr'><strong>ait</strong></span> <span class='ocrx_word' id='word_1_522' title='bbox 1582 1872 1591 1888; x_wconf 86' lang='lat'>‘</span> <span class='ocrx_word' id='word_1_523' title='bbox 1601 1869 1762 1913; x_wconf 86' lang='lat' dir='ltr'><strong>optimos</strong></span> 
     </span>
     <span class='ocr_line' id='line_1_94' title="bbox 1050 1914 1763 1960; baseline 0 -12"><span class='ocrx_word' id='word_1_524' title='bbox 1050 1915 1200 1960; x_wconf 89' lang='lat' dir='ltr'><strong>quidem</strong></span> <span class='ocrx_word' id='word_1_525' title='bbox 1215 1919 1252 1949; x_wconf 87' lang='lat' dir='ltr'><strong>et</strong></span> <span class='ocrx_word' id='word_1_526' title='bbox 1266 1915 1390 1949; x_wconf 90' lang='lat' dir='ltr'><strong>statim</strong></span> <span class='ocrx_word' id='word_1_527' title='bbox 1404 1920 1441 1948; x_wconf 90' lang='lat' dir='ltr'><strong>et</strong></span> <span class='ocrx_word' id='word_1_528' title='bbox 1455 1925 1611 1959; x_wconf 88' lang='lat' dir='ltr'><strong>semper,</strong></span> <span class='ocrx_word' id='word_1_529' title='bbox 1629 1914 1696 1948; x_wconf 87' lang='lat' dir='ltr'><strong>sed</strong></span> <span class='ocrx_word' id='word_1_530' title='bbox 1709 1919 1763 1948; x_wconf 84' lang='lat' dir='ltr'><strong>ta-</strong></span> 
     </span>
     <span class='ocr_line' id='line_1_95' title="bbox 1049 1959 1764 2003; baseline -0.003 -9"><span class='ocrx_word' id='word_1_531' title='bbox 1049 1971 1133 1994; x_wconf 90' lang='lat' dir='ltr'><strong>men</strong></span> <span class='ocrx_word' id='word_1_532' title='bbox 1158 1971 1285 1994; x_wconf 90' lang='lat' dir='ltr'><strong>eorum</strong></span> <span class='ocrx_word' id='word_1_533' title='bbox 1311 1959 1615 1993; x_wconf 88' lang='lat' dir='ltr'><strong>candidissimum</strong></span> <span class='ocrx_word' id='word_1_534' title='bbox 1639 1970 1764 2003; x_wconf 90' lang='lat' dir='ltr'><strong>quem-</strong></span> 
     </span>
     <span class='ocr_line' id='line_1_96' title="bbox 1050 2003 1762 2050; baseline -0.001 -12"><span class='ocrx_word' id='word_1_535' title='bbox 1050 2016 1123 2050; x_wconf 86' lang='lat' dir='ltr'><strong>que</strong></span> <span class='ocrx_word' id='word_1_536' title='bbox 1138 2009 1174 2040; x_wconf 90' lang='lat' dir='ltr'><strong>et</strong></span> <span class='ocrx_word' id='word_1_537' title='bbox 1187 2004 1343 2039; x_wconf 81' lang='lat' dir='ltr'><strong>maxime</strong></span> <span class='ocrx_word' id='word_1_538' title='bbox 1357 2003 1565 2048; x_wconf 86' lang='lat' dir='ltr'><strong>expositum</strong></span> <span class='ocrx_word' id='word_1_539' title='bbox 1578 2004 1700 2049; x_wconf 77' lang='lat' dir='ltr'><strong>velim,</strong></span> <span class='ocrx_word' id='word_1_540' title='bbox 1721 2009 1762 2038; x_wconf 87' lang='lat' dir='ltr'><strong>ut</strong></span> 
     </span>
     <span class='ocr_line' id='line_1_97' title="bbox 1049 2049 1763 2094; baseline -0.003 -10"><span class='ocrx_word' id='word_1_541' title='bbox 1049 2050 1195 2084; x_wconf 83' lang='lat' dir='ltr'><strong>Livium</strong></span> <span class='ocrx_word' id='word_1_542' title='bbox 1221 2061 1243 2084; x_wconf 88' lang='lat' dir='ltr'><strong>a</strong></span> <span class='ocrx_word' id='word_1_543' title='bbox 1262 2049 1387 2094; x_wconf 85' lang='lat' dir='ltr'><strong>pueris</strong></span> <span class='ocrx_word' id='word_1_544' title='bbox 1412 2049 1531 2093; x_wconf 87' lang='lat' dir='ltr'><strong>magis</strong></span> <span class='ocrx_word' id='word_1_545' title='bbox 1554 2060 1665 2094; x_wconf 84' lang='lat' dir='ltr'><strong>quain</strong></span> <span class='ocrx_word' id='word_1_546' title='bbox 1685 2049 1763 2083; x_wconf 82' lang='lat' dir='ltr'><strong>Sal-</strong></span> 
     </span>
     <span class='ocr_line' id='line_1_98' title="bbox 1049 2093 1764 2129; baseline -0.001 -1"><span class='ocrx_word' id='word_1_547' title='bbox 1049 2095 1219 2129; x_wconf 87' lang='lat' dir='ltr'><strong>lustium:</strong></span> <span class='ocrx_word' id='word_1_548' title='bbox 1245 2100 1283 2129; x_wconf 92' lang='lat' dir='ltr'><strong>et</strong></span> <span class='ocrx_word' id='word_1_549' title='bbox 1297 2094 1358 2128; x_wconf 89' lang='lat' dir='ltr'><strong>hic</strong></span> <span class='ocrx_word' id='word_1_550' title='bbox 1371 2093 1550 2128; x_wconf 88' lang='lat' dir='ltr'><strong>historiae</strong></span> <span class='ocrx_word' id='word_1_551' title='bbox 1570 2093 1688 2128; x_wconf 88' lang='lat' dir='ltr'><strong>maior</strong></span> <span class='ocrx_word' id='word_1_552' title='bbox 1707 2097 1764 2127; x_wconf 89' lang='lat' dir='ltr'><strong>est</strong></span> 
     </span>
    </p>
   </div>
   <div class='ocr_carea' id='block_1_6' title="bbox 1046 2196 1764 2767">
    <p class='ocr_par' dir='ltr' id='par_1_9' title="bbox 1046 2196 1764 2429">
     <span class='ocr_line' id='line_1_99' title="bbox 1047 2196 1762 2227; baseline -0.001 -6"><span class='ocrx_word' id='word_1_553' title='bbox 1047 2198 1157 2221; x_wconf 79' lang='lat' dir='ltr'><strong>tionum</strong></span> <span class='ocrx_word' id='word_1_554' title='bbox 1171 2197 1245 2227; x_wconf 85' lang='lat' dir='ltr'><strong>apud</strong></span> <span class='ocrx_word' id='word_1_555' title='bbox 1259 2196 1373 2221; x_wconf 67' lang='lat' dir='ltr'><strong>livium</strong></span> <span class='ocrx_word' id='word_1_556' title='bbox 1387 2203 1468 2221; x_wconf 87' lang='lat' dir='ltr'><strong>usum</strong></span> <span class='ocrx_word' id='word_1_557' title='bbox 1483 2198 1688 2227; x_wconf 85' lang='lat' dir='ltr'><strong>pertractarunt</strong></span> <span class='ocrx_word' id='word_1_558' title='bbox 1697 2196 1762 2221; x_wconf 83' lang='lat' dir='ltr'><strong>LE.</strong></span> 
     </span>
     <span class='ocr_line' id='line_1_100' title="bbox 1047 2230 1764 2261; baseline 0 -7"><span class='ocrx_word' id='word_1_559' title='bbox 1047 2231 1207 2254; x_wconf 87' lang='lat' dir='ltr'><strong>Ellendtius</strong></span> <span class='ocrx_word' id='word_1_560' title='bbox 1227 2230 1261 2254; x_wconf 92' lang='lat' dir='ltr'><strong>de</strong></span> <span class='ocrx_word' id='word_1_561' title='bbox 1283 2231 1501 2261; x_wconf 82' lang='lat' dir='ltr'><strong>praepositionis</strong></span> <span class='ocrx_word' id='word_1_562' title='bbox 1521 2238 1536 2255; x_wconf 83' lang='lat' dir='ltr'><strong>a</strong></span> <span class='ocrx_word' id='word_1_563' title='bbox 1557 2237 1619 2254; x_wconf 88' lang='lat' dir='ltr'><strong>cum</strong></span> <span class='ocrx_word' id='word_1_564' title='bbox 1640 2231 1764 2255; x_wconf 86' lang='lat' dir='ltr'><strong>nomini-</strong></span> 
     </span>
     <span class='ocr_line' id='line_1_101' title="bbox 1047 2263 1763 2294; baseline 0.001 -7"><span class='ocrx_word' id='word_1_565' title='bbox 1047 2264 1099 2287; x_wconf 86' lang='lat' dir='ltr'><strong>bus</strong></span> <span class='ocrx_word' id='word_1_566' title='bbox 1119 2263 1228 2288; x_wconf 89' lang='lat' dir='ltr'><strong>urbium</strong></span> <span class='ocrx_word' id='word_1_567' title='bbox 1248 2265 1360 2288; x_wconf 77' lang='lat' dir='ltr'><strong>iunctae</strong></span> <span class='ocrx_word' id='word_1_568' title='bbox 1379 2271 1424 2294; x_wconf 86' lang='lat' dir='ltr'><strong>ap.</strong></span> <span class='ocrx_word' id='word_1_569' title='bbox 1440 2264 1553 2288; x_wconf 81' lang='lat' dir='ltr'><strong>Livium</strong></span> <span class='ocrx_word' id='word_1_570' title='bbox 1574 2265 1697 2288; x_wconf 82' lang='lat' dir='ltr'><strong>maxime</strong></span> <span class='ocrx_word' id='word_1_571' title='bbox 1711 2271 1763 2288; x_wconf 89' lang='lat' dir='ltr'><strong>usu</strong></span> 
     </span>
     <span class='ocr_line' id='line_1_102' title="bbox 1047 2298 1762 2329; baseline 0.001 -8"><span class='ocrx_word' id='word_1_572' title='bbox 1047 2298 1174 2328; x_wconf 81' lang='lat' dir='ltr'><strong>chiom.</strong></span> <span class='ocrx_word' id='word_1_573' title='bbox 1190 2298 1256 2321; x_wconf 71' lang='lat'>1843</span> <span class='ocrx_word' id='word_1_574' title='bbox 1276 2301 1303 2321; x_wconf 85' lang='lat' dir='ltr'><strong>ct</strong></span> <span class='ocrx_word' id='word_1_575' title='bbox 1317 2298 1353 2322; x_wconf 83' lang='lat'><strong>11.</strong></span> <span class='ocrx_word' id='word_1_576' title='bbox 1367 2298 1483 2322; x_wconf 68' lang='lat' dir='ltr'><strong>Liiwius</strong></span> <span class='ocrx_word' id='word_1_577' title='bbox 1497 2298 1614 2328; x_wconf 73' lang='lat' dir='ltr'><strong>disquis.</strong></span> <span class='ocrx_word' id='word_1_578' title='bbox 1629 2298 1663 2322; x_wconf 86' lang='lat' dir='ltr'><strong>de</strong></span> <span class='ocrx_word' id='word_1_579' title='bbox 1682 2304 1762 2329; x_wconf 84' lang='lat' dir='ltr'><strong>prae-</strong></span> 
     </span>
     <span class='ocr_line' id='line_1_103' title="bbox 1047 2330 1762 2362; baseline 0.001 -7"><span class='ocrx_word' id='word_1_580' title='bbox 1047 2338 1108 2362; x_wconf 87' lang='lat' dir='ltr'><strong>pos.</strong></span> <span class='ocrx_word' id='word_1_581' title='bbox 1124 2330 1157 2355; x_wconf 78' lang='lat' dir='ltr'><strong>dc</strong></span> <span class='ocrx_word' id='word_1_582' title='bbox 1170 2338 1222 2355; x_wconf 90' lang='lat' dir='ltr'><strong>usu</strong></span> <span class='ocrx_word' id='word_1_583' title='bbox 1235 2338 1280 2362; x_wconf 79' lang='lat' dir='ltr'><strong>ap.</strong></span> <span class='ocrx_word' id='word_1_584' title='bbox 1290 2332 1352 2355; x_wconf 81' lang='lat' dir='ltr'><strong>Liv.</strong></span> <span class='ocrx_word' id='word_1_585' title='bbox 1364 2332 1506 2355; x_wconf 87' lang='lat' dir='ltr'><strong>Grimmae</strong></span> <span class='ocrx_word' id='word_1_586' title='bbox 1520 2332 1601 2359; x_wconf 70' lang='lat'>1847:</span> <span class='ocrx_word' id='word_1_587' title='bbox 1617 2331 1651 2355; x_wconf 88' lang='lat' dir='ltr'><strong>de</strong></span> <span class='ocrx_word' id='word_1_588' title='bbox 1664 2338 1699 2356; x_wconf 73' lang='lat' dir='ltr'><strong>m:</strong></span> <span class='ocrx_word' id='word_1_589' title='bbox 1713 2339 1762 2362; x_wconf 88' lang='lat' dir='ltr'><strong>pro</strong></span> 
     </span>
     <span class='ocr_line' id='line_1_104' title="bbox 1046 2364 1762 2398; baseline 0 -8"><span class='ocrx_word' id='word_1_590' title='bbox 1046 2371 1082 2390; x_wconf 85' lang='lat' dir='ltr'><strong>ne</strong></span> <span class='ocrx_word' id='word_1_591' title='bbox 1101 2364 1211 2397; x_wconf 76' lang='lat' dir='ltr'><strong>quidem</strong></span> <span class='ocrx_word' id='word_1_592' title='bbox 1237 2369 1265 2389; x_wconf 78' lang='lat' dir='ltr'><strong>et</strong></span> <span class='ocrx_word' id='word_1_593' title='bbox 1285 2366 1319 2389; x_wconf 88' lang='lat' dir='ltr'><strong>dc</strong></span> <span class='ocrx_word' id='word_1_594' title='bbox 1344 2372 1393 2390; x_wconf 77' lang='lat' dir='ltr'><strong>nec</strong></span> <span class='ocrx_word' id='word_1_595' title='bbox 1418 2365 1530 2398; x_wconf 81' lang='lat' dir='ltr'><strong>quidem</strong></span> <span class='ocrx_word' id='word_1_596' title='bbox 1555 2365 1630 2396; x_wconf 78' lang='lat' dir='ltr'><strong>apud</strong></span> <span class='ocrx_word' id='word_1_597' title='bbox 1648 2365 1762 2390; x_wconf 82' lang='lat' dir='ltr'><strong>Livium</strong></span> 
     </span>
     <span class='ocr_line' id='line_1_105' title="bbox 1047 2398 1586 2429; baseline 0.004 -7"><span class='ocrx_word' id='word_1_598' title='bbox 1047 2398 1105 2429; x_wconf 79' lang='lat' dir='ltr'><strong>egit</strong></span> <span class='ocrx_word' id='word_1_599' title='bbox 1119 2398 1267 2423; x_wconf 74' lang='lat' dir='ltr'><strong>Scheibius</strong></span> <span class='ocrx_word' id='word_1_600' title='bbox 1281 2399 1381 2429; x_wconf 88' lang='lat' dir='ltr'><strong>philol.</strong></span> <span class='ocrx_word' id='word_1_601' title='bbox 1396 2399 1430 2428; x_wconf 88' lang='lat' dir='ltr'><strong>V,</strong></span> <span class='ocrx_word' id='word_1_602' title='bbox 1446 2399 1586 2424; x_wconf 75' lang='lat'><strong>132—136.</strong></span> 
     </span>
    </p>

    <p class='ocr_par' dir='ltr' id='par_1_10' title="bbox 1082 2432 1382 2461">
     <span class='ocr_line' id='line_1_106' title="bbox 1082 2432 1382 2461; baseline 0 -5"><span class='ocrx_word' id='word_1_603' title='bbox 1082 2433 1128 2456; x_wconf 92' lang='grc'><strong>101</strong></span> <span class='ocrx_word' id='word_1_604' title='bbox 1148 2432 1171 2456; x_wconf 94' lang='lat'><strong>1.</strong></span> <span class='ocrx_word' id='word_1_605' title='bbox 1187 2432 1221 2457; x_wconf 92' lang='lat' dir='ltr'><strong>O.</strong></span> <span class='ocrx_word' id='word_1_606' title='bbox 1235 2432 1269 2460; x_wconf 78' lang='lat' dir='ltr'><strong>X.</strong></span> <span class='ocrx_word' id='word_1_607' title='bbox 1286 2434 1382 2461; x_wconf 84' lang='lat'><strong>1,101.</strong></span> 
     </span>
    </p>

    <p class='ocr_par' dir='ltr' id='par_1_11' title="bbox 1082 2466 1468 2497">
     <span class='ocr_line' id='line_1_107' title="bbox 1082 2466 1468 2497; baseline 0 -7"><span class='ocrx_word' id='word_1_608' title='bbox 1082 2467 1130 2490; x_wconf 77' lang='grc'><strong>102</strong></span> <span class='ocrx_word' id='word_1_609' title='bbox 1149 2472 1223 2490; x_wconf 76' lang='lat' dir='ltr'><strong>suas.</strong></span> <span class='ocrx_word' id='word_1_610' title='bbox 1239 2466 1299 2495; x_wconf 72' lang='lat' dir='ltr'><strong>vu,</strong></span> <span class='ocrx_word' id='word_1_611' title='bbox 1315 2473 1342 2497; x_wconf 90' lang='lat' dir='ltr'><strong>p.</strong></span> <span class='ocrx_word' id='word_1_612' title='bbox 1357 2468 1387 2490; x_wconf 83' lang='lat'><strong>41</strong></span> <span class='ocrx_word' id='word_1_613' title='bbox 1404 2467 1468 2496; x_wconf 86' lang='lat' dir='ltr'><strong>Bip.</strong></span> 
     </span>
    </p>

    <p class='ocr_par' dir='ltr' id='par_1_12' title="bbox 1047 2499 1764 2767">
     <span class='ocr_line' id='line_1_108' title="bbox 1082 2499 1763 2530; baseline 0.001 -7"><span class='ocrx_word' id='word_1_614' title='bbox 1082 2500 1130 2524; x_wconf 85' lang='lat'><strong>103</strong></span> <span class='ocrx_word' id='word_1_615' title='bbox 1150 2500 1185 2523; x_wconf 84' lang='lat' dir='ltr'><strong>cs.</strong></span> <span class='ocrx_word' id='word_1_616' title='bbox 1196 2499 1292 2530; x_wconf 88' lang='lat' dir='ltr'><strong>Quint.</strong></span> <span class='ocrx_word' id='word_1_617' title='bbox 1302 2500 1320 2524; x_wconf 86' lang='lat' dir='ltr'><strong>l.</strong></span> <span class='ocrx_word' id='word_1_618' title='bbox 1331 2508 1354 2524; x_wconf 91' lang='lat' dir='ltr'><strong>c.</strong></span> <span class='ocrx_word' id='word_1_619' title='bbox 1365 2500 1388 2530; x_wconf 66' lang='grc' dir='ltr'><strong>ἓ.</strong></span> <span class='ocrx_word' id='word_1_620' title='bbox 1398 2502 1445 2524; x_wconf 85' lang='grc'><strong>113</strong></span> <span class='ocrx_word' id='word_1_621' title='bbox 1460 2501 1466 2512; x_wconf 92' lang='lat'>‘</span> <span class='ocrx_word' id='word_1_622' title='bbox 1475 2503 1503 2524; x_wconf 83' lang='lat' dir='ltr'><strong>at</strong></span> <span class='ocrx_word' id='word_1_623' title='bbox 1511 2500 1643 2525; x_wconf 85' lang='lat' dir='ltr'><strong>Messalla</strong></span> <span class='ocrx_word' id='word_1_624' title='bbox 1655 2499 1763 2524; x_wconf 86' lang='lat' dir='ltr'><strong>nitidus</strong></span> 
     </span>
     <span class='ocr_line' id='line_1_109' title="bbox 1048 2533 1764 2563; baseline 0.001 -7"><span class='ocrx_word' id='word_1_625' title='bbox 1048 2536 1075 2557; x_wconf 89' lang='lat' dir='ltr'><strong>et</strong></span> <span class='ocrx_word' id='word_1_626' title='bbox 1089 2533 1244 2562; x_wconf 68' lang='lat' dir='ltr'><strong>candiduss</strong></span> <span class='ocrx_word' id='word_1_627' title='bbox 1258 2534 1280 2563; x_wconf 71' lang='grc' dir='ltr'><strong>ξ.</strong></span> <span class='ocrx_word' id='word_1_628' title='bbox 1298 2535 1345 2558; x_wconf 77' lang='lat'><strong>121</strong></span> <span class='ocrx_word' id='word_1_629' title='bbox 1366 2537 1372 2545; x_wconf 79' lang='lat'><strong>⁴</strong></span> <span class='ocrx_word' id='word_1_630' title='bbox 1382 2539 1437 2558; x_wconf 80' lang='lat' dir='ltr'><strong>tam</strong></span> <span class='ocrx_word' id='word_1_631' title='bbox 1452 2534 1601 2559; x_wconf 87' lang='lat' dir='ltr'><strong>candidum</strong></span> <span class='ocrx_word' id='word_1_632' title='bbox 1615 2537 1644 2558; x_wconf 86' lang='lat' dir='ltr'><strong>et</strong></span> <span class='ocrx_word' id='word_1_633' title='bbox 1656 2533 1720 2558; x_wconf 84' lang='lat' dir='ltr'><strong>lene</strong></span> <span class='ocrx_word' id='word_1_634' title='bbox 1735 2536 1764 2558; x_wconf 80' lang='lat' dir='ltr'><strong>et</strong></span> 
     </span>
     <span class='ocr_line' id='line_1_110' title="bbox 1048 2568 1762 2598; baseline 0.001 -8"><span class='ocrx_word' id='word_1_635' title='bbox 1048 2568 1207 2597; x_wconf 79' lang='lat' dir='ltr'><strong>speciosum</strong></span> <span class='ocrx_word' id='word_1_636' title='bbox 1227 2568 1335 2597; x_wconf 52' lang='grc' dir='ltr'><strong>ἔειπας]</strong></span> <span class='ocrx_word' id='word_1_637' title='bbox 1367 2568 1400 2591; x_wconf 85' lang='lat' dir='ltr'><strong>ad</strong></span> <span class='ocrx_word' id='word_1_638' title='bbox 1425 2569 1517 2598; x_wconf 89' lang='lat' dir='ltr'><strong>ipsum</strong></span> <span class='ocrx_word' id='word_1_639' title='bbox 1537 2568 1613 2592; x_wconf 89' lang='lat' dir='ltr'><strong>Livii</strong></span> <span class='ocrx_word' id='word_1_640' title='bbox 1636 2568 1762 2591; x_wconf 84' lang='lat' dir='ltr'><strong>animum</strong></span> 
     </span>
     <span class='ocr_line' id='line_1_111' title="bbox 1048 2600 1763 2632; baseline 0 -8"><span class='ocrx_word' id='word_1_641' title='bbox 1048 2601 1100 2624; x_wconf 85' lang='lat' dir='ltr'><strong>hoc</strong></span> <span class='ocrx_word' id='word_1_642' title='bbox 1114 2601 1187 2631; x_wconf 83' lang='lat' dir='ltr'><strong>apud</strong></span> <span class='ocrx_word' id='word_1_643' title='bbox 1202 2600 1407 2632; x_wconf 86' lang='lat' dir='ltr'><strong>Quintilianum</strong></span> <span class='ocrx_word' id='word_1_644' title='bbox 1421 2608 1486 2625; x_wconf 73' lang='lat' dir='ltr'><strong>voc.</strong></span> <span class='ocrx_word' id='word_1_645' title='bbox 1499 2604 1610 2632; x_wconf 85' lang='lat' dir='ltr'><strong>praeter</strong></span> <span class='ocrx_word' id='word_1_646' title='bbox 1621 2601 1693 2625; x_wconf 85' lang='lat' dir='ltr'><strong>alios</strong></span> <span class='ocrx_word' id='word_1_647' title='bbox 1707 2604 1763 2624; x_wconf 84' lang='lat' dir='ltr'><strong>ret-</strong></span> 
     </span>
     <span class='ocr_line' id='line_1_112' title="bbox 1047 2634 1762 2660; baseline 0 -2"><span class='ocrx_word' id='word_1_648' title='bbox 1047 2635 1171 2658; x_wconf 83' lang='lat' dir='ltr'><strong>tulerunt</strong></span> <span class='ocrx_word' id='word_1_649' title='bbox 1187 2635 1371 2659; x_wconf 80' lang='lat' dir='ltr'><strong>etMeierotto</strong></span> <span class='ocrx_word' id='word_1_650' title='bbox 1386 2636 1414 2659; x_wconf 92' lang='lat' dir='ltr'><strong>in</strong></span> <span class='ocrx_word' id='word_1_651' title='bbox 1428 2635 1495 2660; x_wconf 91' lang='lat' dir='ltr'><strong>diss.</strong></span> <span class='ocrx_word' id='word_1_652' title='bbox 1510 2635 1544 2659; x_wconf 88' lang='lat' dir='ltr'><strong>dc</strong></span> <span class='ocrx_word' id='word_1_653' title='bbox 1557 2634 1678 2659; x_wconf 82' lang='lat' dir='ltr'><strong>candore</strong></span> <span class='ocrx_word' id='word_1_654' title='bbox 1686 2634 1762 2658; x_wconf 79' lang='lat' dir='ltr'><strong>Livii</strong></span> 
     </span>
     <span class='ocr_line' id='line_1_113' title="bbox 1047 2668 1761 2698; baseline -0.001 -6"><span class='ocrx_word' id='word_1_655' title='bbox 1047 2668 1142 2692; x_wconf 87' lang='lat' dir='ltr'><strong>Berol.</strong></span> <span class='ocrx_word' id='word_1_656' title='bbox 1157 2669 1222 2693; x_wconf 83' lang='grc'><strong>1796</strong></span> <span class='ocrx_word' id='word_1_657' title='bbox 1242 2669 1291 2692; x_wconf 76' lang='lat' dir='ltr'><strong>sol.</strong></span> <span class='ocrx_word' id='word_1_658' title='bbox 1306 2671 1335 2693; x_wconf 84' lang='lat' dir='ltr'><strong>et</strong></span> <span class='ocrx_word' id='word_1_659' title='bbox 1348 2669 1574 2697; x_wconf 80' lang='lat' dir='ltr'><strong>Doederleinius,</strong></span> <span class='ocrx_word' id='word_1_660' title='bbox 1595 2668 1640 2692; x_wconf 77' lang='lat' dir='ltr'><strong>vir</strong></span> <span class='ocrx_word' id='word_1_661' title='bbox 1654 2670 1682 2692; x_wconf 81' lang='lat' dir='ltr'><strong>et</strong></span> <span class='ocrx_word' id='word_1_662' title='bbox 1701 2668 1761 2698; x_wconf 76' lang='lat' dir='ltr'><strong>ipse</strong></span> 
     </span>
     <span class='ocr_line' id='line_1_114' title="bbox 1048 2701 1762 2733; baseline -0.003 -7"><span class='ocrx_word' id='word_1_663' title='bbox 1048 2702 1133 2726; x_wconf 85' lang='lat' dir='ltr'><strong>animi</strong></span> <span class='ocrx_word' id='word_1_664' title='bbox 1148 2703 1339 2733; x_wconf 86' lang='lat' dir='ltr'><strong>orationisque</strong></span> <span class='ocrx_word' id='word_1_665' title='bbox 1353 2702 1473 2726; x_wconf 83' lang='lat' dir='ltr'><strong>candore</strong></span> <span class='ocrx_word' id='word_1_666' title='bbox 1487 2708 1575 2733; x_wconf 83' lang='lat' dir='ltr'><strong>aeque</strong></span> <span class='ocrx_word' id='word_1_667' title='bbox 1587 2701 1718 2732; x_wconf 79' lang='lat' dir='ltr'><strong>insignis,</strong></span> <span class='ocrx_word' id='word_1_668' title='bbox 1733 2702 1762 2725; x_wconf 90' lang='lat' dir='ltr'><strong>in</strong></span> 
     </span>
     <span class='ocr_line' id='line_1_115' title="bbox 1047 2735 1760 2767; baseline -0.001 -8"><span class='ocrx_word' id='word_1_669' title='bbox 1047 2736 1118 2759; x_wconf 85' lang='lat' dir='ltr'><strong>actis</strong></span> <span class='ocrx_word' id='word_1_670' title='bbox 1138 2736 1344 2767; x_wconf 82' lang='lat' dir='ltr'><strong>philologorum</strong></span> <span class='ocrx_word' id='word_1_671' title='bbox 1358 2735 1514 2767; x_wconf 81' lang='lat' dir='ltr'><strong>Eamburgi</strong></span> <span class='ocrx_word' id='word_1_672' title='bbox 1526 2742 1552 2760; x_wconf 86' lang='lat' dir='ltr'><strong>a.</strong></span> <span class='ocrx_word' id='word_1_673' title='bbox 1566 2736 1634 2760; x_wconf 80' lang='lat'>1855</span> <span class='ocrx_word' id='word_1_674' title='bbox 1648 2741 1760 2759; x_wconf 87' lang='lat' dir='ltr'><strong>consoc.</strong></span> 
     </span>
    </p>
   </div>
   <div class='ocr_carea' id='block_1_7' title="bbox 312 2766 1180 2801">
    <p class='ocr_par' dir='ltr' id='par_1_13' title="bbox 312 2766 1180 2801">
     <span class='ocr_line' id='line_1_116' title="bbox 312 2766 1180 2801; baseline 0.002 -10"><span class='ocrx_word' id='word_1_675' title='bbox 312 2766 373 2792; x_wconf 81' lang='lat' dir='ltr'><strong>rius</strong></span> <span class='ocrx_word' id='word_1_676' title='bbox 394 2775 421 2792; x_wconf 87' lang='grc' dir='ltr'><strong>ιι.</strong></span> <span class='ocrx_word' id='word_1_677' title='bbox 436 2766 483 2792; x_wconf 67' lang='lat' dir='ltr'><strong>fab.</strong></span> <span class='ocrx_word' id='word_1_678' title='bbox 500 2767 527 2793; x_wconf 82' lang='lat' dir='ltr'><strong>d.</strong></span> <span class='ocrx_word' id='word_1_679' title='bbox 545 2766 690 2793; x_wconf 63' lang='lat' dir='ltr'><strong>Gfbrancli</strong></span> <span class='ocrx_word' id='word_1_680' title='bbox 706 2768 754 2793; x_wconf 72' lang='lat' dir='ltr'><strong>des</strong></span> <span class='ocrx_word' id='word_1_681' title='bbox 768 2769 835 2798; x_wconf 81' lang='lat' dir='ltr'><strong>Inf.,</strong></span> <span class='ocrx_word' id='word_1_682' title='bbox 855 2769 906 2794; x_wconf 74' lang='lat' dir='ltr'><strong>‹lm-</strong></span> <span class='ocrx_word' id='word_1_683' title='bbox 919 2769 1025 2799; x_wconf 80' lang='lat' dir='ltr'><strong>Supina</strong></span> <span class='ocrx_word' id='word_1_684' title='bbox 1048 2776 1075 2801; x_wconf 89' lang='lat' dir='ltr'><strong>p.</strong></span> <span class='ocrx_word' id='word_1_685' title='bbox 1091 2771 1123 2793; x_wconf 77' lang='lat'><strong>50</strong></span> <span class='ocrx_word' id='word_1_686' title='bbox 1138 2777 1180 2800; x_wconf 86' lang='lat' dir='ltr'><strong>sq.</strong></span> 
     </span>
    </p>
   </div>
   <div class='ocr_carea' id='block_1_8' title="bbox 312 2799 1024 2868">
    <p class='ocr_par' dir='ltr' id='par_1_14' title="bbox 312 2799 1024 2868">
     <span class='ocr_line' id='line_1_117' title="bbox 314 2799 1024 2833; baseline 0.003 -8"><span class='ocrx_word' id='word_1_687' title='bbox 314 2808 341 2825; x_wconf 84' lang='grc' dir='ltr'><strong>ιι.</strong></span> <span class='ocrx_word' id='word_1_688' title='bbox 351 2800 378 2826; x_wconf 78' lang='lat' dir='ltr'><strong>d·</strong></span> <span class='ocrx_word' id='word_1_689' title='bbox 390 2799 469 2833; x_wconf 81' lang='lat' dir='ltr'><strong>Conj.</strong></span> <span class='ocrx_word' id='word_1_690' title='bbox 479 2803 628 2832; x_wconf 82' lang='lat' dir='ltr'><strong>quominus</strong></span> <span class='ocrx_word' id='word_1_691' title='bbox 643 2809 669 2826; x_wconf 88' lang='grc' dir='ltr'><strong>ιι.</strong></span> <span class='ocrx_word' id='word_1_692' title='bbox 679 2803 743 2832; x_wconf 83' lang='lat' dir='ltr'><strong>quia</strong></span> <span class='ocrx_word' id='word_1_693' title='bbox 757 2801 783 2827; x_wconf 36' lang='lat' dir='ltr'><strong>b.</strong></span> <span class='ocrx_word' id='word_1_694' title='bbox 793 2802 890 2827; x_wconf 64' lang='lat' dir='ltr'><strong>diesen</strong></span> <span class='ocrx_word' id='word_1_695' title='bbox 900 2801 1024 2833; x_wconf 73' lang='lat' dir='ltr'><strong>Schrift-</strong></span> 
     </span>
     <span class='ocr_line' id='line_1_118' title="bbox 312 2834 1023 2868; baseline 0 -7"><span class='ocrx_word' id='word_1_696' title='bbox 312 2834 430 2861; x_wconf 66' lang='lat' dir='ltr'><strong>stellet-n</strong></span> <span class='ocrx_word' id='word_1_697' title='bbox 443 2835 574 2860; x_wconf 67' lang='lat' dir='ltr'><strong>Tmmon.</strong></span> <span class='ocrx_word' id='word_1_698' title='bbox 590 2837 670 2864; x_wconf 69' lang='lat'>1554:</span> <span class='ocrx_word' id='word_1_699' title='bbox 691 2837 864 2866; x_wconf 83' lang='lat' dir='ltr'><strong>singularum</strong></span> <span class='ocrx_word' id='word_1_700' title='bbox 878 2837 1023 2868; x_wconf 86' lang='lat' dir='ltr'><strong>praeposi-</strong></span> 
     </span>
    </p>
   </div>
   <div class='ocr_carea' id='block_1_9' title="bbox 1082 2803 1478 2868">
    <p class='ocr_par' dir='ltr' id='par_1_15' title="bbox 1082 2803 1478 2868">
     <span class='ocr_line' id='line_1_119' title="bbox 1082 2803 1478 2834; baseline 0 -7"><span class='ocrx_word' id='word_1_701' title='bbox 1082 2804 1131 2827; x_wconf 77' lang='lat'><strong>104</strong></span> <span class='ocrx_word' id='word_1_702' title='bbox 1151 2803 1218 2827; x_wconf 84' lang='lat' dir='ltr'><strong>ibid.</strong></span> <span class='ocrx_word' id='word_1_703' title='bbox 1234 2803 1256 2834; x_wconf 77' lang='grc' dir='ltr'><strong>ξ.</strong></span> <span class='ocrx_word' id='word_1_704' title='bbox 1272 2804 1303 2828; x_wconf 74' lang='grc'><strong>32</strong></span> <span class='ocrx_word' id='word_1_705' title='bbox 1317 2803 1427 2828; x_wconf 79' lang='lat' dir='ltr'><strong>cf.anu.</strong></span> <span class='ocrx_word' id='word_1_706' title='bbox 1437 2804 1478 2827; x_wconf 78' lang='lat'><strong>76.</strong></span> 
     </span>
     <span class='ocr_line' id='line_1_120' title="bbox 1084 2837 1286 2868; baseline 0.005 -7"><span class='ocrx_word' id='word_1_707' title='bbox 1084 2838 1133 2861; x_wconf 86' lang='lat'><strong>105</strong></span> <span class='ocrx_word' id='word_1_708' title='bbox 1152 2837 1188 2866; x_wconf 89' lang='lat'><strong>11,</strong></span> <span class='ocrx_word' id='word_1_709' title='bbox 1203 2839 1229 2868; x_wconf 78' lang='lat'><strong>5,</strong></span> <span class='ocrx_word' id='word_1_710' title='bbox 1244 2838 1286 2862; x_wconf 83' lang='grc'><strong>19.</strong></span> 
     </span>
    </p>
   </div>
  </div>
 </body>
</html>
