1780 3204
478 231 633 266 LIBER
654 231 784 276 vnn,
812 230 864 265 13.
886 229 939 264 14.
966 228 1163 273 [20320]
1415 218 1498 260 450

143 338 327 381 omnium
351 336 540 378 exclusos
565 351 589 377 a
614 334 908 377 commeatibus
934 333 1246 388 absumpsisset.
1284 339 1373 374 tum
1397 346 1498 386 quo-

143 415 222 454 quc
246 399 452 454 profectos
477 398 571 439 inde
597 398 650 438 ad
673 397 913 446 Luceriam,
945 396 1060 437 iuxta
1089 395 1325 437 obsidentes
1357 394 1500 436 obses-

145 476 312 515 sosque,
338 461 476 515 inopia
500 460 676 501 vexavit.
732 459 868 501 omnia
892 458 943 500 ab
969 458 1096 513 Arpis
1122 457 1322 499 Romanis
1349 471 1499 512 suppe-

144 523 388 572 ditabantur,
427 529 605 563 ceterum
636 522 738 563 adeo
771 522 937 576 exigue,
975 528 1020 561 ut
1049 520 1168 561 militi
1193 526 1391 574 occupato
1417 526 1500 560 sta-

143 585 322 627 tionibus
353 586 586 641 vigiliisque
618 592 657 626 et
688 599 809 639 opere
841 598 966 637 eques
997 583 1190 624 folliculis
1220 583 1264 623 in
1287 589 1422 624 castra
1446 581 1498 623 ab

142 647 270 702 Arpis
302 648 551 688 frumentum
583 647 766 696 veheret,
798 646 1002 687 interdum
1028 660 1200 687 occursu
1226 645 1406 686 hostium
1432 659 1500 685 co-

144 717 310 764 geretur
335 709 492 750 abiecto
514 724 563 750 ex
584 723 688 762 equo
709 708 913 749 frumento
932 723 1130 763 pugnare.
1169 707 1352 749 obsessis
1371 707 1498 761 prius,

147 787 271 825 quam
297 772 398 812 alter
422 771 565 812 consul
590 771 742 812 victore
767 770 948 811 exercitu
972 770 1155 819 advenit,
1182 777 1222 810 et
1246 775 1498 810 commeatus

143 848 195 874 ex
212 833 419 874 montibus
443 832 689 874 Samnitium
715 833 866 873 invecti
884 840 997 873 erant
1017 838 1056 872 et
1083 832 1234 873 auxilia
1251 831 1497 872 intromissa.

143 895 290 936 artiora
305 895 439 936 omnia
454 895 653 945 adx'entus
668 894 835 936 Publilii
853 893 963 943 fecit,
990 894 1059 947 qui
1079 893 1293 935 obsidione
1310 893 1500 948 delegata

141 957 183 997 in
214 972 353 998 curam
385 957 566 1012 collegae
597 971 752 997 vacuus
783 971 857 1011 per
887 971 1009 1011 agros
1042 963 1189 997 cuncta
1212 955 1363 996 infesta
1389 970 1500 996 com-

140 1018 344 1059 meatibus
380 1018 562 1059 hostium
598 1018 768 1059 fecerat:
805 1018 942 1070 itaque
975 1032 1068 1058 cum
1101 1033 1195 1072 spes
1227 1017 1341 1058 nulla
1376 1023 1497 1064 esset,

141 1081 294 1122 diutius
321 1081 514 1123 obsessos
539 1081 721 1136 inopiam
745 1080 917 1129 laturos,
945 1080 1076 1120 coacti
1098 1078 1325 1127 Sanmites,
1352 1079 1423 1131 qui
1447 1078 1500 1118 ad

139 1143 362 1184 Luceriam
384 1150 515 1184 castra
534 1142 752 1192 habebant,
773 1142 955 1195 undique
974 1142 1191 1182 contractis
1206 1140 1362 1181 viribus
1380 1140 1500 1195 signa.

140 1220 234 1246 cum
258 1206 424 1260 Papirio
451 1206 647 1246 conferre.

223 1267 376 1307 XIIII.
424 1267 507 1307 Per
536 1267 578 1306 id
607 1274 769 1320 tempus
801 1264 1124 1319 parantibusque
1155 1264 1340 1317 utrisque
1373 1278 1416 1304 se
1447 1264 1500 1304 ad

137 1328 338 1382 proelium
368 1328 494 1382 legati
521 1327 731 1368 Tarentini
761 1326 1037 1367 interveniunt
1063 1326 1351 1367 denuntiantes
1380 1324 1500 1367 Sam-

137 1389 291 1430 nitibus
315 1389 618 1443 Romanisque,
651 1396 695 1429 ut
721 1388 873 1430 bellum
900 1389 1150 1429 omitterent:
1182 1403 1255 1443 per
1279 1395 1392 1429 utros
1419 1395 1500 1429 ste-

137 1452 271 1501 tisset,
303 1467 384 1505 quo
409 1452 544 1493 minus
571 1451 849 1492 discederetur
873 1450 925 1492 ab
951 1451 1095 1500 armis,
1128 1451 1326 1492 adversus
1353 1465 1423 1491 eos
1456 1465 1499 1491 se

135 1528 210 1568 pro
236 1513 373 1555 alteris
399 1521 666 1569 pugnaturos.
717 1528 765 1554 ea
795 1513 1001 1568 legatione
1025 1512 1217 1567 Papirius
1244 1513 1382 1553 audita
1406 1527 1498 1567 per-

136 1576 231 1616 inde
256 1591 304 1617 ac
329 1584 464 1617 motus
491 1576 610 1618 dictis
637 1591 779 1617 eorum
805 1591 899 1617 cum
925 1576 1082 1631 collega
1109 1591 1152 1616 se
1173 1576 1498 1616 communicatu-

136 1652 228 1678 rum
247 1638 471 1692 respondit,
498 1638 710 1691 accitoque
731 1653 790 1687 eo,
819 1652 912 1678 cum
926 1645 1090 1692 tempus
1110 1652 1229 1678 omne
1244 1637 1284 1677 in
1299 1644 1499 1691 apparatu

140 1714 305 1754 pugnae
338 1700 680 1753 consumpsisset,
714 1699 954 1740 conlocutus
992 1700 1042 1739 de
1072 1714 1115 1739 re
1146 1699 1257 1739 haud
1289 1698 1414 1739 dubia
1446 1699 1499 1739 si-

138 1776 266 1815 gnum
280 1775 444 1815 pugnae
463 1761 688 1815 proposuit.
721 1760 937 1815 agentibus
952 1761 1089 1801 divina
1104 1760 1378 1813 humanaque,
1394 1774 1497 1813 quae

140 1822 345 1871 adsolent,
374 1837 466 1862 cum
493 1823 578 1862 acie
605 1822 884 1862 dimicandum
909 1829 989 1871 est,
1022 1821 1259 1863 consulibus
1286 1821 1499 1863 Tarentini

138 1883 264 1938 legati
288 1898 501 1924 occursare
526 1898 771 1938 responsum
797 1890 1102 1937 exspectantes,
1129 1883 1279 1936 quibus
1305 1882 1497 1938 Papirius

140 1945 213 1985 ait:
252 1945 453 1998 ‘auspicia
485 1945 666 1985 secunda
697 1959 806 1994 esse,
840 1945 1069 1994 Tarentini,
1102 1945 1299 1999 pullarius
1325 1945 1496 1986 nuntiat.

138 2006 300 2047 litatum
324 2013 534 2061 praeterea
559 2013 622 2047 est
646 2006 823 2061 egregie.
873 2006 1109 2047 auctoribus
1135 2007 1231 2056 diis,
1264 2013 1308 2046 ut
1334 2007 1495 2056 videtis,

139 2067 192 2108 ad
222 2082 309 2108 rem
339 2068 562 2122 gerendam
592 2068 915 2122 proficiscimur?
964 2068 1083 2123 signa
1112 2068 1208 2108 inde
1240 2067 1346 2117 ferre
1377 2068 1497 2109 iussit

141 2135 180 2169 et
216 2129 355 2184 copias
393 2129 549 2178 eduxit,
599 2129 866 2170 vanissimam
902 2129 1118 2184 increpans
1160 2136 1344 2185 gentem,
1393 2144 1497 2183 quae

141 2206 309 2232 suarum
338 2191 528 2245 inpotens
560 2206 696 2232 rerum
726 2206 824 2246 prae
856 2192 1093 2233 domesticis
1120 2191 1388 2233 seditionibus
1415 2192 1498 2233 dis-

141 2253 372 2306 cordiisque
398 2253 487 2294 aliis
513 2254 681 2294 modum
705 2254 819 2308 pacis
846 2268 893 2294 ae
918 2253 1014 2294 belli
1038 2253 1174 2295 facere
1200 2269 1377 2307 aequum
1403 2268 1498 2295 cen-

142 2321 260 2355 seret.
324 2313 531 2356 Sanmites
563 2330 614 2356 ex
638 2322 752 2370 parte
777 2315 903 2356 altera
929 2330 1023 2356 cum
1048 2330 1211 2356 omnem
1237 2330 1374 2356 curam
1401 2315 1497 2356 belli

139 2376 412 2425 remisissent,
440 2376 535 2429 quia
560 2383 629 2417 aut
648 2391 792 2431 pacem
812 2392 907 2418 vere
927 2377 1145 2431 cupiebant
1165 2384 1233 2418 aut
1253 2376 1497 2431 expediebat

141 2437 351 2487 simulare,
382 2445 428 2478 ut
455 2438 699 2479 Tarentinos
732 2438 810 2480 sibi
842 2439 1121 2488 conciliarent,
1155 2454 1249 2480 cum
1273 2439 1494 2480 instructos

139 2506 306 2553 repente
342 2500 394 2540 ad
429 2515 613 2554 pugnam
647 2501 860 2542 Romanos
897 2501 1227 2555 conspexissent,
1266 2501 1494 2550 vociferari,

142 2576 184 2601 se
209 2561 251 2600 in
276 2561 515 2602 auctoritate
541 2561 857 2603 Tarentinorum
882 2577 1047 2604 manere
1072 2578 1147 2604 nec
1178 2563 1424 2604 descendere
1454 2563 1495 2603 in

141 2623 271 2664 aciem
296 2638 372 2664 nec
397 2631 511 2665 extra
536 2624 690 2665 vallum
716 2640 828 2666 arma
847 2625 972 2674 ferre,
999 2625 1192 2680 deceptos
1211 2625 1347 2680 potius
1367 2625 1497 2678 quod-

141 2700 316 2739 cumque
353 2700 474 2727 casus
511 2686 616 2728 ferat
651 2702 866 2741 passuros,
904 2702 1027 2741 quam
1063 2694 1108 2728 ut
1145 2688 1351 2743 sprevisse
1381 2687 1495 2742 pacis

1524 344 1542 375 9

1527 652 1567 681 10

1528 906 1562 935 11

1524 1526 1542 1555 10

1524 2328 1541 2358 G

1524 2577 1540 2605 7
