1835 3226
394 186 478 227 524
751 191 905 225 LIBER
929 191 983 235 X,
1005 191 1058 225 ⁶27.
1079 192 1132 227 28.
1161 193 1210 234 [a.
1226 202 1260 226 u.
1275 202 1303 226 c.
1317 193 1399 237 459]

392 296 497 335 nites
524 294 575 347 Q.
601 293 756 335 Fabius
787 294 962 348 primam
993 308 1039 335 ac
1070 294 1230 335 tertiam
1260 295 1466 349 legionem
1495 309 1569 349 pro
1599 296 1742 340 dextro

393 370 536 403 cornu,
568 355 766 395 adversus
804 352 948 396 Gallos
984 369 1058 409 pro
1095 355 1258 397 sinistro
1288 355 1447 397 Decius
1484 357 1668 411 quintam
1704 367 1744 400 et

331 432 364 462 11
393 424 552 457 sextam
587 416 789 458 instruxit.
846 417 1027 458 secunda
1062 424 1102 458 et
1137 424 1282 471 quarta
1317 432 1411 459 cum
1441 419 1494 458 L.
1520 418 1744 460 Volumnio

390 478 636 532 proconsule
665 478 708 518 in
740 476 911 519 Samnio
946 478 1116 533 gerebat
1150 479 1316 520 bellum.
1375 480 1507 533 primo
1543 494 1745 522 concursu

391 540 494 581 adeo
520 540 661 594 aequis
687 539 842 581 viribus
867 548 987 595 gesta
1010 555 1074 582 res
1101 548 1175 590 est,
1197 548 1252 590 ut,
1275 541 1310 582 si
1334 541 1564 583 adfuissent
1577 541 1745 582 Etrusci

393 608 432 642 ct
456 601 625 651 Umbri,
658 608 728 642 aut
752 602 795 642 in
819 602 905 643 acie
931 609 999 643 aut
1032 602 1074 642 in
1099 603 1242 644 castris
1269 606 1529 657 quocumque
1556 618 1599 645 se
1629 603 1745 644 incli-

392 671 560 705 nassent
585 665 823 718 accipienda
848 664 985 705 clades
1011 664 1146 705 fuerit.

349 743 363 770 1
475 725 696 767 XXVIII.
730 725 926 767 Ceterum
950 740 1201 780 quamquam
1227 727 1456 769 eommunis
1479 727 1613 768 adhuc
1626 726 1743 768 Mars

390 786 487 828 belli
517 795 603 829 erat
632 788 810 829 necdum
841 788 1062 829 discrimen
1092 788 1257 829 fortuna
1287 788 1458 838 fecerat,
1490 804 1572 842 qua
1601 789 1746 829 datura

392 849 500 891 vires
527 856 654 900 esset,
686 850 1007 903 haudquaquam
1040 850 1184 892 similis
1208 865 1349 905 pugna
1374 851 1415 891 in
1440 851 1583 892 dextro
1608 850 1745 892 laevo-

345 927 363 955 2
390 927 469 966 que
507 927 633 954 cornu
663 919 760 954 erat.
814 912 994 954 Romani
1029 913 1139 967 apud
1169 912 1346 954 Fabium
1383 913 1576 954 arcebant
1610 913 1743 968 inagis

389 988 513 1027 quam
542 974 773 1016 inferebant
803 990 1005 1029 pugnam,
1039 974 1408 1028 extrahebaturque
1439 975 1480 1016 in
1505 990 1629 1029 quam
1658 990 1744 1016 ma-

344 1052 362 1081 3
387 1036 497 1077 xime
523 1051 658 1077 serum
685 1037 765 1077 diei
791 1048 1013 1087 certamen,
1046 1037 1142 1091 quia
1166 1037 1223 1078 ita
1250 1051 1495 1091 persuasum
1526 1043 1612 1078 erat
1635 1036 1741 1085 duci,

389 1104 429 1139 et
461 1097 668 1139 Samnites
701 1107 740 1140 et
772 1097 915 1140 Gallos
952 1100 1084 1154 primo
1115 1099 1271 1153 impetu
1301 1099 1460 1140 feroces
1497 1113 1606 1148 esse,
1638 1112 1742 1151 quos

390 1160 581 1201 sustineri
602 1161 699 1202 satis
720 1161 788 1210 sit3
814 1161 998 1216 longiore
1019 1162 1239 1202 certamine
1259 1162 1411 1203 sensim
1430 1162 1608 1203 residere
1624 1159 1743 1203 Sam-

343 1237 363 1265 4
389 1222 534 1262 nitium
560 1222 730 1271 animos,
754 1221 968 1264 Gallorum
992 1223 1158 1276 quidem
1185 1223 1307 1264 etiam
1333 1238 1502 1277 corpora
1527 1223 1743 1264 intoleran-

390 1283 548 1324 tissima
579 1283 730 1325 laboris
763 1292 884 1337 atque
916 1291 1053 1325 aestus
1085 1284 1210 1325 flucre
1235 1285 1446 1338 primaque
1471 1285 1625 1338 proelia
1648 1284 1741 1339 plus

389 1360 513 1399 quam
543 1346 742 1395 virorum,
779 1354 985 1400 postrema
1023 1347 1158 1386 minus
1194 1361 1318 1399 quam
1354 1346 1598 1386 feminarum
1635 1360 1739 1386 csse.

343 1422 361 1450 5
387 1408 428 1447 in
458 1407 499 1447 id
524 1414 685 1461 tempus
717 1408 859 1462 igitur,
885 1423 966 1461 quo
991 1408 1099 1449 vinci
1125 1407 1281 1449 solebat
1312 1408 1459 1456 hostis,
1491 1422 1613 1461 quam
1639 1408 1741 1448 intc-

346 1484 363 1512 6
389 1484 602 1523 gerrumas
634 1469 740 1510 vires
767 1470 882 1510 militi
909 1469 1111 1510 servabat.
1160 1469 1333 1510 ferocior
1356 1470 1512 1511 Decius
1544 1477 1583 1510 et
1608 1477 1740 1510 aetate

389 1537 428 1570 et
453 1530 594 1584 vigore
620 1530 745 1570 animi
776 1538 1152 1584 quantumcumque
1178 1531 1323 1571 virium
1349 1531 1491 1571 habuit
1521 1532 1740 1572 certamine

386 1592 517 1646 primo
543 1591 700 1632 effudit.
750 1598 788 1632 et
814 1592 909 1645 quia
939 1592 1084 1633 lentior
1112 1592 1328 1633 videbatur
1356 1593 1556 1646 pedestris
1587 1607 1738 1647 pugna,

343 1669 360 1697 7
387 1653 612 1706 equitatum
637 1653 679 1693 in
703 1667 886 1708 pugnam
906 1654 1081 1694 eoncitat
1100 1660 1138 1694 et
1163 1653 1251 1707 ipsc
1276 1653 1523 1694 fortissimae
1547 1655 1740 1695 iuvenum

387 1724 544 1756 turmae
574 1715 771 1755 inmixtus
803 1722 890 1756 orat
924 1725 1113 1770 proceres
1145 1715 1386 1764 iuventutis,
1422 1715 1464 1755 in
1500 1715 1661 1757 hostem
1696 1724 1741 1757 ut

389 1792 530 1818 secum
554 1777 753 1831 impetum
779 1777 949 1818 faciant:
977 1777 1182 1832 duplicem
1207 1777 1368 1817 illorum
1394 1777 1567 1832 gloriam
1586 1777 1685 1826 fore,
1706 1778 1741 1819 si

342 1857 361 1886 s
387 1839 438 1880 ab
464 1839 582 1880 laevo
607 1854 734 1880 cornu
759 1845 799 1880 et
823 1838 875 1880 ab
901 1839 1037 1892 equite
1062 1839 1232 1880 victoria
1255 1839 1433 1893 incipiat.
1470 1838 1534 1880 bis
1560 1846 1740 1880 avertem

389 1900 596 1943 Gallicum
622 1901 861 1954 equitatum.
910 1901 1058 1942 iterum
1083 1901 1247 1956 longius
1274 1909 1437 1942 evectos
1464 1908 1504 1942 et
1532 1901 1614 1942 iam
1638 1901 1742 1944 inter

387 1965 523 2005 media
559 1964 743 2018 equitum
775 1964 942 2019 agmina
977 1964 1179 2019 proelium
1211 1964 1364 2005 cientes
1395 1979 1548 2005 novum
1577 1978 1740 2018 pugnae

342 2040 359 2069 9
388 2026 608 2067 conterruit
641 2041 792 2082 genus:
841 2026 998 2067 essedis
1036 2025 1243 2079 carrisque
1281 2032 1522 2080 superstans
1559 2032 1739 2067 armatus

386 2088 517 2129 hostis
548 2088 706 2143 ingenti
736 2088 872 2129 sonitu
903 2103 1101 2142 equorum
1131 2094 1392 2141 rotarumque
1423 2087 1588 2128 advenit
1613 2094 1651 2128 et
1681 2087 1742 2128 in-

322 2165 360 2193 10
389 2151 528 2192 solitos
567 2151 654 2191 eius
692 2150 891 2192 tumultus
920 2150 1204 2191 Romanorum
1240 2149 1461 2191 conterruit
1497 2164 1637 2203 equos.
1685 2150 1741 2191 ita

385 2213 581 2253 victorem
602 2212 827 2266 equitatum
845 2212 958 2253 velut
981 2212 1257 2266 lymphaticus
1277 2227 1406 2266 pavor
1424 2211 1614 2266 dissipat3
1641 2219 1741 2252 ster-

323 2289 357 2317 11
386 2275 444 2315 nit
473 2274 568 2315 inde
599 2281 764 2315 ruentes
795 2289 922 2327 equos
948 2274 1140 2326 virosque
1171 2273 1388 2328 inprovida
1418 2273 1530 2329 fuga.
1580 2273 1740 2314 turbata

386 2337 481 2377 hine
513 2337 634 2378 ctiam
666 2337 783 2391 signa
814 2336 1022 2391 legionum
1053 2336 1252 2389 multique
1283 2336 1438 2390 impetu
1469 2350 1668 2389 equorum
1692 2349 1739 2376 ae

386 2399 668 2440 vehiculorum
698 2406 908 2453 raptorum
938 2413 1011 2453 per
1041 2413 1190 2453 agmen
1216 2397 1353 2439 obtriti
1383 2397 1652 2453 antesignani.
1700 2402 1739 2438 et

386 2462 589 2511 insecuta,
618 2461 739 2502 simul
765 2461 925 2502 territos
950 2461 1090 2501 hostes
1116 2460 1235 2509 vidit,
1264 2458 1425 2501 Gallica
1449 2460 1557 2501 acies
1582 2458 1737 2499 nullum

324 2537 359 2565 12
387 2523 564 2577 spatium
588 2522 814 2577 respirandi
839 2523 1143 2577 recipiendique
1169 2537 1212 2562 se
1238 2522 1362 2563 dedit.
1403 2521 1628 2562 vociferare
1651 2519 1738 2561 De-

387 2585 492 2634 cius,
524 2600 606 2638 quo
637 2585 827 2639 fugerent
859 2599 1035 2638 quamve
1065 2584 1107 2624 in
1138 2583 1238 2639 fuga
1269 2598 1384 2638 spem
1420 2583 1633 2632 haberent,
1666 2581 1736 2622 ob-

388 2646 529 2687 sistere
560 2646 798 2688 cedentibus
824 2661 872 2688 ae
896 2661 1087 2688 revocare
1119 2646 1255 2696 fusos,
1288 2645 1453 2696 deinde,
1485 2652 1529 2686 ut
1559 2644 1669 2686 nulla
1695 2642 1733 2682 vi
