1835 3226
343 210 426 252 486
597 215 752 250 LIBER
776 214 906 258 vini,
931 214 986 250 4ο.
1005 214 1059 248 41.
1087 217 1135 257 [a.
1151 225 1184 248 u.
1199 226 1228 248 e.
1241 216 1352 258 mss.
1366 217 1446 259 4413]

345 321 524 376 signium
550 318 684 372 campi
708 316 866 371 repleri.
909 331 957 358 ae
981 317 1112 371 primo
1138 317 1310 371 pavidos
1332 316 1539 360 Samnites
1565 329 1697 362 castra

345 398 419 423 sua
454 394 666 435 accepere,
705 378 852 419 deinde
888 393 940 420 ne
971 393 1019 420 ea
1054 379 1220 432 quidem
1256 385 1436 420 retenta:
1478 381 1607 434 captis
1638 383 1698 422 di-

280 459 318 487 15
343 443 550 498 reptisque
576 448 669 482 ante
694 447 858 482 noctem
882 441 1055 482 iniectus
1086 440 1207 496 ignis.
1257 441 1431 482 dictator
1455 456 1507 483 ex
1532 449 1697 484 senatus

343 504 529 546 consulto
565 502 844 557 triumphavit.
910 503 1026 544 cuius
1070 502 1277 557 triumpho
1313 503 1435 558 longe
1477 504 1699 545 maximam

280 582 318 611 16
345 566 524 621 speciem
555 565 718 619 captiva
749 579 863 605 arma
891 564 1130 619 praebuere.
1182 571 1341 605 tantum
1359 565 1699 621 magnificentiae

342 628 478 669 visum
503 627 543 668 in
574 627 658 677 his,
689 633 736 667 ut
766 633 909 668 aurata
939 634 1056 668 scuta
1086 626 1262 667 dominis
1293 628 1615 682 argentariarum
1647 627 1699 668 ad

342 689 478 730 forum
504 689 732 730 ornandum
758 688 1048 729 dividerentur.
1086 688 1181 728 inde
1206 695 1349 729 natum
1374 689 1533 729 initium
1553 689 1700 730 dicitur

280 767 316 795 1?
343 751 422 792 fori
447 751 620 792 ornandi
644 750 696 792 ab
721 749 936 800 aedilibus,
963 765 1058 791 cum
1084 756 1224 791 tensae
1250 751 1507 791 ducerentur.
1557 756 1596 792 et
1614 750 1700 792 Ro-

344 813 454 853 mani
472 813 639 867 quidem
660 813 713 854 ad
737 812 938 854 honorem
963 813 1087 853 deum
1111 812 1344 867 insignibus
1371 813 1494 854 armis
1518 812 1700 854 hostium

342 875 408 916 usi
434 882 540 925 sunt,
564 875 768 930 Campani
794 875 845 916 ab
873 875 1066 930 superbia
1090 882 1129 916 et
1154 875 1248 917 odio
1270 874 1518 917 Samnitium
1543 875 1700 931 gladia-

343 944 470 986 tores,
502 937 614 991 quod
645 937 926 992 spectaculum
956 938 1061 978 inter
1085 937 1227 993 epulas
1260 944 1362 987 erat,
1395 952 1442 979 eo
1468 945 1613 979 ornatu
1637 953 1700 979 ar-

343 1005 506 1040 marunt
533 997 865 1053 Samnitiumque
890 999 1054 1040 nomine
1081 999 1374 1054 conpellarunt.

280 1074 318 1104 18
429 1061 591 1102 Eodem
621 1076 728 1102 anno
759 1076 854 1102 cum
884 1061 1052 1115 reliquis
1083 1061 1356 1102 Etruscorum
1387 1061 1439 1101 ad
1469 1060 1698 1111 Perusiam,

344 1136 450 1175 quae
476 1130 514 1163 et
540 1123 631 1177 ipsa
653 1123 904 1164 indutiarum
930 1123 1054 1164 fidem
1079 1130 1257 1178 ruperat,
1278 1123 1433 1164 Fabius
1455 1122 1599 1164 consul
1623 1137 1700 1164 nee

280 1197 318 1227 19
345 1183 471 1225 dubia
506 1199 581 1225 uec
618 1184 776 1226 difficili
811 1185 981 1226 victoria
1017 1185 1196 1226 dimicat.
1257 1186 1394 1240 ipsum
1425 1185 1621 1240 oppidum
1646 1210 1700 1214 —

344 1262 440 1287 nam
471 1247 524 1287 ad
553 1247 715 1287 moenia
745 1247 875 1288 victor
905 1248 1079 1289 accessit
1105 1272 1157 1276 —
1183 1248 1377 1303 cepisset,
1409 1248 1452 1288 ni
1480 1248 1606 1303 legati
1631 1248 1701 1289 de-

278 1320 320 1350 20
345 1309 487 1350 dentes
513 1309 657 1350 urbem
683 1309 875 1351 exissent.
924 1310 1128 1364 pracsidio
1153 1309 1349 1351 Perusiae
1374 1311 1562 1364 inposito,
1588 1310 1701 1365 lega-

345 1370 524 1412 tionibus
545 1371 736 1412 Etruriae
761 1372 982 1412 amicitiam
1007 1372 1240 1426 petentibus
1266 1386 1362 1426 prae
1389 1387 1432 1412 se
1451 1372 1627 1412 Romam
1648 1372 1700 1412 ad

347 1440 534 1473 senatum
559 1434 715 1483 missis,
743 1434 886 1475 consul
910 1434 1206 1488 praestantiore
1232 1434 1353 1474 etiam
1379 1448 1503 1487 quam
1528 1434 1701 1474 dictator

278 1508 317 1536 21
346 1495 516 1536 victoria
546 1495 802 1550 triumphans
833 1495 977 1536 urbem
1009 1503 1071 1537 est
1100 1496 1299 1537 invectus.
1353 1496 1452 1549 quin
1482 1496 1604 1536 etiam
1630 1496 1701 1536 de-

345 1556 547 1597 victorum
575 1555 821 1598 Samnitium
848 1558 973 1598 decus
999 1573 1151 1612 magna
1177 1572 1227 1598 ex
1251 1564 1365 1612 parte
1391 1558 1443 1598 ad
1466 1558 1623 1613 legatos
1649 1557 1698 1598 P.

344 1617 524 1658 Decium
551 1624 590 1658 et
614 1617 674 1658 Μ.
696 1618 907 1659 Valerium
934 1626 995 1659 cst
1020 1633 1203 1667 versum,
1236 1634 1339 1672 quos
1364 1620 1539 1674 populus
1564 1620 1701 1674 proxi-

345 1680 423 1721 mis
450 1680 625 1721 eomitiis
651 1681 807 1736 ingenti
832 1695 1037 1722 consensu
1063 1681 1274 1721 consulem
1306 1681 1496 1731 alterum,
1528 1682 1700 1723 alterum

345 1748 576 1796 praetorem
602 1742 837 1783 declaravit.

304 1817 317 1845 1
425 1803 655 1845 XXXXI.
687 1803 818 1845 Fabio
838 1803 890 1845 ob
911 1804 1075 1859 egregie
1094 1804 1365 1859 perdomitam
1379 1804 1589 1846 Etruriam
1607 1819 1703 1847 con-

347 1865 528 1906 tinuatur
558 1866 814 1916 consulatus,
841 1865 974 1907 Decio
1000 1866 1159 1920 collega
1183 1866 1314 1907 datur.
1364 1865 1555 1907 Valerius
1586 1882 1704 1921 prae-

346 1934 409 1968 tor
433 1935 625 1980 quartum
650 1934 824 1969 creatus.
874 1928 1064 1969 eonsules
1089 1928 1226 1982 partiti
1255 1928 1506 1982 provincias:
1536 1928 1704 1970 Etruria

305 2002 323 2032 3
348 1989 495 2039 Decio,
519 1988 735 2031 Samnium
748 1990 879 2031 Fabio
899 1991 1046 2031 evenit.
1090 1990 1298 2044 profectus
1324 1990 1376 2031 ad
1394 1989 1614 2031 Nuceriam
1627 1989 1704 2031 Al-

346 2051 566 2102 faternam,
593 2059 680 2093 tum
704 2067 848 2107 pacem
873 2053 1068 2107 petentis,
1096 2052 1206 2106 quod
1230 2052 1289 2092 uti
1315 2066 1380 2101 ea,
1408 2066 1502 2092 cum
1526 2053 1701 2100 daretur,

347 2113 587 2163 noluissent,
609 2120 851 2168 aspernatus
872 2120 946 2163 est,
969 2114 1247 2168 oppugnando
1266 2113 1319 2154 ad
1337 2113 1586 2154 deditionem
1606 2114 1704 2155 sub-

302 2188 322 2217 4
347 2175 442 2230 egit.
492 2191 586 2216 cum
613 2174 869 2217 Samnitibus
900 2176 986 2216 acie
1012 2175 1269 2225 dimicatum,
1302 2175 1412 2216 haud
1441 2190 1592 2230 magno
1617 2191 1704 2217 cer-

347 2238 498 2279 tamine
530 2238 669 2279 hostes
701 2238 815 2279 victi:
852 2252 985 2291 neque
1017 2238 1104 2278 eius
1135 2252 1299 2293 pugnae
1329 2238 1527 2279 memoria
1556 2238 1704 2279 tradita

347 2298 464 2348 foret,
485 2300 526 2340 ni
540 2299 673 2340 Marsi
692 2314 740 2341 eo
758 2300 936 2355 primum
961 2299 1115 2354 proelio
1135 2314 1227 2340 eum
1242 2299 1440 2340 Romanis
1466 2299 1701 2340 bellassent.

348 2362 477 2402 secuti
501 2361 738 2404 Marsorum
771 2361 1043 2403 defectionem
1074 2361 1263 2417 Paeligni
1294 2361 1465 2402 eandem
1495 2361 1703 2402 fortunam

303 2435 322 2464 5
347 2422 590 2466 habuerunt,
650 2424 784 2465 Decio
821 2438 985 2478 quoque
1027 2424 1142 2464 alteri
1184 2423 1343 2465 consuli
1385 2424 1566 2464 secunda
1606 2423 1701 2464 belli

348 2485 512 2527 fortuna
542 2493 639 2528 erat.
690 2486 1032 2540 Tarquiniensem
1064 2492 1175 2526 metu
1207 2485 1427 2541 subegerat
1451 2485 1703 2526 frumentum

349 2548 545 2589 exercitui
580 2549 776 2603 praebere
812 2555 935 2602 atque
971 2548 1150 2588 indutias
1186 2548 1229 2588 in
1264 2547 1538 2602 quadraginta
1573 2561 1701 2588 annos

306 2619 324 2649 6
348 2615 498 2662 petere.
548 2610 877 2652 Vulsiniensium
902 2611 1069 2652 castella
1094 2610 1248 2663 aliquot
1273 2610 1312 2650 vi
1338 2609 1462 2664 cepit3
1501 2608 1701 2662 quaedam

351 2683 401 2709 ex
426 2670 489 2711 his
509 2672 644 2721 diruit,
671 2688 721 2714 ne
746 2672 1004 2728 receptaculo
1030 2672 1217 2714 hostibus
1243 2678 1394 2721 essent,
1414 2669 1699 2712 circumferen-

302 1941 320 1970 [ὗ
