1835 3226
296 235 378 276 312
653 239 808 274 LIBER
831 239 903 283 VI,
930 239 1028 272 ss-s.
1057 240 1295 284 [a.u.e.368]

295 361 419 399 quam
445 343 680 398 opinionem
705 343 755 383 de
783 342 902 383 unico
927 342 1191 397 imperatore,
1218 358 1308 384 eam
1335 359 1451 399 spem
1476 345 1527 386 de
1545 345 1654 389 bello

295 407 504 448 haberent.
555 419 599 446 se
630 419 727 445 vero
758 403 863 445 bene
895 419 1058 458 sperare
1088 411 1226 459 patres
1258 412 1297 446 et
1327 406 1377 447 de
1407 406 1514 448 bello
1541 414 1580 448 01
1604 409 1654 450 (10

231 484 269 513 18
295 483 396 523 paee
427 467 704 520 universaque
733 480 777 507 rc
812 465 979 521 publica
1015 467 1138 507 erecti
1173 468 1326 523 gaudio
1364 468 1544 510 fremunt
1579 485 1655 511 nec

295 531 492 571 dictatore
517 543 714 582 umquam
739 543 844 583 opus
870 528 958 569 fore
982 528 1268 583 reipublicae,
1296 531 1330 579 si
1350 531 1451 571 tales
1478 531 1587 572 viros
1613 532 1655 572 in

295 592 540 647 magistratu
558 591 720 640 habeat,
748 600 831 631 tam
851 591 1124 632 concordibus
1143 592 1303 634 iunctos
1325 593 1485 643 animis,
1510 609 1654 649 parere

295 663 417 709 atque
446 655 649 709 imperare
679 654 795 695 iuxta
823 660 990 709 paratos
1020 654 1267 709 laudemque
1299 656 1558 699 conferentes
1582 672 1656 712 Po.-

296 718 375 758 tius
401 717 444 758 in
470 717 653 758 medium
678 731 803 770 quam
828 732 880 757 ex
905 717 1113 757 communi
1138 718 1191 758 ad
1217 733 1260 759 se
1286 719 1506 760 trahentes.

253 795 265 822 1
379 779 479 820 VH.
529 779 694 820 Iustitio
719 779 872 820 indicto
899 779 1131 833 dilectuque
1156 780 1296 821 habito
1320 780 1472 822 Furius
1499 796 1546 822 ac
1564 781 1656 823 Va-

293 842 418 883 lerius
456 842 509 883 ad
541 840 749 883 Satricum
785 842 978 896 profecti,
1017 857 1098 895 quo
1134 857 1218 883 non
1248 842 1497 884 Volscorum
1533 844 1656 885 modo

295 905 550 945 iuventutem
564 904 757 946 Antiates
778 919 829 945 ex
848 919 958 945 nova
983 904 1127 946 subole
1152 905 1320 954 lectam,
1348 906 1421 946 sed
1445 905 1656 961 ingentem

293 967 541 1008 Latinorum
583 966 945 1020 Hernicorumque
988 967 1249 1008 conciverant
1290 982 1341 1008 ex
1382 967 1656 1023 integerrimis

295 1029 454 1070 diutina
483 1044 585 1084 pace
616 1029 793 1084 populis.
841 1029 979 1082 itaque
1010 1044 1143 1070 novus
1174 1029 1304 1071 hostis
1336 1030 1464 1070 veteri
1489 1030 1657 1071 adiunc-

250 1107 268 1135 2
296 1098 361 1132 tus
388 1092 611 1133 commovit
636 1094 795 1133 animos
816 1092 956 1132 militis
976 1091 1167 1133 Romani.
1206 1092 1318 1146 quod
1336 1091 1407 1133 ubi
1425 1092 1555 1133 aciem
1574 1092 1657 1133 iam

294 1154 512 1195 instruenti
527 1152 704 1195 Camillo
724 1154 983 1195 centuriones
1003 1154 1352 1204 renuntiaverunt,
1378 1154 1562 1196 turbatas
1581 1155 1657 1195 mi-

293 1216 411 1256 litum
443 1222 602 1257 mentes
629 1230 740 1266 esse,
773 1216 954 1271 segniter
978 1232 1092 1257 arma
1116 1223 1236 1271 capta
1261 1217 1656 1271 cunctabundosque

295 1285 335 1319 et
370 1278 610 1319 resistentes
647 1294 838 1334 egressos
871 1279 1016 1320 castris
1048 1294 1157 1329 esse,
1195 1280 1295 1333 quin
1331 1295 1454 1321 voces
1491 1295 1655 1333 quoque

295 1340 476 1390 auditas,
521 1355 615 1381 eum
653 1341 836 1382 centenis
872 1341 1061 1382 hostibus
1100 1341 1285 1397 singulos
1322 1347 1578 1397 pugnaturos
1616 1349 1655 1383 ct

295 1417 417 1458 aegre
454 1402 653 1443 inermem
690 1409 846 1443 tantam
887 1403 1211 1452 multitudinem,
1260 1404 1413 1443 nedum
1456 1410 1654 1444 armatam

250 1478 268 1508 3
297 1465 490 1506 sustineri
508 1480 650 1519 posse,
677 1465 719 1505 in
738 1480 889 1519 equum
908 1465 1035 1506 insilit
1059 1472 1099 1506 et
1123 1472 1217 1506 ante
1243 1466 1363 1521 signa
1388 1466 1588 1507 obversus
1614 1466 1656 1506 in

294 1527 443 1577 aciem,
471 1527 633 1568 ordines
652 1528 965 1581 interequitans:
995 1531 1118 1581 ‘quae
1138 1528 1317 1577 tristitia,
1343 1528 1511 1577 milites,
1538 1528 1652 1577 haec,

294 1604 400 1643 quae
424 1589 591 1630 insolita
615 1590 821 1630 cunctatio
848 1589 934 1630 cst?
964 1589 1126 1630 hostem
1145 1605 1197 1630 an
1222 1605 1287 1630 me
1313 1605 1366 1630 an
1390 1605 1465 1631 vos
1490 1590 1654 1645 ignora-

294 1652 371 1692 tis?
405 1651 537 1692 hostis
569 1658 632 1692 est
661 1652 762 1705 quid
792 1651 904 1692 aliud
927 1666 1051 1704 quam
1076 1660 1274 1706 perpetua
1298 1652 1469 1692 materia
1492 1652 1653 1693 virtutis

248 1727 268 1756 4
293 1714 531 1769 gloriaeque
552 1714 738 1755 vestrae?
762 1728 837 1754 vos
859 1723 1001 1754 contra.
1020 1728 1085 1753 me
1105 1714 1222 1762 duce,
1249 1720 1294 1754 ut
1307 1714 1492 1755 Falerios
1505 1713 1655 1755 Veios—

293 1791 373 1830 que
410 1783 554 1831 captos
593 1782 632 1816 et
662 1776 705 1816 in
736 1782 856 1830 capta
885 1776 1019 1830 patria
1051 1774 1265 1817 Gallorum
1297 1776 1481 1831 legiones
1513 1790 1654 1817 caesas

292 1847 470 1888 taceam,
509 1839 633 1880 modo
666 1838 908 1893 trigeminae
939 1838 1134 1879 victoriae
1165 1838 1367 1892 triplicem
1403 1837 1656 1893 triumphum

248 1914 266 1943 5
294 1916 345 1941 ex
375 1900 439 1941 his
470 1900 574 1955 ipsis
600 1900 766 1943 Volscis
798 1906 837 1941 et
861 1898 1023 1953 Aequis
1055 1906 1096 1941 et
1126 1914 1177 1941 ex
1201 1899 1369 1940 Etruria
1399 1899 1555 1955 egistis.
1605 1915 1657 1941 an

292 1978 377 2012 me,
410 1963 522 2016 quod
552 1977 637 2004 non
667 1962 841 2004 dictator
870 1961 1009 2012 vobis,
1044 1962 1115 2003 sed
1142 1961 1330 2003 tribunus
1357 1962 1522 2017 signum
1548 1962 1655 2012 dedi,

295 2040 379 2065 non
405 2024 632 2080 agnoscitis
652 2024 826 2067 ducem?
850 2039 985 2077 neque
1011 2039 1089 2079 ego
1114 2024 1295 2065 maxima
1319 2023 1491 2078 imperia
1515 2024 1557 2064 in
1581 2039 1656 2065 vos

293 2087 483 2129 desidero
515 2093 555 2128 01
584 2102 658 2129 vos
689 2087 732 2127 in
757 2102 822 2127 me
848 2087 950 2128 nihil
973 2093 1135 2141 praeter
1159 2101 1224 2127 me
1250 2087 1386 2141 ipsum
1411 2086 1560 2127 intueri
1586 2086 1657 2127 de-

293 2155 376 2199 cet3
407 2163 543 2202 neque
570 2149 679 2191 enim
704 2149 907 2190 dictatura
932 2149 1032 2189 mihi
1057 2163 1254 2202 umquam
1279 2149 1438 2191 animos
1464 2148 1578 2198 fecit,
1610 2154 1656 2189 ut

248 2225 265 2254 6
292 2226 343 2252 110
368 2211 539 2252 exilium
565 2211 732 2264 quidem
758 2211 923 2252 ademit.
961 2211 1087 2251 iidem
1107 2211 1233 2266 igitur
1257 2225 1399 2251 omnes
1426 2225 1588 2259 sumus,
1615 2220 1656 2251 et

294 2288 388 2314 cum
425 2273 572 2314 eadem
609 2273 746 2315 omnia
781 2273 823 2313 in
858 2273 938 2314 hoc
974 2273 1129 2314 bellum
1165 2273 1421 2322 adferamus,
1471 2287 1576 2326 quae
1612 2273 1655 2313 in

292 2336 428 2390 priora
453 2335 685 2384 attulimus,
719 2335 896 2376 eundem
922 2342 1114 2377 eventum
1140 2335 1237 2376 belli
1262 2341 1562 2390 exspectemus.
1603 2334 1656 2375 si—

294 2397 378 2438 mul
409 2397 716 2447 concurreritiS,
749 2397 859 2450 quod
884 2397 1059 2450 quisque
1085 2397 1227 2438 didicit
1251 2412 1299 2438 ac
1331 2397 1562 2446 consuevit,
1594 2397 1655 2437 fa-

295 2460 390 2500 ciet:
422 2475 496 2501 vos
522 2459 716 2509 vincetis,
742 2459 801 2500 illi
826 2459 1013 2514 fugient.'

253 2535 265 2562 1
377 2521 501 2563 VIII.
537 2521 651 2563 Dato
672 2522 819 2563 deinde
846 2522 964 2577 signo
990 2536 1041 2562 ex
1067 2536 1172 2575 equo
1198 2522 1334 2562 desilit
1358 2528 1398 2562 01
1421 2521 1655 2576 proximum

294 2583 537 2637 signiferum
566 2600 692 2625 manu
723 2590 930 2638 arreptum
962 2598 1103 2625 secum
1133 2584 1175 2624 in
1199 2583 1359 2624 hostem
1384 2583 1491 2638 rapit
1517 2582 1652 2631 ‘infer‚

249 2658 267 2686 2
294 2645 442 2695 miles,'
468 2646 683 2687 clamitans
711 2646 922 2701 ‘signum.’
958 2646 1070 2700 quod
1095 2645 1166 2688 ubi
1185 2646 1322 2687 videre
1341 2646 1479 2701 ipsum
1499 2643 1653 2686 Camil-

293 2706 378 2747 lum
402 2708 484 2748 iam
509 2709 561 2749 ad
586 2723 758 2753 munera
783 2708 966 2765 corporis
993 2715 1159 2752 senecta
1182 2708 1410 2749 invalidum
1434 2706 1651 2747 vadentem
