1835 3226
260 219 439 248 xxxxu

259 294 321 328 lib.
348 294 594 329 XXXXVI—
610 293 831 328 LXXXXV
855 293 969 336 paulo

256 344 343 383 post
361 343 516 372 mortem
538 338 653 382 ipsius
674 337 916 381 Argentorati
937 348 969 370 a.

258 383 357 425 1654,
372 383 505 427 reliqui
520 394 542 416 a
556 382 732 415 Douiatio
748 382 784 414 in
800 381 968 415 ed.Pari-

259 428 322 461 siis
335 428 421 461 inde
435 428 483 460 ab
493 438 525 460 a.
536 427 622 459 1679
632 426 667 459 in
676 437 781 458 usum
791 425 970 469 Delphini

258 473 441 506 adornata
455 470 545 504 editi
560 475 676 513 erant,
699 470 842 503 lacunis
857 470 968 504 libro-

258 528 337 549 rum
354 516 504 549 decadis
520 515 671 560 quintae
687 514 775 548 XLI
790 519 826 548 ct
838 515 967 548 XLIII

255 560 406 594 —XLV
427 560 583 593 inseruit
609 560 869 604 supplementa
883 559 967 594 Cre-

256 605 438 648 vieriana,
459 605 605 638 addidit
626 605 785 649 denique
807 616 890 638 cum
908 616 968 639 va-

256 650 330 683 rias
349 661 404 684 vv.
421 650 482 683 dd.
504 650 786 683 dissertationes
806 661 849 684 ac
862 661 967 694 prac-

255 694 418 728 fationes
438 694 616 728 Livianas
637 699 714 728 tum
739 694 882 728 indices
909 706 966 728 eo-

254 739 497 790 piosissimos.
541 740 613 774 hoe
643 740 753 773 modo
787 740 967 774 laudabili

255 785 438 818 ludustria
463 784 653 829 ingentem
674 785 722 818 ad
742 784 888 818 Livium
909 796 967 819 ex-

253 829 482 874 planandum
529 834 642 874 atque
696 830 967 864 emendandum

255 875 448 919 congessit
461 877 653 909 materiam
664 902 672 918 ,
694 886 768 920 qua
781 875 967 920 hodieque

254 919 410 953 fruimur
422 924 530 964 grato
545 920 667 953 animo
679 931 769 964 erga
783 920 968 954 hominem

253 965 402 1009 ingenio
419 976 507 999 sane
522 976 597 998 non
611 966 900 1009 praecellentem
911 965 966 998 Io-

254 1021 424 1054 anneque
439 1010 631 1044 Friderico
644 1009 836 1045 Gronovio
852 1011 966 1043 multo

253 1054 484 1096 inferiorem,
512 1066 671 1099 operosa
698 1059 822 1089 tamen
849 1066 966 1099 eaque

254 1104 429 1134 accurata
450 1100 644 1145 diligentia
663 1103 775 1145 atquc
796 1101 967 1134 doctrina

253 1145 458 1189 egregium.

299 1190 392 1223 Post
410 1189 761 1224 Drakenborchium
787 1189 965 1234 aliquam-

254 1234 316 1267 diu
330 1235 503 1279 neglecta
518 1234 713 1268 iacuerunt
733 1235 827 1268 haee
843 1234 965 1267 studia

253 1279 459 1312 editoribus
486 1280 545 1313 vel
565 1280 611 1313 ad
633 1290 714 1313 euin
735 1280 793 1313 vel
814 1279 860 1313 ad
883 1280 966 1312 Cre—

252 1324 405 1358 vicrium
427 1335 508 1358 sese
529 1324 823 1369 applicantibus:
851 1335 894 1357 cx
910 1328 966 1357 sat

252 1370 375 1414 amplo
390 1369 593 1403 editionum
614 1380 681 1413 per
701 1370 889 1403 saeculum
905 1380 965 1402 oc-

251 1419 377 1448 tavum
393 1414 574 1448 decimum
589 1419 853 1458 praetereuras
863 1414 965 1448 Man-

251 1459 445 1493 hemianas
470 1464 507 1494 et
531 1458 756 1503 Bipontinas
782 1464 966 1504 proventu

251 1505 444 1538 nominatu
468 1505 599 1549 dignas
615 1505 737 1538 nullas
756 1505 878 1539 habco
894 1504 965 1538 nisi

250 1549 328 1583 fere
345 1549 401 1584 ed.
415 1549 458 1583 A.
474 1549 518 1583 G.
534 1549 752 1583 Ernestii322
774 1550 822 1583 ob
845 1550 964 1584 adiec—

249 1598 328 1628 tum
336 1594 571 1639 glossarium,
583 1595 684 1639 quod
699 1600 962 1639 tamen‚quam-

250 1639 305 1672 vis
331 1650 353 1673 a
375 1639 420 1674 G.
440 1639 487 1673 H.
509 1639 710 1673 Schaefero
720 1643 769 1666 323
789 1644 827 1673 et
846 1640 875 1673 I.
896 1640 964 1673 Th.

249 1684 531 1729 Kreyssigio324
573 1689 708 1728 postea
743 1689 891 1718 auctum
929 1690 965 1718 et

251 1729 498 1769 emendatum,
524 1729 635 1763 lexici
654 1729 801 1764 Liviani
821 1729 964 1763 deside—

249 1774 343 1808 rium
359 1774 498 1808 excitat
511 1774 630 1818 magis
647 1786 756 1819 quam
771 1775 907 1818 explet,
929 1779 965 1808 et

252 1819 309 1853 ed.
323 1819 367 1853 A.
382 1819 424 1853 F.
441 1818 673 1862 Strothii,³·2⁵
700 1830 796 1864 quae
817 1820 864 1853 ab
880 1830 964 1853 aue—

248 1869 330 1898 tore
350 1864 571 1908 imperfecta
594 1864 725 1899 relicta
744 1864 795 1898 ita
812 1875 834 1898 a
853 1864 895 1898 F.
919 1865 962 1899 G.

249 1909 456 1954 Doeringio
466 1913 514 1936 326
523 1910 658 1944 iterata
671 1915 783 1955 atque
798 1909 845 1943 ad
854 1908 964 1943 finem

249 1955 430 1998 perducta
444 1959 563 1998 est,ut
576 1955 695 1989 iustae
705 1954 867 1989 levitatis
876 1965 963 1999 poe—

249 2010 319 2033 nae
335 2001 537 2034 solvendae
548 2000 581 2034 ei
595 1999 746 2041 fuerint3
756 2011 876 2044 eoque
890 2011 963 2033 ma-

249 2044 367 2078 iorem
381 2045 529 2079 laudem
550 2056 618 2079 nec
633 2045 766 2079 meruit
785 2056 855 2079 nee
871 2044 963 2078 obti-

249 2089 330 2123 nuit
346 2090 388 2123 G.
402 2089 447 2124 A.
461 2090 682 2134 Rupertius,
710 2090 772 2134 qui
795 2101 858 2124 sex
878 2090 964 2124 voll.

247 2133 395 2212 {Aivsi'um
417 2135 534 2169 edidit
554 2134 759 2180 Gottingae
780 2146 812 2169 a.
830 2135 965 2168 1807—

294 2224 414 2258 Multo
428 2223 546 2269 magis
562 2236 670 2269 quam
685 2235 812 2258 omncs
831 2223 869 2257 hi
889 2224 964 2258 edi-

250 2272 350 2303 tores
370 2269 416 2303 de
429 2269 538 2303 Livio
552 2269 686 2303 meruit
699 2269 748 2312 is,
777 2269 840 2314 qui
860 2269 963 2303 faces

249 2314 287 2347 in
308 2314 482 2348 tenebras
503 2314 680 2349 historiae
699 2313 891 2349 Romanae
913 2315 963 2348 in-

283 2396 332 2419 322
352 2395 429 2426 Lips.
445 2397 511 2420 1769
525 2395 575 2420 111.
591 2397 616 2420 8.

283 2430 331 2453 323
357 2430 384 2453 in
416 2430 459 2454 cd.
487 2430 602 2454 Ernest.
632 2436 724 2454 novae
761 2429 963 2454 emendatioris

250 2463 328 2493 Lips.
346 2464 521 2488 isui—1804.
537 2465 561 2487 8.
577 2464 633 2487 vol.
648 2465 757 2494 quinto.

283 2499 332 2521 324
352 2498 380 2521 in
400 2497 442 2521 cd.
458 2498 627 2522 Ernestiana
646 2501 744 2528 quarta
763 2505 790 2522 v.
805 2498 876 2522 infra
895 2504 960 2521 ann.

249 2531 308 2554 327.

283 2566 331 2588 :525
351 2565 429 2596 Lips.
443 2566 622 2590 nso—1784.
642 2565 693 2590 111.
714 2566 771 2590 vol.
787 2567 802 2591 S
827 2565 875 2589 lib.
889 2565 962 2589 I—X

250 2601 275 2621 ct
290 2598 467 2623 XXI—XXV
482 2600 668 2623 continentia.

766 223 816 248 DE
842 222 931 247 VITA
956 221 1007 247 AC
1033 222 1195 247 SCRIPTIS

997 293 1133 336 ferens,
1153 303 1288 327 novam
1303 293 1427 327 fontes
1447 294 1525 328 eius
1540 295 1705 339 aperien-

997 337 1045 380 di,
1059 337 1352 381 pervestigandi,
1368 338 1608 382 diiudicandi,
1623 340 1703 373 illu-

998 381 1139 414 strandi
1175 381 1273 415 viam
1303 382 1449 425 aperuit
1479 382 1706 418 bertholdus

997 424 1182 470 Georgius
1190 425 1429 460 Niebuhrius.
1449 425 1535 461 inde
1550 428 1597 461 ab
1608 439 1705 462 anno

996 470 1104 504 huius
1119 471 1257 504 saeculi
1272 470 1480 514 undecimo,
1503 482 1576 516 quo
1591 472 1704 506 histo-

996 515 1071 549 riae
1087 515 1365 549 eiusRomanae
1380 516 1553 549 volumen
1568 517 1705 561 ed.p1·i-

995 572 1075 594 mae
1095 561 1196 604 prius
1216 560 1366 604 prodiit,
1386 560 1649 594 historicorum
1669 566 1707 596 et

996 606 1288 650 antiquariorum
1308 605 1430 639 studia
1449 605 1565 639 libros
1584 605 1705 640 Livia-

996 662 1062 684 nos
1094 650 1312 694 pracsertim
1342 650 1522 694 primores
1553 650 1704 695 ubique,

995 695 1169 741 undique,
1182 706 1463 740 quoquoversus
1477 695 1706 740 perquisive-

994 746 1094 782 runt,
1142 745 1184 773 ut
1225 739 1524 784 interpretationi
1568 740 1704 773 iustum

996 785 1184 830 quoddam
1199 796 1243 819 ae
1259 785 1416 818 solidum
1427 785 1707 818 fundamentum

997 831 1249 864 substructum
1265 830 1322 864 sit.
1343 830 1443 874 quod
1453 835 1574 863 tamen
1591 830 1638 863 ab
1653 829 1705 873 ip-

995 876 1045 909 sis
1067 875 1273 910 editoribus
1293 876 1384 909 satis
1412 875 1474 908 diu
1494 875 1705 918 neglectum

995 920 1072 955 fere
1094 920 1225 963 iacuit,
1253 920 1337 954 dum
1358 931 1380 954 a
1398 919 1706 963 Wachsmuthiis,

996 965 1250 1010 Goettlingiis,
1266 964 1705 1008 Rubinonibus‚Peteris,

994 1010 1183 1053 Becker-is,
1200 1009 1479 1054 Marquardtiis,
1497 1009 1705 1052 Schwegle-

994 1056 1054 1098 ris,
1066 1055 1330 1097 Mommseniis,
1341 1054 1424 1087 aliis
1438 1055 1485 1087 ad
1495 1053 1705 1087 aedificium

994 1111 1016 1134 a
1039 1099 1246 1135 Niebuhrio
1272 1099 1481 1132 institutum
1512 1097 1705 1143 perficien-

994 1146 1091 1187 dum,
1113 1143 1428 1188 amplificandum,
1450 1143 1706 1178 exornandum

994 1191 1251 1234 undecumque
1267 1189 1459 1223 afferretur
1473 1188 1636 1223 materia.

1039 1235 1147 1275 Quod
1168 1235 1215 1268 ad
1236 1234 1506 1268 emendationis
1532 1245 1599 1278 pro
1630 1244 1703 1267 res-

994 1291 1055 1312 sus
1076 1280 1210 1313 attinet
1225 1279 1377 1323 Georgii
1397 1279 1581 1312 Ludoviei
1621 1278 1703 1312 Val-

993 1324 1065 1358 chii
1081 1324 1361 1358 emendationes
1370 1323 1549 1358 Livianae
1565 1322 1703 1368 (Berol.

994 1370 1114 1415 1815),
1152 1369 1296 1403 etiamsi
1331 1369 1549 1414 ingeniosae
1586 1369 1704 1412 magis

991 1414 1193 1459 pleraeque
1216 1425 1325 1459 quam
1344 1425 1472 1453 verae,
1500 1413 1704 1447 studiorum

991 1467 1115 1493 tamen
1140 1460 1375 1504 egregiorum
1401 1459 1438 1493 in
1458 1458 1566 1492 Livio
1588 1458 1702 1492 collo-

992 1510 1159 1539 catorum
1174 1504 1361 1548 specimen
1382 1505 1563 1545 edebantt,
1589 1503 1703 1537 editio

992 1561 1078 1583 vero
1103 1549 1242 1583 ibidem
1266 1561 1301 1593 p.
1326 1549 1370 1584 V.
1394 1549 1579 1593 promissa
1603 1559 1703 1582 num-

992 1606 1101 1640 quam
1116 1594 1263 1638 prodiit.
1278 1594 1378 1627 haud
1391 1594 1506 1627 multo
1522 1604 1609 1627 vero
1619 1597 1705 1637 post

991 1650 1124 1673 novum
1139 1639 1250 1683 idque
1266 1639 1456 1683 egregium
1477 1638 1702 1673 emendatio-

991 1685 1026 1718 ni
1043 1685 1246 1718 subsidium
1263 1684 1422 1718 accessit
1437 1695 1516 1717 eum
1528 1682 1703 1717 Fr.Goel-

992 1730 1089 1763 lerus
1104 1729 1140 1762 in
1155 1729 1211 1763 ed.
1227 1729 1310 1763 libri
1318 1729 1503 1762 XXXIII.
1514 1727 1702 1771 (Francos.

991 1775 1037 1809 ad
1053 1774 1102 1808 M.
1120 1775 1221 1818 1822)
1243 1775 1290 1808 ad
1311 1774 1421 1808 fidem
1443 1773 1582 1808 codicis
1596 1772 1703 1807 Bam-

992 1819 1186 1864 bergcnsis
1201 1819 1334 1862 exacti,
1345 1818 1487 1863 egregii
1501 1817 1704 1852 huiuslibri

990 1875 1057 1909 per
1070 1865 1236 1908 reliquos
1253 1874 1325 1908 quo
1333 1874 1404 1908 que
1419 1868 1575 1908 quartae
1596 1863 1704 1896 deca-

992 1909 1048 1943 dis
1070 1909 1186 1943 libros
1204 1919 1322 1954 usque
1342 1909 1390 1943 ad
1415 1909 1478 1943 lib.
1498 1907 1705 1943 XXXVIII

992 1966 1021 1988 c.
1034 1954 1079 1988 46
1101 1954 1221 1989 varias
1241 1953 1424 1988 lectiones
1437 1954 1702 1998 promulgaret.

991 2000 1091 2034 haud
1115 2001 1231 2033 multo
1253 2003 1339 2044 post
1358 2002 1397 2033 et
1415 2000 1464 2033 ad
1482 1999 1611 2032 harum
1630 1998 1702 2032 lec-

991 2047 1132 2079 tionum
1151 2056 1318 2079 normam
1339 2049 1376 2078 et
1395 2045 1442 2078 ad
1464 2044 1545 2078 eod.
1559 2043 1700 2078 Vindo-

991 2090 1170 2124 boncnsis
1191 2089 1429 2124 collationem
1448 2100 1470 2123 a
1482 2088 1610 2122 Barth.
1624 2088 1702 2121 Ko-

990 2135 1124 2179 pitario
1155 2136 1194 2168 in
1223 2146 1331 2168 usum
1363 2145 1467 2167 suum
1497 2133 1704 2166 institutam

992 2180 1091 2214 haud
1105 2191 1225 2224 pauca
1238 2190 1304 2223 per
1313 2183 1480 2224 quartam
1490 2182 1526 2212 et
1536 2178 1703 2222 quintam

991 2225 1169 2259 decadem
1189 2224 1342 2258 novavit
1361 2224 1415 2256 vir
1428 2224 1528 2257 haud
1548 2234 1622 2256 uno
1637 2233 1701 2256 no-

991 2270 1087 2303 mine
1108 2270 1153 2303 de
1170 2269 1276 2302 Livio
1298 2269 1447 2302 meritus
1462 2269 1515 2302 Io.
1530 2267 1701 2312 Theoph.

990 2315 1250 2359 Kreyssigius,
1284 2314 1342 2348 cui
1374 2314 1430 2348 ed.
1456 2312 1701 2347 Ernestianae

991 2367 1145 2405 quartae
1185 2359 1372 2393 curandae
1409 2358 1604 2402 provincia
1640 2358 1701 2391 de—

989 2405 1164 2439 mandata
1178 2408 1319 2438 eranam
1339 2408 1472 2448 postea
1486 2408 1609 2437 tamen
1620 2414 1701 2437 eum

990 2450 1069 2494 ipso
1086 2450 1166 2484 cod.
1181 2448 1451 2493 Bambergensi
1465 2448 1634 2492 inspecto
1649 2447 1700 2480 in-

990 2495 1204 2540 tellegeret,
1236 2494 1475 2528 collationem
1495 2492 1700 2528 Goelleria—

1023 2599 1071 2622 327
1091 2598 1171 2628 Lips.
1187 2598 1354 2622 1823—1827
1369 2597 1397 2621 in
1411 2596 1506 2621 librar.
1519 2595 1697 2619 Weidmann.

283 2633 332 2655 326
353 2632 436 2656 Goth.
452 2634 629 2657 1790-1819.
655 2633 699 2657 ed.
714 2633 762 2657 alt.
783 2633 839 2657 vol.
854 2633 867 2656 1
886 2634 914 2657 et
936 2633 962 2657 II
987 2633 1021 2657 V.
1042 2633 1067 2657 S.
1094 2632 1168 2656 idem
1193 2632 1378 2662 Kreyssigius
1402 2631 1485 2655 Livio
1510 2629 1698 2653 bibliothecae

251 2665 353 2695 prodiit
372 2673 396 2689 a.
417 2667 498 2695 1805,
525 2667 569 2691 cd.
593 2668 710 2691 ‘auctior
729 2670 756 2691 et
776 2667 960 2691 emendatior⁴
987 2666 1208 2690 'rauchnitianae
1222 2664 1410 2696 imprimendo
1423 2663 1553 2695 praefuit,
1569 2668 1639 2692 quae
1653 2661 1696 2685 ed.

251 2700 335 2722 (lom.
356 2700 420 2723 1816
439 2707 497 2730 sq.,
523 2701 552 2724 in
572 2708 626 2731 qua
645 2704 739 2726 tamen
760 2701 843 2725 rol.1
870 2704 898 2725 ct
922 2700 961 2725 111
988 2703 1016 2724 ct
1034 2707 1090 2724 uno
1109 2700 1167 2724 vol.
1189 2699 1323 2729 quadrato
1342 2697 1445 2729 prodiit
1469 2703 1494 2721 a.
1514 2697 1581 2721 18-S
1601 2698 1628 2720 et
1646 2702 1695 2720 sex

249 2732 309 2756 sola
323 2736 427 2757 novata
441 2740 502 2758 csse
515 2734 655 2759 dicuntur.

988 2734 1055 2759 voll.
1070 2734 1176 2758 formae
1190 2733 1324 2757 minimae
1335 2738 1361 2756 a.
1376 2732 1442 2756 1829
1456 2737 1497 2762 sq.
