<?xml version="1.0" encoding="UTF-8"?>
<!DOCTYPE html PUBLIC "-//W3C//DTD XHTML 1.0 Transitional//EN"
    "http://www.w3.org/TR/xhtml1/DTD/xhtml1-transitional.dtd">
<html xmlns="http://www.w3.org/1999/xhtml" xml:lang="en" lang="en">
 <head>
  <title>
</title>
<meta http-equiv="Content-Type" content="text/html;charset=utf-8" />
  <meta name='ocr-system' content='tesseract 3.04.00' />
  <meta name='ocr-capabilities' content='ocr_page ocr_carea ocr_par ocr_line ocrx_word'/>
</head>
<body>
  <div class='ocr_page' id='page_1' title='image "./aburbeconditalib01livyuoft_0616.png"; bbox 0 0 1835 3226; ppageno 0'>
   <div class='ocr_carea' id='block_1_1' title="bbox 428 222 1490 274">
    <p class='ocr_par' dir='ltr' id='par_1_1' title="bbox 428 222 1490 274">
     <span class='ocr_line' id='line_1_1' title="bbox 428 222 1490 274; baseline -0.001 -12"><span class='ocrx_word' id='word_1_1' title='bbox 428 222 513 263; x_wconf 85' lang='lat'><strong>430</strong></span> <span class='ocrx_word' id='word_1_2' title='bbox 724 227 877 262; x_wconf 76' lang='lat' dir='ltr'>LlssER</span> <span class='ocrx_word' id='word_1_3' title='bbox 901 228 1012 272; x_wconf 80' lang='lat' dir='ltr'><strong>vm,</strong></span> <span class='ocrx_word' id='word_1_4' title='bbox 1038 228 1092 262; x_wconf 88' lang='lat'><strong>31.</strong></span> <span class='ocrx_word' id='word_1_5' title='bbox 1111 228 1165 262; x_wconf 73' lang='lat'><strong>32.</strong></span> <span class='ocrx_word' id='word_1_6' title='bbox 1193 231 1290 272; x_wconf 82' lang='lat' dir='ltr'><strong>[a.u.</strong></span> <span class='ocrx_word' id='word_1_7' title='bbox 1307 229 1490 274; x_wconf 48' lang='lat' dir='ltr'><strong>effosso]</strong></span> 
     </span>
    </p>
   </div>
   <div class='ocr_carea' id='block_1_2' title="bbox 427 330 1779 386">
    <p class='ocr_par' dir='ltr' id='par_1_2' title="bbox 427 330 1779 386">
     <span class='ocr_line' id='line_1_2' title="bbox 427 330 1779 386; baseline 0.003 -13"><span class='ocrx_word' id='word_1_8' title='bbox 427 333 606 373; x_wconf 74' lang='lat' dir='ltr'><strong>voluisse</strong></span> <span class='ocrx_word' id='word_1_9' title='bbox 632 330 992 384; x_wconf 79' lang='lat' dir='ltr'><strong>cupidissimisque</strong></span> <span class='ocrx_word' id='word_1_10' title='bbox 1019 345 1132 371; x_wconf 85' lang='lat' dir='ltr'><strong>arma</strong></span> <span class='ocrx_word' id='word_1_11' title='bbox 1156 330 1388 371; x_wconf 85' lang='lat' dir='ltr'><strong>ablaturum</strong></span> <span class='ocrx_word' id='word_1_12' title='bbox 1413 331 1543 373; x_wconf 87' lang='lat' dir='ltr'><strong>fuisse</strong></span> <span class='ocrx_word' id='word_1_13' title='bbox 1569 335 1779 386; x_wconf 79' lang='lat' dir='ltr'><strong>militibus,</strong></span> 
     </span>
    </p>
   </div>
   <div class='ocr_carea' id='block_1_3' title="bbox 382 392 1782 452">
    <p class='ocr_par' dir='ltr' id='par_1_3' title="bbox 382 392 1782 452">
     <span class='ocr_line' id='line_1_3' title="bbox 382 392 1782 452; baseline 0.002 -17"><span class='ocrx_word' id='word_1_14' title='bbox 382 409 401 436; x_wconf 81' lang='lat'>4</span> <span class='ocrx_word' id='word_1_15' title='bbox 428 409 478 434; x_wconf 89' lang='lat' dir='ltr'><strong>ne</strong></span> <span class='ocrx_word' id='word_1_16' title='bbox 504 408 547 434; x_wconf 86' lang='lat' dir='ltr'><strong>se</strong></span> <span class='ocrx_word' id='word_1_17' title='bbox 573 392 742 433; x_wconf 77' lang='lat' dir='ltr'>absente</span> <span class='ocrx_word' id='word_1_18' title='bbox 768 392 923 432; x_wconf 74' lang='lat' dir='ltr'><strong>moveri</strong></span> <span class='ocrx_word' id='word_1_19' title='bbox 947 398 1134 446; x_wconf 89' lang='lat' dir='ltr'><strong>possent,</strong></span> <span class='ocrx_word' id='word_1_20' title='bbox 1162 399 1201 432; x_wconf 92' lang='lat' dir='ltr'><strong>et</strong></span> <span class='ocrx_word' id='word_1_21' title='bbox 1226 407 1334 433; x_wconf 90' lang='lat' dir='ltr'><strong>nunc</strong></span> <span class='ocrx_word' id='word_1_22' title='bbox 1359 393 1401 433; x_wconf 89' lang='lat' dir='ltr'><strong>id</strong></span> <span class='ocrx_word' id='word_1_23' title='bbox 1421 393 1572 443; x_wconf 87' lang='lat' dir='ltr'><strong>furere,</strong></span> <span class='ocrx_word' id='word_1_24' title='bbox 1599 395 1641 435; x_wconf 88' lang='lat' dir='ltr'><strong>id</strong></span> <span class='ocrx_word' id='word_1_25' title='bbox 1660 411 1782 452; x_wconf 86' lang='lat' dir='ltr'><strong>aegre</strong></span> 
     </span>
    </p>
   </div>
   <div class='ocr_carea' id='block_1_4' title="bbox 380 592 399 621">
    <p class='ocr_par' dir='ltr' id='par_1_4' title="bbox 380 592 399 621">
     <span class='ocr_line' id='line_1_4' title="bbox 380 592 399 621; baseline 0 0"><span class='ocrx_word' id='word_1_26' title='bbox 380 592 399 621; x_wconf 74' lang='lat'>5</span> 
     </span>
    </p>
   </div>
   <div class='ocr_carea' id='block_1_5' title="bbox 375 1894 393 1923">
    <p class='ocr_par' dir='ltr' id='par_1_5' title="bbox 375 1894 393 1923">
     <span class='ocr_line' id='line_1_5' title="bbox 375 1894 393 1923; textangle 90"><span class='ocrx_word' id='word_1_27' title='bbox 375 1894 393 1923; x_wconf 64' lang='lat'><strong>⁸0</strong></span> 
     </span>
    </p>
   </div>
   <div class='ocr_carea' id='block_1_6' title="bbox 377 2019 394 2048">
    <p class='ocr_par' dir='ltr' id='par_1_6' title="bbox 377 2019 394 2048">
     <span class='ocr_line' id='line_1_6' title="bbox 377 2019 394 2048; textangle 90"><span class='ocrx_word' id='word_1_28' title='bbox 377 2019 394 2048; x_wconf 68' lang='lat'><strong>0³</strong></span> 
     </span>
    </p>
   </div>
   <div class='ocr_carea' id='block_1_7' title="bbox 418 453 1783 2747">
    <p class='ocr_par' dir='ltr' id='par_1_7' title="bbox 421 453 1783 1687">
     <span class='ocr_line' id='line_1_7' title="bbox 425 453 1781 509; baseline 0.003 -14"><span class='ocrx_word' id='word_1_29' title='bbox 425 455 527 509; x_wconf 85' lang='lat' dir='ltr'><strong>pati,</strong></span> <span class='ocrx_word' id='word_1_30' title='bbox 555 454 665 508; x_wconf 90' lang='lat' dir='ltr'><strong>quod</strong></span> <span class='ocrx_word' id='word_1_31' title='bbox 685 454 772 494; x_wconf 89' lang='lat' dir='ltr'><strong>sinc</strong></span> <span class='ocrx_word' id='word_1_32' title='bbox 791 455 843 494; x_wconf 92' lang='lat' dir='ltr'><strong>L.</strong></span> <span class='ocrx_word' id='word_1_33' title='bbox 864 453 1031 508; x_wconf 88' lang='lat' dir='ltr'><strong>Papirio</strong></span> <span class='ocrx_word' id='word_1_34' title='bbox 1052 469 1132 494; x_wconf 91' lang='lat' dir='ltr'><strong>non</strong></span> <span class='ocrx_word' id='word_1_35' title='bbox 1151 454 1346 503; x_wconf 84' lang='lat' dir='ltr'><strong>inermes,</strong></span> <span class='ocrx_word' id='word_1_36' title='bbox 1373 470 1455 495; x_wconf 89' lang='lat' dir='ltr'><strong>non</strong></span> <span class='ocrx_word' id='word_1_37' title='bbox 1475 457 1608 497; x_wconf 85' lang='lat' dir='ltr'><strong>manci</strong></span> <span class='ocrx_word' id='word_1_38' title='bbox 1632 457 1781 500; x_wconf 84' lang='lat' dir='ltr'><strong>milites</strong></span> 
     </span>
     <span class='ocr_line' id='line_1_8' title="bbox 424 515 1783 571; baseline 0.004 -15"><span class='ocrx_word' id='word_1_39' title='bbox 424 517 594 565; x_wconf 83' lang='lat' dir='ltr'><strong>fuerint,</strong></span> <span class='ocrx_word' id='word_1_40' title='bbox 621 516 731 569; x_wconf 87' lang='lat' dir='ltr'><strong>quod</strong></span> <span class='ocrx_word' id='word_1_41' title='bbox 757 531 800 557; x_wconf 90' lang='lat' dir='ltr'><strong>sc</strong></span> <span class='ocrx_word' id='word_1_42' title='bbox 822 515 873 569; x_wconf 88' lang='lat' dir='ltr'><strong>Q.</strong></span> <span class='ocrx_word' id='word_1_43' title='bbox 894 516 1049 557; x_wconf 85' lang='lat' dir='ltr'><strong>Fabius</strong></span> <span class='ocrx_word' id='word_1_44' title='bbox 1075 517 1317 571; x_wconf 88' lang='lat' dir='ltr'><strong>magistrum</strong></span> <span class='ocrx_word' id='word_1_45' title='bbox 1343 518 1525 570; x_wconf 88' lang='lat' dir='ltr'><strong>equitum</strong></span> <span class='ocrx_word' id='word_1_46' title='bbox 1551 519 1711 561; x_wconf 85' lang='lat' dir='ltr'><strong>duxerit</strong></span> <span class='ocrx_word' id='word_1_47' title='bbox 1735 535 1783 562; x_wconf 85' lang='lat' dir='ltr'><strong>ac</strong></span> 
     </span>
     <span class='ocr_line' id='line_1_9' title="bbox 424 578 1780 632; baseline 0.004 -14"><span class='ocrx_word' id='word_1_48' title='bbox 424 594 506 619; x_wconf 91' lang='lat' dir='ltr'><strong>non</strong></span> <span class='ocrx_word' id='word_1_49' title='bbox 537 592 757 619; x_wconf 87' lang='lat' dir='ltr'><strong>accensum</strong></span> <span class='ocrx_word' id='word_1_50' title='bbox 789 578 1010 619; x_wconf 88' lang='lat' dir='ltr'><strong>dictatoris.</strong></span> <span class='ocrx_word' id='word_1_51' title='bbox 1061 579 1159 632; x_wconf 90' lang='lat' dir='ltr'><strong>quid</strong></span> <span class='ocrx_word' id='word_1_52' title='bbox 1183 579 1297 619; x_wconf 88' lang='lat' dir='ltr'><strong>illum</strong></span> <span class='ocrx_word' id='word_1_53' title='bbox 1323 579 1528 620; x_wconf 77' lang='lat' dir='ltr'><strong>fac-turum</strong></span> <span class='ocrx_word' id='word_1_54' title='bbox 1554 580 1700 630; x_wconf 88' lang='lat' dir='ltr'><strong>fuisse,</strong></span> <span class='ocrx_word' id='word_1_55' title='bbox 1735 583 1780 632; x_wconf 87' lang='lat' dir='ltr'><strong>si,</strong></span> 
     </span>
     <span class='ocr_line' id='line_1_10' title="bbox 425 640 1783 699; baseline 0.003 -18"><span class='ocrx_word' id='word_1_56' title='bbox 425 641 535 694; x_wconf 88' lang='lat' dir='ltr'><strong>quod</strong></span> <span class='ocrx_word' id='word_1_57' title='bbox 555 640 651 681; x_wconf 91' lang='lat' dir='ltr'><strong>belli</strong></span> <span class='ocrx_word' id='word_1_58' title='bbox 671 655 791 681; x_wconf 86' lang='lat' dir='ltr'><strong>casus</strong></span> <span class='ocrx_word' id='word_1_59' title='bbox 813 640 949 681; x_wconf 88' lang='lat' dir='ltr'><strong>ferunt</strong></span> <span class='ocrx_word' id='word_1_60' title='bbox 961 640 1160 693; x_wconf 84' lang='lat' dir='ltr'><strong>Marsque</strong></span> <span class='ocrx_word' id='word_1_61' title='bbox 1181 641 1423 689; x_wconf 82' lang='lat' dir='ltr'><strong>communis,</strong></span> <span class='ocrx_word' id='word_1_62' title='bbox 1451 642 1625 683; x_wconf 80' lang='lat' dir='ltr'><strong>adversa</strong></span> <span class='ocrx_word' id='word_1_63' title='bbox 1641 658 1783 699; x_wconf 85' lang='lat' dir='ltr'><strong>pugna</strong></span> 
     </span>
     <span class='ocr_line' id='line_1_11' title="bbox 424 702 1779 759; baseline 0.003 -17"><span class='ocrx_word' id='word_1_64' title='bbox 424 703 647 751; x_wconf 82' lang='lat' dir='ltr'><strong>evenisset,</strong></span> <span class='ocrx_word' id='word_1_65' title='bbox 674 703 744 755; x_wconf 92' lang='lat' dir='ltr'><strong>qui</strong></span> <span class='ocrx_word' id='word_1_66' title='bbox 764 702 842 743; x_wconf 92' lang='lat' dir='ltr'><strong>sibi</strong></span> <span class='ocrx_word' id='word_1_67' title='bbox 862 702 1031 743; x_wconf 79' lang='lat' dir='ltr'><strong>devictis</strong></span> <span class='ocrx_word' id='word_1_68' title='bbox 1052 702 1254 751; x_wconf 84' lang='lat' dir='ltr'><strong>hostibus,</strong></span> <span class='ocrx_word' id='word_1_69' title='bbox 1281 717 1322 743; x_wconf 90' lang='lat' dir='ltr'><strong>rc</strong></span> <span class='ocrx_word' id='word_1_70' title='bbox 1342 703 1507 757; x_wconf 86' lang='lat' dir='ltr'><strong>publica</strong></span> <span class='ocrx_word' id='word_1_71' title='bbox 1527 703 1630 745; x_wconf 88' lang='lat' dir='ltr'><strong>bene</strong></span> <span class='ocrx_word' id='word_1_72' title='bbox 1650 713 1779 759; x_wconf 83' lang='lat' dir='ltr'><strong>gesta,</strong></span> 
     </span>
     <span class='ocr_line' id='line_1_12' title="bbox 423 764 1782 822; baseline 0.002 -18"><span class='ocrx_word' id='word_1_73' title='bbox 423 764 480 805; x_wconf 89' lang='lat' dir='ltr'><strong>ita</strong></span> <span class='ocrx_word' id='word_1_74' title='bbox 505 771 549 805; x_wconf 92' lang='lat' dir='ltr'><strong>ut</strong></span> <span class='ocrx_word' id='word_1_75' title='bbox 573 780 655 805; x_wconf 90' lang='lat' dir='ltr'><strong>non</strong></span> <span class='ocrx_word' id='word_1_76' title='bbox 681 764 732 805; x_wconf 88' lang='lat' dir='ltr'><strong>ab</strong></span> <span class='ocrx_word' id='word_1_77' title='bbox 758 764 827 805; x_wconf 92' lang='lat' dir='ltr'><strong>illo</strong></span> <span class='ocrx_word' id='word_1_78' title='bbox 853 764 974 805; x_wconf 88' lang='lat' dir='ltr'><strong>unico</strong></span> <span class='ocrx_word' id='word_1_79' title='bbox 999 764 1102 805; x_wconf 88' lang='lat' dir='ltr'><strong>duce</strong></span> <span class='ocrx_word' id='word_1_80' title='bbox 1128 764 1274 805; x_wconf 90' lang='lat' dir='ltr'><strong>melius</strong></span> <span class='ocrx_word' id='word_1_81' title='bbox 1300 765 1387 819; x_wconf 89' lang='lat' dir='ltr'><strong>geri</strong></span> <span class='ocrx_word' id='word_1_82' title='bbox 1405 766 1600 819; x_wconf 83' lang='lat' dir='ltr'><strong>potuerit,</strong></span> <span class='ocrx_word' id='word_1_83' title='bbox 1628 768 1782 822; x_wconf 88' lang='lat' dir='ltr'><strong>suppli-</strong></span> 
     </span>
     <span class='ocr_line' id='line_1_13' title="bbox 424 826 1781 884; baseline 0.003 -18"><span class='ocrx_word' id='word_1_84' title='bbox 424 827 532 867; x_wconf 86' lang='lat' dir='ltr'><strong>cium</strong></span> <span class='ocrx_word' id='word_1_85' title='bbox 568 827 767 881; x_wconf 86' lang='lat' dir='ltr'><strong>magistro</strong></span> <span class='ocrx_word' id='word_1_86' title='bbox 804 826 987 880; x_wconf 88' lang='lat' dir='ltr'><strong>equitum</strong></span> <span class='ocrx_word' id='word_1_87' title='bbox 1024 826 1219 867; x_wconf 78' lang='lat' dir='ltr'><strong>minetur!</strong></span> <span class='ocrx_word' id='word_1_88' title='bbox 1263 841 1396 880; x_wconf 88' lang='lat' dir='ltr'><strong>neque</strong></span> <span class='ocrx_word' id='word_1_89' title='bbox 1432 827 1546 868; x_wconf 89' lang='lat' dir='ltr'><strong>illum</strong></span> <span class='ocrx_word' id='word_1_90' title='bbox 1583 829 1781 884; x_wconf 90' lang='lat' dir='ltr'><strong>magistro</strong></span> 
     </span>
     <span class='ocr_line' id='line_1_14' title="bbox 424 888 1782 942; baseline 0.003 -14"><span class='ocrx_word' id='word_1_91' title='bbox 424 888 609 942; x_wconf 89' lang='lat' dir='ltr'><strong>equitum</strong></span> <span class='ocrx_word' id='word_1_92' title='bbox 639 888 892 929; x_wconf 81' lang='lat' dir='ltr'><strong>infestiorem</strong></span> <span class='ocrx_word' id='word_1_93' title='bbox 919 903 1042 942; x_wconf 87' lang='lat' dir='ltr'><strong>quam</strong></span> <span class='ocrx_word' id='word_1_94' title='bbox 1067 888 1240 929; x_wconf 84' lang='lat' dir='ltr'><strong>tribunis</strong></span> <span class='ocrx_word' id='word_1_95' title='bbox 1267 889 1459 939; x_wconf 87' lang='lat' dir='ltr'><strong>militum,</strong></span> <span class='ocrx_word' id='word_1_96' title='bbox 1492 904 1617 942; x_wconf 88' lang='lat' dir='ltr'><strong>quam</strong></span> <span class='ocrx_word' id='word_1_97' title='bbox 1642 898 1782 932; x_wconf 87' lang='lat' dir='ltr'><strong>centu-</strong></span> 
     </span>
     <span class='ocr_line' id='line_1_15' title="bbox 423 951 1782 1006; baseline 0.002 -15"><span class='ocrx_word' id='word_1_98' title='bbox 423 951 625 1000; x_wconf 88' lang='lat' dir='ltr'><strong>rionibus,</strong></span> <span class='ocrx_word' id='word_1_99' title='bbox 652 966 776 1005; x_wconf 87' lang='lat' dir='ltr'><strong>quam</strong></span> <span class='ocrx_word' id='word_1_100' title='bbox 802 951 999 992; x_wconf 87' lang='lat' dir='ltr'><strong>militibus</strong></span> <span class='ocrx_word' id='word_1_101' title='bbox 1026 965 1130 992; x_wconf 86' lang='lat' dir='ltr'><strong>esse.</strong></span> <span class='ocrx_word' id='word_1_102' title='bbox 1182 951 1217 991; x_wconf 80' lang='lat' dir='ltr'><strong>si</strong></span> <span class='ocrx_word' id='word_1_103' title='bbox 1235 958 1394 1006; x_wconf 87' lang='lat' dir='ltr'><strong>posset,</strong></span> <span class='ocrx_word' id='word_1_104' title='bbox 1420 952 1461 992; x_wconf 89' lang='lat' dir='ltr'><strong>in</strong></span> <span class='ocrx_word' id='word_1_105' title='bbox 1482 967 1624 994; x_wconf 88' lang='lat' dir='ltr'><strong>omnes</strong></span> <span class='ocrx_word' id='word_1_106' title='bbox 1650 953 1782 994; x_wconf 79' lang='lat' dir='ltr'><strong>saevi-</strong></span> 
     </span>
     <span class='ocr_line' id='line_1_16' title="bbox 424 1013 1780 1067; baseline 0.001 -13"><span class='ocrx_word' id='word_1_107' title='bbox 424 1021 560 1054; x_wconf 89' lang='lat' dir='ltr'><strong>turum</strong></span> <span class='ocrx_word' id='word_1_108' title='bbox 587 1014 716 1055; x_wconf 89' lang='lat' dir='ltr'><strong>fuisse</strong></span> <span class='ocrx_word' id='word_1_109' title='bbox 726 1030 736 1063; x_wconf 86' lang='lat'><em>3</em></span> <span class='ocrx_word' id='word_1_110' title='bbox 768 1013 864 1067; x_wconf 86' lang='lat' dir='ltr'><strong>quia</strong></span> <span class='ocrx_word' id='word_1_111' title='bbox 887 1013 929 1053; x_wconf 87' lang='lat' dir='ltr'><strong>id</strong></span> <span class='ocrx_word' id='word_1_112' title='bbox 954 1020 1149 1067; x_wconf 80' lang='lat' dir='ltr'><strong>nequeat,</strong></span> <span class='ocrx_word' id='word_1_113' title='bbox 1176 1014 1219 1054; x_wconf 88' lang='lat' dir='ltr'><strong>in</strong></span> <span class='ocrx_word' id='word_1_114' title='bbox 1242 1029 1370 1054; x_wconf 86' lang='lat' dir='ltr'><strong>unum</strong></span> <span class='ocrx_word' id='word_1_115' title='bbox 1397 1015 1554 1056; x_wconf 79' lang='lat' dir='ltr'><strong>saevire</strong></span> <span class='ocrx_word' id='word_1_116' title='bbox 1579 1041 1632 1045; x_wconf 84' lang='lat'>—</span> <span class='ocrx_word' id='word_1_117' title='bbox 1659 1015 1780 1056; x_wconf 89' lang='lat' dir='ltr'><strong>etiam</strong></span> 
     </span>
     <span class='ocr_line' id='line_1_17' title="bbox 421 1076 1780 1132; baseline 0.002 -16"><span class='ocrx_word' id='word_1_118' title='bbox 421 1076 619 1116; x_wconf 77' lang='lat' dir='ltr'><strong>invidiam</strong></span> <span class='ocrx_word' id='word_1_119' title='bbox 643 1083 854 1129; x_wconf 85' lang='lat' dir='ltr'><strong>tamquam</strong></span> <span class='ocrx_word' id='word_1_120' title='bbox 878 1076 1018 1131; x_wconf 89' lang='lat' dir='ltr'><strong>ignem</strong></span> <span class='ocrx_word' id='word_1_121' title='bbox 1045 1091 1206 1117; x_wconf 83' lang='lat' dir='ltr'><strong>summa</strong></span> <span class='ocrx_word' id='word_1_122' title='bbox 1224 1083 1362 1131; x_wconf 91' lang='lat' dir='ltr'><strong>petere</strong></span> <span class='ocrx_word' id='word_1_123' title='bbox 1377 1103 1448 1127; x_wconf 72' lang='lat'><strong>—‚</strong></span> <span class='ocrx_word' id='word_1_124' title='bbox 1476 1077 1516 1117; x_wconf 91' lang='lat' dir='ltr'><strong>in</strong></span> <span class='ocrx_word' id='word_1_125' title='bbox 1542 1087 1665 1132; x_wconf 86' lang='lat' dir='ltr'><strong>eaput</strong></span> <span class='ocrx_word' id='word_1_126' title='bbox 1684 1093 1780 1120; x_wconf 84' lang='lat' dir='ltr'><strong>eon-</strong></span> 
     </span>
     <span class='ocr_line' id='line_1_18' title="bbox 423 1138 1779 1195; baseline 0.002 -17"><span class='ocrx_word' id='word_1_127' title='bbox 423 1138 519 1187; x_wconf 88' lang='lat' dir='ltr'><strong>silii,</strong></span> <span class='ocrx_word' id='word_1_128' title='bbox 546 1138 587 1178; x_wconf 88' lang='lat' dir='ltr'><strong>in</strong></span> <span class='ocrx_word' id='word_1_129' title='bbox 607 1138 754 1178; x_wconf 86' lang='lat' dir='ltr'><strong>ducem</strong></span> <span class='ocrx_word' id='word_1_130' title='bbox 772 1138 990 1178; x_wconf 88' lang='lat' dir='ltr'><strong>incurrere.</strong></span> <span class='ocrx_word' id='word_1_131' title='bbox 1029 1139 1063 1179; x_wconf 91' lang='lat' dir='ltr'><strong>si</strong></span> <span class='ocrx_word' id='word_1_132' title='bbox 1083 1154 1126 1179; x_wconf 90' lang='lat' dir='ltr'><strong>se</strong></span> <span class='ocrx_word' id='word_1_133' title='bbox 1148 1139 1269 1180; x_wconf 89' lang='lat' dir='ltr'><strong>simul</strong></span> <span class='ocrx_word' id='word_1_134' title='bbox 1289 1154 1382 1180; x_wconf 89' lang='lat' dir='ltr'><strong>cum</strong></span> <span class='ocrx_word' id='word_1_135' title='bbox 1402 1139 1533 1194; x_wconf 86' lang='lat' dir='ltr'><strong>gloria</strong></span> <span class='ocrx_word' id='word_1_136' title='bbox 1556 1140 1615 1180; x_wconf 89' lang='lat' dir='ltr'><strong>rei</strong></span> <span class='ocrx_word' id='word_1_137' title='bbox 1639 1148 1779 1195; x_wconf 79' lang='lat' dir='ltr'><strong>gestae</strong></span> 
     </span>
     <span class='ocr_line' id='line_1_19' title="bbox 421 1200 1778 1256; baseline 0.002 -16"><span class='ocrx_word' id='word_1_138' title='bbox 421 1201 681 1249; x_wconf 84' lang='lat' dir='ltr'><strong>extinxisset,</strong></span> <span class='ocrx_word' id='word_1_139' title='bbox 715 1206 812 1240; x_wconf 89' lang='lat' dir='ltr'><strong>tunc</strong></span> <span class='ocrx_word' id='word_1_140' title='bbox 843 1200 1039 1241; x_wconf 75' lang='lat' dir='ltr'><strong>victorem</strong></span> <span class='ocrx_word' id='word_1_141' title='bbox 1071 1201 1181 1241; x_wconf 82' lang='lat' dir='ltr'><strong>velut</strong></span> <span class='ocrx_word' id='word_1_142' title='bbox 1211 1201 1254 1241; x_wconf 89' lang='lat' dir='ltr'><strong>in</strong></span> <span class='ocrx_word' id='word_1_143' title='bbox 1285 1208 1403 1256; x_wconf 86' lang='lat' dir='ltr'><strong>capto</strong></span> <span class='ocrx_word' id='word_1_144' title='bbox 1435 1202 1616 1243; x_wconf 81' lang='lat' dir='ltr'><strong>exercitu</strong></span> <span class='ocrx_word' id='word_1_145' title='bbox 1647 1203 1778 1243; x_wconf 89' lang='lat' dir='ltr'><strong>domi-</strong></span> 
     </span>
     <span class='ocr_line' id='line_1_20' title="bbox 421 1262 1779 1317; baseline 0.002 -14"><span class='ocrx_word' id='word_1_146' title='bbox 421 1270 599 1312; x_wconf 83' lang='lat' dir='ltr'><strong>nantem,</strong></span> <span class='ocrx_word' id='word_1_147' title='bbox 627 1262 826 1315; x_wconf 86' lang='lat' dir='ltr'><strong>quidquid</strong></span> <span class='ocrx_word' id='word_1_148' title='bbox 845 1262 1004 1303; x_wconf 84' lang='lat' dir='ltr'><strong>licuerit</strong></span> <span class='ocrx_word' id='word_1_149' title='bbox 1023 1263 1065 1302; x_wconf 90' lang='lat' dir='ltr'><strong>in</strong></span> <span class='ocrx_word' id='word_1_150' title='bbox 1084 1263 1280 1317; x_wconf 82' lang='lat' dir='ltr'><strong>magistro</strong></span> <span class='ocrx_word' id='word_1_151' title='bbox 1301 1264 1496 1317; x_wconf 88' lang='lat' dir='ltr'><strong>equitum,</strong></span> <span class='ocrx_word' id='word_1_152' title='bbox 1523 1264 1564 1304; x_wconf 89' lang='lat' dir='ltr'><strong>in</strong></span> <span class='ocrx_word' id='word_1_153' title='bbox 1583 1264 1779 1307; x_wconf 84' lang='lat' dir='ltr'><strong>militibus</strong></span> 
     </span>
     <span class='ocr_line' id='line_1_21' title="bbox 425 1324 1778 1378; baseline 0 -12"><span class='ocrx_word' id='word_1_154' title='bbox 425 1339 634 1366; x_wconf 86' lang='lat' dir='ltr'><strong>ausurum.</strong></span> <span class='ocrx_word' id='word_1_155' title='bbox 671 1324 842 1378; x_wconf 87' lang='lat' dir='ltr'><strong>proinde</strong></span> <span class='ocrx_word' id='word_1_156' title='bbox 863 1324 1055 1365; x_wconf 84' lang='lat' dir='ltr'><strong>adessent</strong></span> <span class='ocrx_word' id='word_1_157' title='bbox 1074 1324 1114 1364; x_wconf 93' lang='lat' dir='ltr'><strong>in</strong></span> <span class='ocrx_word' id='word_1_158' title='bbox 1136 1340 1209 1365; x_wconf 88' lang='lat' dir='ltr'><strong>sua</strong></span> <span class='ocrx_word' id='word_1_159' title='bbox 1234 1340 1359 1366; x_wconf 85' lang='lat' dir='ltr'><strong>eausa</strong></span> <span class='ocrx_word' id='word_1_160' title='bbox 1384 1326 1566 1365; x_wconf 86' lang='lat' dir='ltr'><strong>omnium</strong></span> <span class='ocrx_word' id='word_1_161' title='bbox 1590 1326 1778 1366; x_wconf 83' lang='lat' dir='ltr'><strong>libertati.</strong></span> 
     </span>
     <span class='ocr_line' id='line_1_22' title="bbox 424 1386 1779 1441; baseline 0.001 -14"><span class='ocrx_word' id='word_1_162' title='bbox 424 1387 459 1427; x_wconf 94' lang='lat' dir='ltr'><strong>si</strong></span> <span class='ocrx_word' id='word_1_163' title='bbox 491 1401 737 1427; x_wconf 88' lang='lat' dir='ltr'><strong>consensum</strong></span> <span class='ocrx_word' id='word_1_164' title='bbox 769 1386 971 1427; x_wconf 80' lang='lat' dir='ltr'><strong>exereitus</strong></span> <span class='ocrx_word' id='word_1_165' title='bbox 999 1386 1193 1435; x_wconf 91' lang='lat' dir='ltr'><strong>eundem,</strong></span> <span class='ocrx_word' id='word_1_166' title='bbox 1225 1386 1295 1439; x_wconf 85' lang='lat' dir='ltr'><strong>qui</strong></span> <span class='ocrx_word' id='word_1_167' title='bbox 1320 1387 1362 1426; x_wconf 89' lang='lat' dir='ltr'><strong>in</strong></span> <span class='ocrx_word' id='word_1_168' title='bbox 1387 1387 1540 1441; x_wconf 87' lang='lat' dir='ltr'><strong>proelio</strong></span> <span class='ocrx_word' id='word_1_169' title='bbox 1566 1386 1705 1435; x_wconf 86' lang='lat' dir='ltr'><strong>suerit,</strong></span> <span class='ocrx_word' id='word_1_170' title='bbox 1737 1387 1779 1428; x_wconf 88' lang='lat' dir='ltr'><strong>in</strong></span> 
     </span>
     <span class='ocr_line' id='line_1_23' title="bbox 423 1447 1778 1489; baseline 0 -1"><span class='ocrx_word' id='word_1_171' title='bbox 423 1448 575 1489; x_wconf 84' lang='lat' dir='ltr'><strong>tuenda</strong></span> <span class='ocrx_word' id='word_1_172' title='bbox 610 1448 782 1488; x_wconf 68' lang='lat' dir='ltr'><strong>victoria</strong></span> <span class='ocrx_word' id='word_1_173' title='bbox 817 1448 953 1488; x_wconf 61' lang='lat' dir='ltr'><strong>videat</strong></span> <span class='ocrx_word' id='word_1_174' title='bbox 989 1454 1029 1488; x_wconf 89' lang='lat' dir='ltr'><strong>et</strong></span> <span class='ocrx_word' id='word_1_175' title='bbox 1065 1447 1239 1488; x_wconf 85' lang='lat' dir='ltr'><strong>salutem</strong></span> <span class='ocrx_word' id='word_1_176' title='bbox 1276 1448 1396 1488; x_wconf 88' lang='lat' dir='ltr'><strong>unius</strong></span> <span class='ocrx_word' id='word_1_177' title='bbox 1434 1448 1625 1489; x_wconf 86' lang='lat' dir='ltr'><strong>omnibus</strong></span> <span class='ocrx_word' id='word_1_178' title='bbox 1657 1463 1778 1489; x_wconf 82' lang='lat' dir='ltr'><strong>curae</strong></span> 
     </span>
     <span class='ocr_line' id='line_1_24' title="bbox 423 1509 1776 1559; baseline -0.001 -9"><span class='ocrx_word' id='word_1_179' title='bbox 423 1524 533 1559; x_wconf 89' lang='lat' dir='ltr'><strong>esse,</strong></span> <span class='ocrx_word' id='word_1_180' title='bbox 571 1509 858 1549; x_wconf 87' lang='lat' dir='ltr'><strong>inclinaturum</strong></span> <span class='ocrx_word' id='word_1_181' title='bbox 890 1509 942 1549; x_wconf 89' lang='lat' dir='ltr'><strong>ad</strong></span> <span class='ocrx_word' id='word_1_182' title='bbox 973 1509 1274 1550; x_wconf 83' lang='lat' dir='ltr'><strong>clementiorem</strong></span> <span class='ocrx_word' id='word_1_183' title='bbox 1308 1510 1549 1550; x_wconf 88' lang='lat' dir='ltr'><strong>sententiam</strong></span> <span class='ocrx_word' id='word_1_184' title='bbox 1581 1509 1776 1550; x_wconf 87' lang='lat' dir='ltr'><strong>animum.</strong></span> 
     </span>
     <span class='ocr_line' id='line_1_25' title="bbox 421 1570 1777 1626; baseline 0 -15"><span class='ocrx_word' id='word_1_185' title='bbox 421 1578 629 1626; x_wconf 87' lang='lat' dir='ltr'><strong>postremo</strong></span> <span class='ocrx_word' id='word_1_186' title='bbox 650 1585 694 1611; x_wconf 93' lang='lat' dir='ltr'><strong>se</strong></span> <span class='ocrx_word' id='word_1_187' title='bbox 713 1571 840 1611; x_wconf 71' lang='lat' dir='ltr'><strong>vitam</strong></span> <span class='ocrx_word' id='word_1_188' title='bbox 860 1570 1126 1624; x_wconf 87' lang='lat' dir='ltr'><strong>fortunasque</strong></span> <span class='ocrx_word' id='word_1_189' title='bbox 1147 1586 1242 1612; x_wconf 88' lang='lat' dir='ltr'><strong>suas</strong></span> <span class='ocrx_word' id='word_1_190' title='bbox 1262 1571 1423 1612; x_wconf 86' lang='lat' dir='ltr'><strong>illorum</strong></span> <span class='ocrx_word' id='word_1_191' title='bbox 1443 1571 1538 1612; x_wconf 82' lang='lat' dir='ltr'><strong>fidei</strong></span> <span class='ocrx_word' id='word_1_192' title='bbox 1558 1572 1777 1625; x_wconf 64' lang='lat' dir='ltr'><strong>virtutique</strong></span> 
     </span>
     <span class='ocr_line' id='line_1_26' title="bbox 421 1632 669 1687; baseline -0.004 -14"><span class='ocrx_word' id='word_1_193' title='bbox 421 1632 669 1687; x_wconf 86' lang='lat' dir='ltr'><strong>permittere.</strong></span> 
     </span>
    </p>

    <p class='ocr_par' dir='ltr' id='par_1_8' title="bbox 418 1693 1780 2747">
     <span class='ocr_line' id='line_1_27' title="bbox 506 1693 1777 1744; baseline -0.001 -9"><span class='ocrx_word' id='word_1_194' title='bbox 506 1693 711 1735; x_wconf 85' lang='lat' dir='ltr'>XXXII.</span> <span class='ocrx_word' id='word_1_195' title='bbox 762 1693 931 1735; x_wconf 84' lang='lat' dir='ltr'><strong>Clamor</strong></span> <span class='ocrx_word' id='word_1_196' title='bbox 961 1700 1023 1734; x_wconf 87' lang='lat' dir='ltr'><strong>est</strong></span> <span class='ocrx_word' id='word_1_197' title='bbox 1053 1700 1138 1734; x_wconf 83' lang='lat' dir='ltr'><strong>tota</strong></span> <span class='ocrx_word' id='word_1_198' title='bbox 1163 1695 1351 1735; x_wconf 88' lang='lat' dir='ltr'><strong>contione</strong></span> <span class='ocrx_word' id='word_1_199' title='bbox 1377 1701 1508 1744; x_wconf 86' lang='lat' dir='ltr'><strong>ortus,</strong></span> <span class='ocrx_word' id='word_1_200' title='bbox 1540 1696 1598 1736; x_wconf 84' lang='lat' dir='ltr'><strong>uti</strong></span> <span class='ocrx_word' id='word_1_201' title='bbox 1622 1695 1777 1736; x_wconf 87' lang='lat' dir='ltr'><strong>bonum</strong></span> 
     </span>
     <span class='ocr_line' id='line_1_28' title="bbox 420 1756 1778 1811; baseline 0 -14"><span class='ocrx_word' id='word_1_202' title='bbox 420 1757 602 1798; x_wconf 83' lang='lat' dir='ltr'><strong>animum</strong></span> <span class='ocrx_word' id='word_1_203' title='bbox 621 1756 807 1797; x_wconf 89' lang='lat' dir='ltr'><strong>haberet:</strong></span> <span class='ocrx_word' id='word_1_204' title='bbox 833 1756 1039 1796; x_wconf 89' lang='lat' dir='ltr'><strong>neminem</strong></span> <span class='ocrx_word' id='word_1_205' title='bbox 1059 1756 1117 1796; x_wconf 90' lang='lat' dir='ltr'><strong>illi</strong></span> <span class='ocrx_word' id='word_1_206' title='bbox 1135 1756 1220 1796; x_wconf 61' lang='lat' dir='ltr'><strong>vim</strong></span> <span class='ocrx_word' id='word_1_207' title='bbox 1245 1756 1475 1797; x_wconf 87' lang='lat' dir='ltr'><strong>adlaturum</strong></span> <span class='ocrx_word' id='word_1_208' title='bbox 1502 1757 1625 1797; x_wconf 69' lang='lat' dir='ltr'><strong>salvis</strong></span> <span class='ocrx_word' id='word_1_209' title='bbox 1651 1757 1778 1811; x_wconf 88' lang='lat' dir='ltr'><strong>legio-</strong></span> 
     </span>
     <span class='ocr_line' id='line_1_29' title="bbox 419 1818 1778 1873; baseline 0 -14"><span class='ocrx_word' id='word_1_210' title='bbox 419 1819 541 1860; x_wconf 91' lang='lat' dir='ltr'><strong>nibus</strong></span> <span class='ocrx_word' id='word_1_211' title='bbox 567 1819 780 1860; x_wconf 83' lang='lat' dir='ltr'><strong>Romanis.</strong></span> <span class='ocrx_word' id='word_1_212' title='bbox 830 1818 941 1859; x_wconf 89' lang='lat' dir='ltr'><strong>haud</strong></span> <span class='ocrx_word' id='word_1_213' title='bbox 971 1818 1099 1859; x_wconf 90' lang='lat' dir='ltr'><strong>multo</strong></span> <span class='ocrx_word' id='word_1_214' title='bbox 1130 1824 1223 1873; x_wconf 89' lang='lat' dir='ltr'><strong>post</strong></span> <span class='ocrx_word' id='word_1_215' title='bbox 1250 1819 1423 1860; x_wconf 85' lang='lat' dir='ltr'><strong>dictator</strong></span> <span class='ocrx_word' id='word_1_216' title='bbox 1448 1819 1613 1860; x_wconf 83' lang='lat' dir='ltr'><strong>advenit</strong></span> <span class='ocrx_word' id='word_1_217' title='bbox 1637 1819 1778 1859; x_wconf 85' lang='lat' dir='ltr'><strong>classi-</strong></span> 
     </span>
     <span class='ocr_line' id='line_1_30' title="bbox 421 1881 1779 1936; baseline -0.001 -14"><span class='ocrx_word' id='word_1_218' title='bbox 421 1896 551 1935; x_wconf 87' lang='lat' dir='ltr'><strong>coque</strong></span> <span class='ocrx_word' id='word_1_219' title='bbox 587 1881 794 1936; x_wconf 83' lang='lat' dir='ltr'><strong>extemplo</strong></span> <span class='ocrx_word' id='word_1_220' title='bbox 832 1882 881 1922; x_wconf 89' lang='lat' dir='ltr'><strong>ad</strong></span> <span class='ocrx_word' id='word_1_221' title='bbox 927 1881 1159 1922; x_wconf 85' lang='lat' dir='ltr'><strong>contionem</strong></span> <span class='ocrx_word' id='word_1_222' title='bbox 1200 1881 1429 1922; x_wconf 70' lang='lat' dir='ltr'><strong>advocavit.</strong></span> <span class='ocrx_word' id='word_1_223' title='bbox 1490 1887 1576 1921; x_wconf 85' lang='lat' dir='ltr'><strong>tum</strong></span> <span class='ocrx_word' id='word_1_224' title='bbox 1619 1881 1779 1922; x_wconf 89' lang='lat' dir='ltr'><strong>silentio</strong></span> 
     </span>
     <span class='ocr_line' id='line_1_31' title="bbox 418 1942 1778 1998; baseline -0.001 -14"><span class='ocrx_word' id='word_1_225' title='bbox 418 1943 527 1984; x_wconf 87' lang='lat' dir='ltr'><strong>facto</strong></span> <span class='ocrx_word' id='word_1_226' title='bbox 553 1958 701 1998; x_wconf 85' lang='lat' dir='ltr'><strong>praeeo</strong></span> <span class='ocrx_word' id='word_1_227' title='bbox 728 1942 780 1996; x_wconf 93' lang='lat' dir='ltr'><strong>Q.</strong></span> <span class='ocrx_word' id='word_1_228' title='bbox 807 1943 984 1984; x_wconf 86' lang='lat' dir='ltr'><strong>Fabium</strong></span> <span class='ocrx_word' id='word_1_229' title='bbox 1010 1943 1254 1998; x_wconf 87' lang='lat' dir='ltr'><strong>magistrum</strong></span> <span class='ocrx_word' id='word_1_230' title='bbox 1287 1943 1468 1996; x_wconf 89' lang='lat' dir='ltr'><strong>equitum</strong></span> <span class='ocrx_word' id='word_1_231' title='bbox 1501 1942 1651 1983; x_wconf 79' lang='lat' dir='ltr'><strong>citavit.</strong></span> <span class='ocrx_word' id='word_1_232' title='bbox 1709 1942 1778 1995; x_wconf 90' lang='lat' dir='ltr'><strong>qui</strong></span> 
     </span>
     <span class='ocr_line' id='line_1_32' title="bbox 422 2005 1777 2053; baseline -0.001 -7"><span class='ocrx_word' id='word_1_233' title='bbox 422 2005 544 2046; x_wconf 90' lang='lat' dir='ltr'><strong>simul</strong></span> <span class='ocrx_word' id='word_1_234' title='bbox 570 2021 620 2046; x_wconf 85' lang='lat' dir='ltr'><strong>cx</strong></span> <span class='ocrx_word' id='word_1_235' title='bbox 645 2005 837 2046; x_wconf 86' lang='lat' dir='ltr'><strong>inferiore</strong></span> <span class='ocrx_word' id='word_1_236' title='bbox 863 2006 952 2046; x_wconf 91' lang='lat' dir='ltr'><strong>loco</strong></span> <span class='ocrx_word' id='word_1_237' title='bbox 979 2005 1031 2046; x_wconf 88' lang='lat' dir='ltr'><strong>ad</strong></span> <span class='ocrx_word' id='word_1_238' title='bbox 1056 2005 1234 2046; x_wconf 84' lang='lat' dir='ltr'><strong>tribunal</strong></span> <span class='ocrx_word' id='word_1_239' title='bbox 1260 2005 1451 2053; x_wconf 83' lang='lat' dir='ltr'><strong>accessit,</strong></span> <span class='ocrx_word' id='word_1_240' title='bbox 1479 2011 1565 2045; x_wconf 87' lang='lat' dir='ltr'><strong>tum</strong></span> <span class='ocrx_word' id='word_1_241' title='bbox 1585 2005 1777 2044; x_wconf 87' lang='lat' dir='ltr'><strong>dictator:</strong></span> 
     </span>
     <span class='ocr_line' id='line_1_33' title="bbox 421 2067 1779 2121; baseline -0.001 -13"><span class='ocrx_word' id='word_1_242' title='bbox 421 2068 610 2121; x_wconf 85' lang='lat' dir='ltr'><strong>‘quaero&#39;</strong></span> <span class='ocrx_word' id='word_1_243' title='bbox 635 2068 768 2121; x_wconf 85' lang='lat' dir='ltr'><strong>inquit</strong></span> <span class='ocrx_word' id='word_1_244' title='bbox 794 2069 862 2108; x_wconf 91' lang='lat' dir='ltr'><strong>‘dc</strong></span> <span class='ocrx_word' id='word_1_245' title='bbox 889 2075 946 2118; x_wconf 90' lang='lat' dir='ltr'><strong>te,</strong></span> <span class='ocrx_word' id='word_1_246' title='bbox 975 2068 1027 2121; x_wconf 88' lang='lat' dir='ltr'><strong>Q.</strong></span> <span class='ocrx_word' id='word_1_247' title='bbox 1053 2068 1177 2117; x_wconf 86' lang='lat' dir='ltr'><strong>Fabi,</strong></span> <span class='ocrx_word' id='word_1_248' title='bbox 1210 2083 1302 2108; x_wconf 88' lang='lat' dir='ltr'><strong>eum</strong></span> <span class='ocrx_word' id='word_1_249' title='bbox 1330 2082 1537 2108; x_wconf 90' lang='lat' dir='ltr'><strong>summum</strong></span> <span class='ocrx_word' id='word_1_250' title='bbox 1562 2067 1779 2121; x_wconf 88' lang='lat' dir='ltr'><strong>imperium</strong></span> 
     </span>
     <span class='ocr_line' id='line_1_34' title="bbox 421 2129 1780 2185; baseline -0.002 -14"><span class='ocrx_word' id='word_1_251' title='bbox 421 2130 631 2171; x_wconf 83' lang='lat' dir='ltr'><strong>dictatoris</strong></span> <span class='ocrx_word' id='word_1_252' title='bbox 659 2130 710 2171; x_wconf 87' lang='lat' dir='ltr'><strong>sit</strong></span> <span class='ocrx_word' id='word_1_253' title='bbox 734 2137 985 2185; x_wconf 88' lang='lat' dir='ltr'><strong>pareantque</strong></span> <span class='ocrx_word' id='word_1_254' title='bbox 1011 2130 1047 2171; x_wconf 89' lang='lat' dir='ltr'><strong>ei</strong></span> <span class='ocrx_word' id='word_1_255' title='bbox 1067 2129 1276 2179; x_wconf 86' lang='lat' dir='ltr'><strong>eonsules,</strong></span> <span class='ocrx_word' id='word_1_256' title='bbox 1303 2130 1417 2184; x_wconf 85' lang='lat' dir='ltr'><strong>regia</strong></span> <span class='ocrx_word' id='word_1_257' title='bbox 1435 2135 1637 2183; x_wconf 87' lang='lat' dir='ltr'><strong>potestas,</strong></span> <span class='ocrx_word' id='word_1_258' title='bbox 1663 2142 1780 2182; x_wconf 85' lang='lat' dir='ltr'><strong>prac-</strong></span> 
     </span>
     <span class='ocr_line' id='line_1_35' title="bbox 418 2192 1779 2247; baseline -0.003 -14"><span class='ocrx_word' id='word_1_259' title='bbox 418 2199 526 2233; x_wconf 88' lang='lat' dir='ltr'><strong>tores</strong></span> <span class='ocrx_word' id='word_1_260' title='bbox 552 2192 685 2233; x_wconf 89' lang='lat' dir='ltr'><strong>isdem</strong></span> <span class='ocrx_word' id='word_1_261' title='bbox 711 2192 904 2247; x_wconf 78' lang='lat' dir='ltr'><strong>auspiciis</strong></span> <span class='ocrx_word' id='word_1_262' title='bbox 931 2192 1081 2246; x_wconf 87' lang='lat' dir='ltr'><strong>quibus</strong></span> <span class='ocrx_word' id='word_1_263' title='bbox 1108 2192 1298 2233; x_wconf 89' lang='lat' dir='ltr'><strong>consules</strong></span> <span class='ocrx_word' id='word_1_264' title='bbox 1319 2192 1460 2240; x_wconf 85' lang='lat' dir='ltr'><strong>creati,</strong></span> <span class='ocrx_word' id='word_1_265' title='bbox 1488 2205 1665 2244; x_wconf 89' lang='lat' dir='ltr'><strong>aequum</strong></span> <span class='ocrx_word' id='word_1_266' title='bbox 1685 2204 1779 2230; x_wconf 90' lang='lat' dir='ltr'><strong>cen-</strong></span> 
     </span>
     <span class='ocr_line' id='line_1_36' title="bbox 419 2251 1779 2310; baseline -0.003 -14"><span class='ocrx_word' id='word_1_267' title='bbox 419 2269 510 2296; x_wconf 85' lang='lat' dir='ltr'><strong>seas</strong></span> <span class='ocrx_word' id='word_1_268' title='bbox 546 2269 695 2304; x_wconf 87' lang='lat' dir='ltr'><strong>necne,</strong></span> <span class='ocrx_word' id='word_1_269' title='bbox 744 2255 989 2310; x_wconf 87' lang='lat' dir='ltr'><strong>magistrum</strong></span> <span class='ocrx_word' id='word_1_270' title='bbox 1027 2255 1210 2308; x_wconf 89' lang='lat' dir='ltr'><strong>equitum</strong></span> <span class='ocrx_word' id='word_1_271' title='bbox 1247 2255 1356 2295; x_wconf 76' lang='lat' dir='ltr'><strong>dieto</strong></span> <span class='ocrx_word' id='word_1_272' title='bbox 1393 2253 1627 2294; x_wconf 85' lang='lat' dir='ltr'><strong>audientem</strong></span> <span class='ocrx_word' id='word_1_273' title='bbox 1663 2251 1779 2293; x_wconf 79' lang='lat' dir='ltr'><strong>esse?</strong></span> 
     </span>
     <span class='ocr_line' id='line_1_37' title="bbox 419 2315 1779 2373; baseline -0.001 -16"><span class='ocrx_word' id='word_1_274' title='bbox 419 2318 599 2371; x_wconf 87' lang='lat' dir='ltr'><strong>itemque</strong></span> <span class='ocrx_word' id='word_1_275' title='bbox 635 2317 737 2358; x_wconf 87' lang='lat' dir='ltr'><strong>illud</strong></span> <span class='ocrx_word' id='word_1_276' title='bbox 772 2317 998 2373; x_wconf 83' lang='lat' dir='ltr'><strong>interrog·0,</strong></span> <span class='ocrx_word' id='word_1_277' title='bbox 1037 2333 1129 2358; x_wconf 88' lang='lat' dir='ltr'><strong>cum</strong></span> <span class='ocrx_word' id='word_1_278' title='bbox 1162 2332 1226 2358; x_wconf 90' lang='lat' dir='ltr'><strong>me</strong></span> <span class='ocrx_word' id='word_1_279' title='bbox 1258 2317 1423 2357; x_wconf 86' lang='lat' dir='ltr'><strong>incertis</strong></span> <span class='ocrx_word' id='word_1_280' title='bbox 1455 2315 1649 2370; x_wconf 84' lang='lat' dir='ltr'><strong>auspiciis</strong></span> <span class='ocrx_word' id='word_1_281' title='bbox 1685 2329 1779 2369; x_wconf 90' lang='lat' dir='ltr'><strong>pro-</strong></span> 
     </span>
     <span class='ocr_line' id='line_1_38' title="bbox 419 2376 1777 2432; baseline -0.002 -13"><span class='ocrx_word' id='word_1_282' title='bbox 419 2379 573 2420; x_wconf 86' lang='lat' dir='ltr'><strong>fectum</strong></span> <span class='ocrx_word' id='word_1_283' title='bbox 599 2379 650 2421; x_wconf 87' lang='lat' dir='ltr'><strong>ab</strong></span> <span class='ocrx_word' id='word_1_284' title='bbox 677 2380 800 2421; x_wconf 89' lang='lat' dir='ltr'><strong>domo</strong></span> <span class='ocrx_word' id='word_1_285' title='bbox 827 2381 991 2429; x_wconf 82' lang='lat' dir='ltr'><strong>scirem,</strong></span> <span class='ocrx_word' id='word_1_286' title='bbox 1026 2387 1161 2420; x_wconf 86' lang='lat' dir='ltr'><strong>utrum</strong></span> <span class='ocrx_word' id='word_1_287' title='bbox 1187 2379 1287 2419; x_wconf 85' lang='lat' dir='ltr'><strong>mihi</strong></span> <span class='ocrx_word' id='word_1_288' title='bbox 1313 2378 1484 2419; x_wconf 87' lang='lat' dir='ltr'><strong>turbatis</strong></span> <span class='ocrx_word' id='word_1_289' title='bbox 1510 2376 1777 2432; x_wconf 81' lang='lat' dir='ltr'><strong>religionibus</strong></span> 
     </span>
     <span class='ocr_line' id='line_1_39' title="bbox 421 2437 1779 2496; baseline -0.002 -15"><span class='ocrx_word' id='word_1_290' title='bbox 421 2455 485 2482; x_wconf 86' lang='lat' dir='ltr'><strong>res</strong></span> <span class='ocrx_word' id='word_1_291' title='bbox 516 2441 682 2496; x_wconf 83' lang='lat' dir='ltr'><strong>publiea</strong></span> <span class='ocrx_word' id='word_1_292' title='bbox 712 2443 754 2482; x_wconf 89' lang='lat' dir='ltr'><strong>in</strong></span> <span class='ocrx_word' id='word_1_293' title='bbox 785 2442 1002 2483; x_wconf 85' lang='lat' dir='ltr'><strong>discrimen</strong></span> <span class='ocrx_word' id='word_1_294' title='bbox 1036 2441 1328 2482; x_wconf 82' lang='lat' dir='ltr'><strong>committenda</strong></span> <span class='ocrx_word' id='word_1_295' title='bbox 1359 2440 1481 2481; x_wconf 85' lang='lat' dir='ltr'><strong>fuerit</strong></span> <span class='ocrx_word' id='word_1_296' title='bbox 1513 2455 1565 2480; x_wconf 91' lang='lat' dir='ltr'><strong>an</strong></span> <span class='ocrx_word' id='word_1_297' title='bbox 1596 2437 1779 2493; x_wconf 82' lang='lat' dir='ltr'><strong>auspicia</strong></span> 
     </span>
     <span class='ocr_line' id='line_1_40' title="bbox 420 2501 1777 2558; baseline -0.002 -15"><span class='ocrx_word' id='word_1_298' title='bbox 420 2504 660 2557; x_wconf 86' lang='lat' dir='ltr'><strong>repetenda,</strong></span> <span class='ocrx_word' id='word_1_299' title='bbox 693 2519 744 2545; x_wconf 92' lang='lat' dir='ltr'><strong>ne</strong></span> <span class='ocrx_word' id='word_1_300' title='bbox 770 2505 867 2558; x_wconf 85' lang='lat' dir='ltr'><strong>quid</strong></span> <span class='ocrx_word' id='word_1_301' title='bbox 893 2504 1028 2545; x_wconf 84' lang='lat' dir='ltr'><strong>dubiis</strong></span> <span class='ocrx_word' id='word_1_302' title='bbox 1056 2504 1118 2544; x_wconf 90' lang='lat' dir='ltr'><strong>dis</strong></span> <span class='ocrx_word' id='word_1_303' title='bbox 1145 2503 1335 2558; x_wconf 83' lang='lat' dir='ltr'><strong>agerem?</strong></span> <span class='ocrx_word' id='word_1_304' title='bbox 1371 2502 1493 2543; x_wconf 86' lang='lat' dir='ltr'><strong>simul</strong></span> <span class='ocrx_word' id='word_1_305' title='bbox 1522 2501 1640 2550; x_wconf 88' lang='lat' dir='ltr'><strong>illud,</strong></span> <span class='ocrx_word' id='word_1_306' title='bbox 1673 2513 1777 2553; x_wconf 85' lang='lat' dir='ltr'><strong>quae</strong></span> 
     </span>
     <span class='ocr_line' id='line_1_41' title="bbox 418 2564 1775 2621; baseline -0.001 -17"><span class='ocrx_word' id='word_1_307' title='bbox 418 2565 605 2607; x_wconf 82' lang='lat' dir='ltr'><strong>dictatori</strong></span> <span class='ocrx_word' id='word_1_308' title='bbox 630 2566 773 2621; x_wconf 89' lang='lat' dir='ltr'><strong>religio</strong></span> <span class='ocrx_word' id='word_1_309' title='bbox 799 2567 1078 2621; x_wconf 87' lang='lat' dir='ltr'><strong>inpedimento</strong></span> <span class='ocrx_word' id='word_1_310' title='bbox 1099 2566 1150 2606; x_wconf 86' lang='lat' dir='ltr'><strong>ad</strong></span> <span class='ocrx_word' id='word_1_311' title='bbox 1170 2581 1254 2606; x_wconf 88' lang='lat' dir='ltr'><strong>rem</strong></span> <span class='ocrx_word' id='word_1_312' title='bbox 1274 2565 1496 2621; x_wconf 88' lang='lat' dir='ltr'><strong>gerendam</strong></span> <span class='ocrx_word' id='word_1_313' title='bbox 1516 2564 1650 2611; x_wconf 88' lang='lat' dir='ltr'><strong>fuerit,</strong></span> <span class='ocrx_word' id='word_1_314' title='bbox 1676 2577 1775 2603; x_wconf 88' lang='lat' dir='ltr'><strong>num</strong></span> 
     </span>
     <span class='ocr_line' id='line_1_42' title="bbox 419 2623 1774 2683; baseline -0.002 -17"><span class='ocrx_word' id='word_1_315' title='bbox 419 2641 467 2667; x_wconf 84' lang='lat' dir='ltr'><strong>ea</strong></span> <span class='ocrx_word' id='word_1_316' title='bbox 502 2629 700 2683; x_wconf 89' lang='lat' dir='ltr'><strong>magister</strong></span> <span class='ocrx_word' id='word_1_317' title='bbox 730 2629 914 2683; x_wconf 88' lang='lat' dir='ltr'><strong>equitum</strong></span> <span class='ocrx_word' id='word_1_318' title='bbox 946 2629 1103 2670; x_wconf 92' lang='lat' dir='ltr'><strong>solutus</strong></span> <span class='ocrx_word' id='word_1_319' title='bbox 1135 2643 1182 2669; x_wconf 89' lang='lat' dir='ltr'><strong>ac</strong></span> <span class='ocrx_word' id='word_1_320' title='bbox 1213 2627 1315 2668; x_wconf 87' lang='lat' dir='ltr'><strong>liber</strong></span> <span class='ocrx_word' id='word_1_321' title='bbox 1345 2627 1521 2682; x_wconf 84' lang='lat' dir='ltr'><strong>potuerit</strong></span> <span class='ocrx_word' id='word_1_322' title='bbox 1552 2625 1668 2666; x_wconf 85' lang='lat' dir='ltr'><strong>esse&#39;?</strong></span> <span class='ocrx_word' id='word_1_323' title='bbox 1703 2623 1774 2663; x_wconf 90' lang='lat' dir='ltr'><strong>sed</strong></span> 
     </span>
     <span class='ocr_line' id='line_1_43' title="bbox 419 2687 1773 2747; baseline -0.002 -20"><span class='ocrx_word' id='word_1_324' title='bbox 419 2689 517 2741; x_wconf 90' lang='lat' dir='ltr'><strong>quid</strong></span> <span class='ocrx_word' id='word_1_325' title='bbox 553 2705 630 2744; x_wconf 88' lang='lat' dir='ltr'><strong>ego</strong></span> <span class='ocrx_word' id='word_1_326' title='bbox 667 2691 770 2733; x_wconf 87' lang='lat' dir='ltr'><strong>haec</strong></span> <span class='ocrx_word' id='word_1_327' title='bbox 805 2692 1031 2747; x_wconf 86' lang='lat' dir='ltr'><strong>interrogo,</strong></span> <span class='ocrx_word' id='word_1_328' title='bbox 1070 2707 1182 2740; x_wconf 87' lang='lat' dir='ltr'><strong>eum,</strong></span> <span class='ocrx_word' id='word_1_329' title='bbox 1222 2691 1256 2732; x_wconf 87' lang='lat' dir='ltr'><strong>si</strong></span> <span class='ocrx_word' id='word_1_330' title='bbox 1288 2706 1365 2745; x_wconf 86' lang='lat' dir='ltr'><strong>ego</strong></span> <span class='ocrx_word' id='word_1_331' title='bbox 1397 2690 1543 2731; x_wconf 87' lang='lat' dir='ltr'><strong>tacitus</strong></span> <span class='ocrx_word' id='word_1_332' title='bbox 1580 2687 1773 2735; x_wconf 88' lang='lat' dir='ltr'><strong>abissem,</strong></span> 
     </span>
    </p>
   </div>
  </div>
 </body>
</html>
