1780 3204
416 242 569 278 LIBER
592 243 721 287 VIIII,
747 243 800 276 23.
819 242 873 276 24.
902 245 950 285 [a.
965 241 1004 276 C.
1018 242 1094 277 315.
1115 242 1196 286 314]
1398 233 1478 274 4th

129 349 386 403 direptaque,
418 362 591 401 quorum
623 346 773 402 praeda
800 352 993 387 onustum
1026 346 1194 387 militem
1226 346 1267 386 in
1293 346 1481 387 Romana

130 417 261 451 eastra
287 410 459 450 dictator
482 409 651 458 reducit,
670 408 991 461 haudquaquam
1016 415 1100 449 tam
1118 408 1289 449 victoria
1313 408 1478 457 laetum,

129 487 253 526 quam
278 472 388 525 quod
412 478 573 526 praeter
597 471 788 525 exiguam
814 470 1084 512 deformatam
1109 471 1297 511 incendio
1322 477 1479 525 partem

129 541 263 575 cetera
289 540 428 574 contra
454 548 568 587 spem
596 533 709 574 salva
733 533 899 573 invenit.

213 595 413 635 XXIIII.
456 594 528 635 Ad
555 593 701 635 Soram
732 594 826 634 inde
856 594 1051 635 reditum:
1087 595 1264 648 novique
1290 594 1479 635 consules
1510 607 1522 635 1

129 657 189 697 Μ.
215 657 443 706 Poetelius,
472 656 521 697 C.
550 655 759 711 Sulpicius
791 656 1015 697 exercitum
1046 656 1097 697 ab
1129 657 1326 697 dictatore
1350 656 1482 697 Fabio

130 720 334 773 accipiunt
358 734 510 773 magna
534 725 647 773 parte
673 725 857 759 veterum
881 719 1055 759 militum
1081 719 1252 760 dimissa
1276 719 1479 772 novisque

130 781 363 821 cohortibus
378 781 420 821 in
435 781 767 835 supplementum
782 781 982 821 adductis.
1016 787 1196 821 ceterum
1210 796 1302 822 cum
1316 788 1481 835 propter

129 842 338 882 difficilem
363 842 474 883 urbis
502 843 625 883 situm
651 857 724 882 nec
745 842 1010 896 oppugnandi
1036 842 1134 883 satis
1160 850 1270 883 certa
1293 843 1396 883 ratio
1421 842 1482 882 111-

128 905 252 945 iretur
271 911 310 945 et
329 911 397 945 aut
418 911 598 958 tempore
616 904 841 959 longinqua
860 912 928 945 aut
946 919 1142 959 praeceps
1161 905 1341 959 periculo
1356 904 1482 944 victo-

127 967 185 1006 ria
206 975 326 1015 esset,
351 965 532 1007 Soranus
553 966 768 1021 transfuga
788 966 892 1006 clam
913 981 963 1006 ex
982 966 1133 1020 oppido
1158 966 1367 1021 profectus
1388 981 1481 1007 eum
1507 978 1525 1006 :3

128 1028 179 1068 ad
204 1028 349 1081 vigiles
365 1028 573 1068 Romanos
598 1034 865 1082 penetrasset,
892 1028 986 1068 duci
1012 1043 1056 1068 se
1082 1028 1287 1082 extemplo
1313 1028 1365 1068 ad
1386 1042 1482 1068 con-

128 1090 235 1130 sules
256 1089 369 1130 iubet
388 1090 669 1143 deductusque
689 1090 929 1130 traditurum
951 1089 1094 1130 urbem
1111 1089 1322 1143 promittit.
1365 1089 1479 1129 visus
1505 1100 1525 1127 4

127 1152 233 1199 inde,
254 1166 347 1191 cum
367 1166 545 1205 quonam
565 1152 686 1192 modo
711 1152 753 1191 id
777 1158 1058 1205 praestaturus
1079 1157 1188 1191 esset
1211 1157 1481 1205 percunctan-

127 1225 187 1253 tes
214 1213 395 1261 doeeret,
428 1213 538 1253 haud
562 1228 669 1253 vana
693 1212 871 1261 adferre,
903 1212 1097 1266 perpulit,
1130 1226 1257 1266 prope
1289 1212 1482 1252 adiuncta

127 1274 342 1315 moenibus
367 1275 556 1317 Romana
581 1280 714 1315 eastra
738 1280 784 1314 ut
810 1288 883 1315 sex
907 1274 1019 1314 milia
1044 1273 1095 1314 ab
1122 1274 1273 1328 oppido
1297 1288 1482 1314 remove-

126 1342 280 1376 rentur:
309 1336 408 1384 fore,
429 1341 472 1375 ut
491 1336 626 1376 minus
651 1335 831 1376 intentae
855 1335 897 1375 in
917 1335 1147 1376 custodiam
1172 1335 1286 1377 urbis
1313 1336 1481 1376 diurnae
1508 1356 1526 1375 ›

126 1397 320 1438 stationes
341 1411 387 1437 ac
400 1403 623 1437 nocturnae
637 1397 802 1452 vigiliae
822 1404 971 1438 essent.
1003 1397 1093 1451 ipse
1114 1397 1345 1451 insequenti
1363 1403 1482 1438 noete

125 1458 200 1499 sub
221 1459 370 1512 oppido
391 1458 647 1500 silvestribus
672 1459 773 1499 loeis
800 1458 1037 1499 cohortibus
1064 1459 1240 1499 insidere
1265 1459 1389 1500 iussis
1411 1459 1481 1499 de-

125 1535 213 1561 cem
243 1520 391 1561 milites
424 1520 603 1561 delectos
638 1535 779 1561 secum
810 1535 884 1575 per
913 1521 1040 1561 ardua
1072 1535 1119 1561 ac
1149 1535 1276 1574 prope
1306 1521 1417 1560 invia
1441 1521 1482 1560 in

124 1596 259 1622 arcem
284 1582 412 1631 ducit,
444 1582 630 1636 pluribus
656 1597 780 1636 quam
811 1597 884 1637 pro
910 1597 1080 1623 numero
1105 1583 1287 1623 virorum
1317 1582 1482 1622 missili-

124 1643 201 1684 bus
228 1644 319 1683 telis
346 1658 394 1683 eo
420 1644 604 1685 conlatis.
654 1645 707 1684 ad
736 1644 815 1685 1100
842 1659 942 1684 saxa
967 1650 1081 1684 erant
1107 1651 1145 1684 et
1170 1651 1322 1684 temere
1347 1643 1482 1684 iacen-
1508 1656 1526 1686 6

125 1705 197 1754 tia,
223 1712 269 1745 ut
294 1705 338 1745 fit
363 1706 401 1745 in
429 1706 616 1759 aspretis,
643 1713 683 1746 et
707 1706 757 1746 de
782 1706 984 1746 industria
1009 1706 1144 1754 etiam,
1171 1720 1253 1758 quo
1278 1705 1393 1746 locus
1419 1712 1482 1745 tu-

125 1767 203 1807 tior
233 1773 361 1815 esset,
394 1766 445 1806 ab
477 1767 693 1820 oppidanis
725 1774 933 1821 congesta.
982 1766 1054 1807 ubi
1084 1781 1178 1807 cum
1204 1766 1483 1807 constituisset
1508 1780 1525 1808 7

126 1829 337 1868 Romanos
361 1828 630 1881 semitamque
651 1836 870 1883 angustam
890 1835 929 1868 et
948 1828 1118 1869 arduam
1144 1835 1319 1869 erectam
1339 1843 1391 1868 ex
1411 1843 1484 1883 op-

126 1890 222 1944 pido
240 1890 283 1929 in
301 1904 434 1930 arcem
456 1890 721 1931 ostendisset:
747 1890 841 1931 ‘hoc
855 1890 1019 1943 quidem
1040 1890 1231 1931 ascensu'
1250 1890 1380 1944 inquit
1401 1890 1483 1931 ‘vel

127 1958 206 1991 tres
228 1951 371 1991 armati
385 1951 610 2004 quamlibet
629 1952 931 1992 multitudinem
952 1952 1172 1992 arcuerint:
1193 1967 1266 1993 vos
1287 1959 1324 1992 et
1339 1953 1481 1993 decem
1507 1964 1526 1994 8

126 2027 296 2053 numero
322 2019 373 2061 et,
400 2013 510 2065 quod
535 2013 627 2067 plus
654 2020 727 2063 est,
754 2013 932 2054 Romani
957 2013 1320 2067 Romanorumque
1344 2013 1484 2054 fortis-

130 2075 221 2115 simi
246 2074 322 2114 viri
348 2074 458 2115 estis.
497 2082 536 2115 et
560 2075 675 2116 locus
700 2090 775 2129 pro
800 2075 918 2116 vobis
944 2082 983 2116 et
1007 2090 1090 2116 nox
1115 2075 1201 2124 erit,
1222 2090 1326 2131 quae
1347 2076 1484 2116 omnia

128 2152 179 2176 ex
203 2137 357 2177 incerto
382 2136 537 2177 maiora
561 2137 709 2177 territis
736 2143 924 2179 ostentat.
961 2152 1038 2191 ego
1063 2137 1145 2177 iam
1170 2143 1322 2178 terrore
1347 2138 1485 2178 omnia

127 2198 310 2252 inplebo,
337 2213 411 2239 vos
438 2213 573 2239 arcem
603 2199 746 2239 intenti
777 2199 936 2240 tenete.'
985 2199 1163 2240 decurrit
1192 2199 1300 2248 inde,
1327 2206 1480 2252 quanto
1506 2211 1524 2240 9

129 2260 306 2301 maxime
330 2267 490 2315 poterat
515 2275 608 2301 cum
633 2261 828 2302 tumultu:
856 2261 928 2302 ‘ad
952 2261 1081 2302 arma'
1108 2268 1164 2301 et:
1193 2265 1285 2316 ‘pro
1304 2268 1484 2302 vestram

129 2323 264 2371 fidem,
292 2322 428 2371 cives?
454 2322 666 2364 clamitans
694 2327 784 2364 ‘arx
809 2323 860 2364 ab
885 2323 1072 2364 hostibus
1099 2328 1218 2377 capta
1243 2329 1316 2370 est,
1343 2322 1484 2363 defen-

130 2384 224 2432 dite,
245 2383 323 2424 ite?
360 2384 461 2424 haec
475 2384 658 2425 incidens
672 2385 901 2439 principum
921 2384 1091 2433 foribus,
1106 2384 1208 2425 haec
1222 2384 1367 2433 obviis,
1383 2384 1483 2425 hacc
1511 2396 1550 2425 10

131 2445 439 2488 excurrentibus
464 2446 507 2486 in
530 2445 740 2500 publicum
766 2447 926 2500 pavidis
952 2446 1147 2500 increpat.
1191 2453 1405 2500 acceptum
1431 2445 1482 2486 ab

131 2522 212 2548 uno
232 2522 426 2561 pavorem
443 2508 582 2562 plures
607 2523 681 2562 per
699 2507 843 2549 urbem
867 2508 1014 2548 ferunt.
1054 2508 1201 2562 trepidi
1218 2508 1481 2563 magistratus
1510 2521 1545 2549 11

131 2569 267 2609 missis
293 2569 345 2609 ad
370 2584 505 2610 arcem
524 2570 847 2624 exploratoribus
869 2585 962 2610 cum
987 2569 1067 2610 tela
1087 2576 1125 2610 et
1145 2576 1320 2610 armatos
1346 2576 1482 2610 tenere

132 2646 267 2672 arcem
285 2631 554 2686 multiplicato
573 2647 741 2673 numero
761 2633 960 2681 audirent,
981 2638 1170 2672 avertunt
1189 2631 1346 2672 animos
1367 2647 1390 2672 a
1411 2646 1482 2686 spe

131 2694 432 2748 recuperandae
457 2694 580 2743 arcis3
618 2694 720 2749 fuga
744 2701 890 2735 cuneta
916 2694 1158 2749 conplentur
1181 2699 1404 2747 portaeque
1429 2693 1480 2734 ab
1510 2704 1548 2734 1⁴2

1190 2759 1257 2792 30*

1506 792 1523 820 [ὑ
