1780 3204
452 217 607 252 LIBER
630 216 721 260 vn,
747 216 800 250 20.
820 215 874 248 21.
902 217 950 258 [a.
965 212 1002 248 c.
1016 213 1092 248 353.
1111 212 1193 255 352]
1430 201 1509 243 371

167 333 281 367 vetus
312 323 520 371 meritum,
558 328 600 361 ut
631 319 820 361 maleficii
851 333 974 372 quam
1005 316 1193 358 beneficii
1222 315 1358 370 potius
1384 315 1513 355 inme-

165 402 299 429 mores
325 391 473 427 essent.
516 384 653 436 itaque
672 397 755 437 pax
773 380 925 436 populo
941 379 1095 421 Caeriti
1113 379 1225 428 data,
1250 377 1512 430 indutiasque

166 450 206 490 in
232 456 394 490 centum
419 460 547 487 annos
572 445 703 486 factas
728 444 770 484 in
795 450 961 484 senatus
993 442 1226 484 consultum
1255 439 1398 481 referri
1428 439 1516 494 pla-

167 511 261 552 cuit.
304 510 345 550 in
364 508 549 550 Faliscos
575 507 718 548 eodem
743 506 888 547 noxios
915 505 1082 546 crimine
1106 504 1169 545 vis
1195 503 1291 544 belli
1317 517 1517 543 conversa
1542 515 1559 545 9

168 581 247 623 est,
281 572 352 613 sed
377 571 515 611 hostes
541 584 746 623 nusquam
770 568 936 609 inventi.
986 582 1079 608 cum
1111 565 1374 621 populatione
1397 579 1516 619 pera-

168 635 274 691 grati
303 634 405 674 fines
437 639 592 681 essent,
630 630 680 672 ab
707 630 1012 685 oppugnatione
1036 628 1200 670 urbium
1225 633 1515 682 temperatum3

168 695 480 752 legionibusque
499 694 675 734 Romam
694 691 873 732 reductis
911 690 1081 731 relicum
1126 689 1221 731 anni
1245 688 1373 730 muris
1399 687 1518 728 turri-

169 759 329 811 busque
364 755 594 797 1eficiendis
632 760 920 809 consumptum
950 759 990 794 et
1021 752 1134 794 aedis
1165 750 1373 806 Apollinis
1404 749 1518 791 dedi-

169 827 260 861 cata
284 825 356 860 est.

253 880 384 922 XXI.
443 880 645 920 Extremo
687 892 795 919 anno
838 877 1001 918 comitia
1043 876 1275 918 consularia
1311 880 1517 916 certamen
1547 884 1560 911 1

169 950 330 999 patrum
367 956 413 982 ac
449 940 581 996 plebis
617 940 796 988 diremit,
835 939 1007 980 tribunis
1038 937 1285 994 negantibus
1321 950 1517 991 passuros

170 1005 333 1047 comitia
356 1003 515 1052 haberi,
547 1003 589 1043 ni
615 1002 842 1043 secundum
865 1001 1073 1042 Liciniam
1097 1001 1234 1056 legem
1258 999 1518 1046 haberentur,

169 1068 364 1108 dictatore
395 1065 600 1106 obstinato
631 1064 771 1105 tollere
801 1063 937 1118 potius
963 1069 1093 1104 totum
1119 1077 1140 1103 e
1165 1077 1208 1102 re
1232 1061 1399 1116 publica
1423 1074 1520 1100 con-

169 1129 347 1170 sulatum
372 1142 495 1180 quam
520 1126 771 1180 promiscum
794 1125 979 1179 patribus
1011 1138 1058 1164 ac
1087 1123 1199 1178 plebi
1229 1124 1377 1163 facere.
1426 1135 1520 1175 pro·
1545 1131 1563 1159 2

167 1190 342 1231 latandis
378 1189 502 1243 igitur
537 1187 711 1228 comitiis
748 1201 842 1227 cum
873 1186 1045 1226 dictator
1074 1185 1319 1240 magistratu
1349 1182 1517 1231 abisset,

168 1266 231 1292 res
257 1251 308 1291 ad
332 1251 609 1304 interregnum
634 1248 765 1289 rediit.
808 1248 1002 1288 infestam
1026 1247 1121 1288 inde
1145 1246 1330 1302 patribus
1355 1244 1520 1300 plebem

166 1314 389 1366 interreges
416 1326 509 1352 cum
534 1310 808 1365 accepissent,
835 1310 887 1350 ad
907 1309 1171 1350 undecimum
1189 1309 1435 1363 interregem
1457 1321 1520 1347 se-

166 1373 387 1414 ditionibus
414 1379 611 1413 certatum
638 1378 711 1412 est.
748 1371 852 1426 legis
866 1371 1054 1412 Liciniae
1073 1370 1346 1425 patrocinium
1367 1368 1519 1410 tribuni
1546 1381 1564 1409 3

165 1435 387 1485 iactabant3
417 1435 583 1490 propior
607 1434 722 1475 dolor
745 1433 856 1488 plebi
880 1433 1060 1475 faenoris
1084 1432 1408 1488 ingravescentis
1435 1437 1521 1472 erat

166 1512 367 1551 curaeque
396 1497 580 1551 privatae
616 1496 659 1537 in
695 1496 985 1537 certaminibus
1021 1495 1198 1551 publicis
1237 1493 1518 1549 erumpebant.

166 1575 339 1615 quorum
364 1560 498 1600 taedio
523 1565 660 1613 patres
679 1559 732 1599 L.
749 1558 988 1600 Cornelium
1011 1557 1249 1612 Scipionem
1273 1557 1521 1610 interregem
1546 1568 1566 1597 4

166 1622 406 1664 concordiae
433 1636 559 1662 causa
583 1620 802 1662 observare
826 1620 962 1675 legem
987 1620 1195 1660 Liciniam
1221 1619 1397 1660 comitiis
1424 1632 1521 1658 con-

168 1684 370 1725 sularibus
401 1684 570 1724 iussere.
631 1682 679 1723 P.
711 1681 878 1723 Valerio
908 1681 1148 1722 Publicolae
1184 1681 1305 1722 datus
1343 1694 1364 1720 e
1400 1678 1520 1734 plebe

167 1746 325 1800 collega
345 1745 393 1786 C.
407 1744 592 1785 Marcius
611 1744 790 1785 Rutilus.
828 1744 1032 1784 inclinatis
1054 1743 1181 1784 semel
1198 1743 1241 1783 in
1260 1741 1521 1783 concordiam
1547 1753 1565 1781 5

168 1807 313 1848 animis
332 1807 428 1847 novi
446 1806 634 1847 consules
648 1805 884 1846 faenebrem
899 1819 1062 1858 quoque
1081 1819 1180 1854 rem,
1202 1818 1306 1858 quae
1326 1803 1520 1844 distinere

168 1868 383 1909 unanimos
404 1867 630 1916 videbatur,
650 1867 786 1908 levare
806 1866 992 1922 adgressi
1011 1866 1255 1907 solutionem
1275 1865 1397 1906 alieni
1416 1865 1520 1905 aeris

168 1930 210 1970 in
239 1929 447 1984 publicam
478 1943 618 1969 curam
654 1936 862 1969 verterunt
897 1928 1177 1982 quinqueviris
1215 1927 1378 1976 creatis,
1416 1941 1520 1980 quos

169 1991 394 2032 mensarios
421 1990 472 2031 ab
498 1991 802 2045 dispensatione
827 1991 1026 2045 pecuniae
1057 1989 1326 2045 appellarunt.
1387 1989 1520 2029 meriti
1547 2000 1565 2030 6

169 2054 372 2107 aequitate
404 2067 581 2106 curaque
615 2059 726 2102 sunt,
763 2059 809 2093 ut
837 2067 910 2107 per
935 2052 1119 2093 omnium
1144 2052 1352 2093 annalium
1377 2067 1520 2092 monu-

169 2122 305 2156 menta
325 2115 505 2156 celebres
525 2115 760 2156 nominibus
780 2121 929 2156 essent.
961 2114 1076 2155 fuere
1096 2121 1233 2156 autem
1250 2113 1298 2155 C.
1312 2113 1519 2163 Duellius,

169 2177 217 2218 P.
236 2177 393 2218 Decius
413 2176 532 2226 Mus,
558 2176 620 2217 M.
640 2176 850 2231 Papirius,
878 2176 930 2230 Q.
951 2176 1155 2218 Publilius
1176 2183 1215 2217 et
1235 2176 1284 2217 T.
1300 2175 1519 2226 Aemilius,

169 2239 239 2292 qui
269 2254 355 2280 rem
380 2239 664 2280 difficillimam
690 2245 862 2280 tractatu
888 2246 927 2280 et
950 2239 1191 2294 plerumque
1216 2238 1322 2293 parti
1345 2238 1518 2292 utrique,
1547 2249 1563 2276 7

171 2315 331 2355 semper
356 2308 463 2341 certe
488 2301 603 2342 alteri
627 2315 795 2356 gravem
822 2316 915 2342 cum
940 2301 1020 2341 alia
1043 2300 1323 2341 moderatione
1348 2306 1435 2340 tum
1459 2300 1520 2340 in-

170 2363 320 2417 pendio
350 2363 483 2418 magis
514 2362 679 2417 publico
709 2377 833 2416 quam
864 2363 1020 2403 iactura
1051 2363 1343 2403 sustinuerunt.
1403 2362 1519 2403 tarda
1544 2370 1563 2400 8

170 2424 277 2466 enim
296 2425 461 2466 nomina
474 2431 512 2465 et
525 2425 766 2480 inpeditiora
779 2425 922 2466 inertia
935 2425 1166 2466 debitorum
1179 2439 1303 2478 qua-m
1316 2424 1520 2465 facultati-

170 2486 247 2527 bus
273 2493 342 2527 aut
362 2487 565 2527 aerarium
585 2487 737 2528 mensis
758 2501 852 2528 cum
873 2502 965 2528 aere
984 2487 1026 2527 in
1045 2487 1135 2528 foro
1153 2486 1297 2541 positis
1318 2486 1517 2535 dissolvit,

169 2555 213 2588 ut
232 2548 383 2603 populo
402 2548 514 2603 prius
535 2555 757 2598 caveretur,
784 2555 854 2589 aut
873 2548 1100 2589 aestimatio
1119 2548 1261 2601 aequis
1280 2562 1414 2588 rerum
1428 2563 1520 2602 pre-

171 2611 236 2651 tiis
255 2610 455 2660 liberavit,
476 2618 520 2652 ut
537 2626 620 2652 non
639 2612 760 2652 modo
781 2612 867 2652 sine
880 2611 1039 2660 iniuria,
1061 2611 1133 2652 sed
1147 2611 1268 2652 etiam
1284 2611 1371 2652 sine
1385 2611 1520 2664 queri-

169 2672 315 2713 moniis
334 2673 460 2728 partis
480 2673 691 2727 utriusque
711 2673 911 2714 exhausta
929 2673 991 2714 vis
1010 2673 1156 2728 ingens
1175 2673 1280 2714 aeris
1306 2672 1427 2714 alieni
1452 2673 1515 2714 sit.

1227 2739 1295 2773 24*
