1780 3204
440 239 594 274 LIBER
619 239 693 283 111,
718 239 772 273 46.
792 238 846 274 47.
874 237 1072 282 [a.e.449]
1352 229 1430 269 167

72 347 253 394 titutum,
280 350 325 384 ut
344 343 559 384 decederet
579 343 665 383 iure
693 357 767 383 suo
793 341 1072 395 vindicarique
1096 341 1275 396 puellam
1300 341 1342 382 in
1360 356 1432 396 po-

74 415 226 448 sterum
246 406 355 447 diem
374 411 592 460 pateretur.
630 404 740 458 quod
760 403 839 444 nisi
862 410 978 458 pater
1001 409 1166 458 postero
1186 403 1251 444 die
1276 403 1432 444 adfuis-

74 477 147 519 set,
175 468 416 509 denuntiare
443 482 486 507 se
511 466 627 507 Icilio
648 465 931 519 similibusque
950 465 1053 515 Icili,
1081 480 1213 519 neque
1233 466 1315 521 legi
1335 481 1432 506 suae

76 532 247 572 latorem
271 544 405 582 neque
431 529 663 569 decemviro
689 528 963 569 constantiam
988 527 1148 577 defore3
1179 542 1256 568 nec
1287 542 1331 568 se
1355 528 1434 568 uti-

72 608 150 646 que
177 591 428 646 collegarum
458 590 621 631 lictores
652 595 973 631 convocaturum
1004 590 1057 630 ad
1089 590 1337 631 coercendos
1370 604 1434 631 se-

71 654 235 695 ditionis
262 659 462 701 auctores,
490 658 728 692 contentum
754 666 798 692 se
824 652 910 693 suis
935 651 1149 693 lictoribus
1175 651 1275 693 fore.

157 715 266 756 Cum
291 715 462 755 dilatum
487 720 649 768 tempus
669 714 840 754 iniuriae
860 719 970 754 esset
990 714 1341 767 secessissentque
1361 715 1431 755 ad-

71 778 205 819 vocati
221 777 395 832 puellae,
421 776 576 831 placuit
594 776 777 817 omnium
796 776 974 830 primum
994 775 1162 817 fratrem
1175 776 1265 817 Icili
1284 776 1433 816 filium-

71 855 149 894 que
175 839 413 888 Numitorii,
451 839 636 894 inpigros
668 838 857 888 iuvenes,
895 852 1067 893 pergere
1098 838 1193 879 inde
1232 844 1344 879 reeta
1380 838 1432 878 ad

75 909 237 957 portam
263 908 303 942 et
333 906 531 954 quantum
562 900 780 941 accelerari
809 907 951 955 posset
981 899 1227 955 Verginium
1258 900 1380 941 acciri
1411 915 1432 940 c

73 964 237 1005 castris:
263 964 305 1004 in
331 978 379 1004 eo
404 962 508 1003 verti
531 962 692 1017 puellae
719 962 911 1011 salutem,
939 962 974 1002 si
998 968 1162 1016 postero
1188 962 1254 1002 die
1279 962 1431 1002 vindex

70 1026 239 1066 iniuriae
265 1025 317 1066 ad
342 1031 504 1079 tempus
530 1031 694 1079 praesto
720 1031 841 1065 esset.
885 1024 988 1065 iussi
1011 1030 1190 1078 pergunt
1214 1023 1431 1076 citatisque

70 1088 185 1141 equis
211 1087 400 1127 nuntium
425 1087 477 1127 ad
501 1092 659 1140 patrem
683 1086 906 1140 perferunt.
945 1100 1039 1125 cum
1058 1085 1229 1125 instaret
1247 1085 1432 1125 adsertor

69 1149 241 1203 puellae,
269 1155 313 1188 ut
337 1148 565 1188 vindicaret
591 1161 895 1202 sponsoresque
920 1147 1053 1195 daret,
1081 1153 1203 1199 atque
1228 1146 1269 1186 id
1293 1146 1430 1200 ipsum

69 1211 137 1266 agi
155 1211 307 1251 diceret
325 1209 480 1258 Icilius,
508 1209 651 1250 sedulo
671 1215 833 1263 tempus
853 1215 1002 1258 terens,
1029 1208 1129 1248 dum
1147 1208 1429 1263 praeciperent

72 1273 147 1313 iter
171 1271 303 1312 nuntii
333 1271 450 1312 missi
479 1271 522 1311 in
547 1276 699 1320 castra,
737 1285 884 1311 manus
910 1270 1051 1311 tollere
1082 1271 1263 1323 undique
1294 1269 1431 1311 multi-

71 1334 169 1373 tudo
195 1340 234 1373 et
260 1347 303 1373 se
329 1333 504 1386 quisque
528 1339 719 1387 paratum
749 1332 802 1372 ad
833 1332 1121 1386 spondendum
1145 1332 1263 1373 Icilio
1294 1338 1430 1373 osten-

70 1395 178 1435 dere.
228 1400 351 1448 atque
375 1394 443 1434 ille
467 1393 803 1435 lacrimabundus
832 1398 1013 1449 ‘gratum
1039 1394 1132 1444 est,'
1163 1394 1295 1447 inquit
1323 1398 1430 1434 ‘cra-

73 1457 179 1498 stina
204 1456 269 1496 die
295 1462 432 1497 vestra
458 1470 583 1511 opera
606 1462 708 1505 utar,
737 1471 982 1510 sponsorum
1003 1470 1112 1497 nunc
1132 1456 1231 1497 satis
1252 1456 1338 1497 est?
1374 1456 1431 1496 ita

67 1518 298 1559 vindicatur
310 1517 510 1573 Verginia
530 1518 827 1572 spondentibus
847 1518 1102 1572 propinquis.
1141 1517 1307 1572 Appius
1328 1533 1429 1572 pau-

67 1581 192 1635 lisper
216 1585 417 1629 moratus,
450 1594 501 1620 nc
528 1580 616 1621 eius
641 1580 701 1620 rei
726 1595 852 1621 causa
877 1580 1035 1621 sedisse
1061 1580 1285 1630 videretur,
1317 1586 1430 1634 post-

68 1657 191 1695 quam
223 1642 386 1682 omissis
423 1641 546 1683 rebus
578 1642 667 1682 aliis
698 1656 796 1696 prae
828 1656 926 1682 cura
956 1642 1079 1682 unius
1116 1657 1237 1683 nemo
1275 1641 1427 1690 adibat,

70 1704 239 1744 domum
270 1718 314 1744 se
344 1704 498 1758 recepit
529 1704 781 1759 collegisque
812 1704 853 1744 in
885 1709 1019 1744 castra
1050 1703 1208 1753 scribit,
1247 1718 1298 1743 nc
1323 1703 1429 1743 Ver-

70 1765 181 1819 ginio
213 1772 487 1805 commeatum
519 1766 617 1806 dent
647 1772 769 1819 atque
801 1765 925 1806 etiam
949 1766 992 1805 in
1017 1766 1206 1806 custodia
1234 1764 1426 1805 habeant.

69 1825 287 1880 inprobum
319 1827 536 1867 consilium
562 1841 717 1876 serum,
755 1833 800 1867 ut
825 1826 984 1875 debuit,
1023 1826 1102 1867 fuit
1133 1833 1172 1867 et
1203 1827 1286 1867 iam
1317 1841 1427 1868 com-

71 1893 208 1928 meatu
234 1894 397 1942 sumpto
422 1889 631 1942 profectus
645 1888 869 1943 Verginius
894 1888 1026 1942 prima
1052 1889 1191 1944 vigilia
1211 1895 1308 1938 erat,
1335 1904 1429 1930 cum

70 1955 234 2003 postero
260 1950 325 1990 die
350 1965 470 1991 mane
495 1950 545 1991 de
570 1951 783 1991 retinendo
809 1965 857 1991 eo
882 1951 1133 2004 nequiquam
1157 1951 1314 1992 litterae
1339 1952 1430 1992 red-

73 2012 238 2051 duntur.

154 2073 450 2114 XXXXVH.
498 2073 558 2114 At
588 2074 629 2114 in
660 2074 761 2115 urbe
791 2074 924 2129 prima
953 2074 1045 2115 luce
1076 2089 1170 2115 cum
1208 2075 1352 2116 civitas
1386 2076 1428 2116 in

72 2135 160 2175 foro
174 2135 480 2190 exspectatione
495 2142 629 2176 erecta
643 2141 780 2185 staret,
807 2135 1029 2192 Verginius
1051 2137 1283 2178 sordidatus
1303 2137 1436 2178 filiam<

73 2210 212 2236 secum
238 2196 423 2238 obsoleta
447 2203 574 2247 veste,
601 2197 892 2239 comitantibus
918 2198 1072 2252 aliquot
1097 2199 1307 2248 matronis,
1335 2214 1428 2240 cum

71 2258 228 2312 ingenti
258 2258 525 2300 advocatione
555 2259 598 2299 in
633 2259 768 2301 forum
805 2260 982 2301 deducit.
1044 2260 1258 2302 circumire
1295 2261 1352 2302 ibi
1388 2268 1428 2302 et

71 2333 265 2373 prensare
296 2319 482 2361 homines
520 2321 654 2375 eoepit
691 2327 731 2362 et
761 2336 843 2362 non
880 2336 995 2362 orare
1033 2322 1167 2363 solum
1200 2323 1427 2377 precariam

71 2395 205 2434 opem,
233 2381 305 2421 sed
330 2396 404 2435 pro
429 2382 568 2423 debita
591 2389 749 2438 petere:
777 2398 820 2424 se
844 2398 919 2438 pro
937 2383 1077 2425 liberis
1103 2398 1245 2425 eorum
1265 2399 1312 2425 ae
1331 2399 1425 2425 con-

70 2441 235 2496 iugibus
262 2443 409 2484 cotidie
434 2444 476 2484 in
501 2445 587 2485 acie
614 2450 720 2485 stare
744 2459 821 2486 nec
851 2445 976 2486 alium
1000 2445 1135 2486 virum
1161 2460 1271 2496 esse,
1309 2446 1426 2488 cuius

72 2510 234 2544 strenue
260 2519 308 2545 ac
332 2505 523 2546 ferociter
546 2506 656 2547 facta
673 2506 715 2546 in
734 2506 842 2547 bello
860 2507 978 2561 plura
1002 2508 1220 2549 memorari
1238 2515 1424 2563 possent:

70 2566 169 2618 quid
194 2567 404 2620 prodesse,
432 2568 466 2608 si
491 2568 683 2609 incolumi
697 2568 798 2610 urbe
823 2584 928 2622 quae
954 2575 1073 2624 capta
1091 2570 1236 2611 ultima
1256 2570 1426 2612 timean-

70 2633 134 2667 tur
157 2627 296 2669 liberis
323 2629 407 2670 suis
434 2630 515 2670 sint
538 2631 755 2685 patienda?
790 2631 891 2672 haec
915 2646 1042 2686 prope
1068 2632 1424 2674 contionabundus

69 2688 309 2731 circumibat
351 2690 552 2733 homines.
614 2692 761 2734 similia
803 2693 866 2734 his
908 2693 960 2735 ab
996 2693 1113 2735 Icilio
1154 2694 1422 2737 iactabantur.

1458 1842 1467 1869 l
1476 1841 1496 1869 ‹fi›

1453 2275 1471 2303 10

1451 2711 1468 2740 3
