1780 3204
443 288 595 322 LIBER
622 289 696 332 ΙΙΙ,
725 289 866 322 14-10.
897 287 1182 331 [a.c.4‹31.4‹;o]
1412 278 1489 318 1:39

133 393 391 434 suefeeerant
426 392 603 447 plebem.
665 392 728 432 his
766 406 838 446 per
874 399 1003 431 totum
1042 405 1194 431 annum
1230 389 1386 431 artibus
1423 389 1490 430 lex

132 456 248 496 elusa
273 462 347 496 est.

215 516 317 558 XV.
354 516 579 570 Accipiunt
594 516 799 556 civitatem
814 514 1078 569 placidiorem
1094 514 1283 555 consules
1299 512 1348 554 C.
1365 513 1491 554 Clau-

131 580 236 628 dius,
262 578 377 633 Appi
401 578 522 626 filius,
551 584 590 618 et
616 578 662 617 P.
684 577 875 618 Valerius
895 576 1123 616 Publicola.
1173 576 1274 616 nihil
1298 576 1394 617 novi
1419 591 1491 616 no-

130 655 206 681 vus
233 655 364 681 annus
391 640 598 680 attulerat:
636 639 740 694 legis
772 638 968 679 ferendae
998 644 1068 678 aut
1099 638 1362 692 accipiendae
1393 652 1491 678 cura

131 703 339 743 civitatem
363 701 542 742 tenebat.
581 708 780 754 quantum
804 700 984 740 iuniores
1010 706 1173 753 patrum
1198 699 1309 753 plebi
1335 714 1378 740 se
1403 715 1491 740 ma-

129 765 193 819 gis
208 763 483 813 insinuabant,
511 778 559 804 eo
573 763 706 804 acrius
722 768 862 803 contra
882 761 1035 802 tribuni
1054 761 1289 811 tendebant,
1315 768 1361 802 ut
1379 761 1491 816 plebi

130 833 345 880 suspectos
371 840 442 866 eos
468 825 720 866 criminando
746 824 946 864 facerent:
973 823 1296 863 coniurationem
1321 823 1487 872 factam,

131 888 366 929 Caesonem
390 887 549 928 Romae
575 901 680 936 csse,
706 885 1083 926 interficiendorum
1108 884 1377 934 tribunorum,
1406 890 1490 925 tru-

129 950 328 991 cidandae
352 949 484 1004 plebis
511 949 682 989 consilia
705 948 818 988 inita.
862 947 905 987 id
929 946 1084 1002 negotii
1109 947 1251 987 datum
1276 946 1328 988 ab
1355 946 1490 988 senio-

128 1012 241 1053 ribus
277 1018 460 1066 patrum,
498 1018 543 1051 ut
578 1011 771 1051 iuventus
808 1009 1068 1050 tribtmiciam
1103 1015 1350 1063 potestatem
1387 1023 1409 1049 e
1445 1023 1489 1049 re

128 1074 293 1129 publica
319 1074 479 1115 tolleret
502 1073 716 1125 formaque
742 1072 887 1113 eadem
913 1071 1089 1112 civitatis
1115 1078 1237 1120 esset,
1264 1086 1370 1124 quae
1395 1078 1490 1112 ante

130 1150 292 1177 sacrum
316 1141 498 1176 montem
523 1141 768 1188 occupatum
794 1134 940 1173 fuerat.

1517 713 1534 742 10

212 1197 270 1238 Et
295 1213 319 1238 a
337 1196 503 1237 Volscis
529 1203 569 1237 et
587 1195 748 1248 Aequis
777 1201 930 1235 statum
954 1194 1036 1234 iam
1063 1208 1111 1234 ac
1135 1207 1262 1247 prope
1290 1193 1488 1233 sollemne
1516 1208 1533 1234 »ι

128 1260 167 1299 in
194 1259 377 1313 singulos
404 1273 533 1299 annos
559 1257 713 1298 bellum
740 1256 972 1305 timebatur,
999 1256 1251 1310 propiusque
1278 1254 1391 1295 aliud
1416 1270 1490 1295 no-

127 1336 222 1361 vum
248 1321 402 1361 malum
427 1320 672 1373 necopinato
699 1326 904 1359 exortum:
944 1317 1086 1358 exules
1115 1317 1304 1370 servique
1330 1317 1383 1356 ad
1407 1317 1489 1356 duo

126 1383 236 1423 milia
256 1382 468 1423 hominum
488 1389 527 1422 et
546 1381 761 1436 quingenti
798 1379 905 1420 duce
925 1379 1066 1434 Appio
1080 1379 1295 1419 Herdonio
1331 1376 1488 1419 Sabino

126 1452 243 1485 nocte
271 1443 524 1499 Capitolium
555 1450 678 1496 atquc
709 1456 846 1483 arcem
877 1456 1144 1496 occupavere.
1195 1440 1414 1481 confestim
1445 1440 1487 1480 in

127 1520 218 1546 arce
249 1506 359 1547 facta
389 1506 537 1547 caedes
570 1520 729 1554 eorum,
767 1504 839 1557 qui
870 1504 1083 1544 coniurare
1116 1511 1156 1544 et
1187 1502 1310 1544 simul
1341 1517 1486 1556 capere

126 1583 239 1609 arma
262 1568 489 1609 noluerant.
529 1568 597 1608 alii
621 1568 726 1607 inter
750 1566 972 1606 tumultum
997 1565 1241 1620 praecipites
1267 1579 1421 1619 pavore
1445 1564 1488 1604 in

126 1630 259 1671 forum
273 1630 478 1679 devolant,
504 1630 683 1670 alternae
698 1643 820 1670 voces
843 1628 914 1668 ‘ad
933 1628 1064 1668 arma'
1085 1635 1124 1668 et
1145 1627 1303 1668 ‘hostes
1322 1627 1365 1667 in
1386 1626 1487 1667 urbe

127 1692 237 1731 sunt'
263 1691 547 1732 audiebantur.
586 1690 776 1731 eonsules
803 1696 841 1730 ct
867 1704 1024 1730 armare
1043 1688 1208 1743 plebem
1228 1696 1267 1729 et
1287 1689 1486 1728 inermem

125 1753 210 1806 pati
235 1752 444 1793 timebant.
481 1753 637 1801 incerti,
664 1753 775 1805 quod
800 1751 954 1792 malum
972 1751 1244 1805 repentinum,
1272 1758 1486 1790 externum

127 1830 179 1854 an
203 1814 454 1862 intestinum,
482 1814 533 1855 ab
559 1815 653 1855 odio
677 1813 810 1867 plebis
837 1829 888 1853 an
914 1813 965 1853 ab
993 1812 1131 1852 servili
1156 1811 1314 1858 fraude,
1341 1810 1487 1851 urbem

127 1876 365 1924 invasisset,
404 1875 604 1916 sedabant
634 1875 852 1923 tumultus,
892 1874 1074 1914 sedando
1111 1873 1317 1913 interdum
1347 1887 1487 1913 move-

128 1937 244 1977 bant:
280 1951 357 1977 nec
388 1937 497 1977 enim
526 1943 687 1991 poterat
717 1936 868 1990 pavida
899 1942 938 1976 et
969 1941 1232 1976 consternata
1267 1934 1487 1975 multitudo

127 1999 214 2053 regi
238 1998 422 2053 imperio.
460 1998 560 2038 dant
583 2005 721 2038 tamen
746 2012 871 2046 arma,
897 2011 980 2037 non
998 1996 1137 2051 vulgo,
1164 2002 1321 2036 tantum
1341 2002 1387 2036 ut
1424 1996 1486 2036 in-

128 2068 236 2101 certo
262 2060 380 2101 hoste
424 2060 676 2114 praesidium
702 2059 800 2100 satis
826 2059 955 2099 fidum
980 2059 1033 2099 ad
1058 2058 1196 2099 omnia
1221 2065 1341 2099 esset.
1376 2058 1486 2099 solli-

126 2122 195 2162 citi
219 2122 423 2175 reliquum
448 2122 578 2163 noetis
604 2121 841 2174 incertique,
869 2121 939 2174 qui
963 2120 1172 2170 homines,
1205 2126 1384 2173 quantus
1409 2135 1485 2161 nu-

127 2199 262 2224 merus
288 2185 471 2225 hostium
496 2190 623 2233 esset,
655 2184 698 2224 in
723 2182 968 2224 stationibus
995 2182 1261 2236 disponendis
1288 2182 1340 2222 ad
1365 2188 1485 2236 opor'-

127 2254 225 2285 tuna
249 2246 382 2286 omnis
414 2245 528 2286 urbis
558 2246 651 2286 loca
675 2260 808 2300 egere.
856 2244 929 2285 lux
960 2244 1108 2284 deinde
1140 2244 1298 2298 aperuit
1329 2243 1483 2284 bellum

127 2307 356 2361 ducemque
385 2307 495 2348 belli.
546 2322 685 2348 servos
717 2307 770 2348 ad
799 2306 1029 2347 libertatem
1053 2306 1218 2360 Appius
1244 2306 1483 2347 Herdonius

127 2383 177 2409 ex
209 2368 414 2423 Capitolio
446 2368 638 2410 vocabat:
678 2383 721 2410 se
757 2368 976 2409 miserrimi
1013 2368 1212 2421 cuiusque
1250 2368 1484 2422 suscepisse

126 2445 311 2479 eausam,
344 2437 389 2471 ut
419 2430 560 2471 exules
591 2431 740 2471 iniuria
769 2431 912 2485 pulsos
943 2430 985 2470 in
1009 2430 1182 2484 patriam
1207 2430 1420 2470 reduceret
1445 2437 1484 2470 et

127 2492 301 2533 servitiis
327 2507 452 2547 gmave
475 2494 620 2547 iugum
645 2493 838 2533 demeret.
887 2492 930 2532 id
960 2491 1081 2532 malle
1112 2491 1266 2546 populo
1291 2491 1482 2532 Romano

125 2560 289 2595 auctore
314 2554 420 2603 fieri3
447 2555 482 2595 si
505 2555 563 2595 ibi
588 2569 682 2609 spes
707 2569 790 2595 non
815 2554 879 2603 sit,
907 2568 950 2594 se
976 2552 1152 2594 Volscos
1179 2560 1219 2594 et
1243 2552 1417 2607 Aequos
1443 2560 1483 2594 et

124 2617 260 2657 omnia
286 2623 468 2657 extrema
491 2623 785 2671 temptaturum
811 2623 850 2657 ct
875 2615 1187 2656 concitaturum.

208 2677 333 2718 XVI.
382 2678 578 2719 Dilueere
602 2693 668 2719 res
693 2678 827 2732 magis
858 2677 1042 2731 patribus
1073 2684 1196 2731 atque
1228 2677 1479 2719 consulibus.

125 2748 284 2794 praeter
309 2755 356 2780 ea
381 2748 530 2790 tamen,
557 2755 661 2793 quae
687 2739 1045 2788 denuntiabantur,
1071 2753 1122 2779 ne
1142 2739 1379 2781 Veientium
1399 2755 1479 2781 neu

1516 1330 1534 1358 ἰ)

1515 1454 1532 1483 G

1513 2009 1531 2038 S

1510 2688 1522 2716 1
