1835 3226
382 225 464 266 396
754 233 907 266 LIBER
933 232 1041 273 vm,
1069 233 1099 266 1.
1127 235 1175 275 [a.
1189 243 1222 266 u.
1238 243 1267 267 e.
1282 233 1364 276 413]

755 393 1044 444 [PERIOCHA
1067 395 1209 431 LIBRI
1232 393 1367 444 VIII]

451 479 595 523 [Latini
615 481 697 513 cu'm
717 478 916 524 Campanis
938 479 1109 514 defecere
1129 484 1166 514 et
1190 480 1311 513 missis
1336 480 1471 525 legatis
1497 481 1544 514 ad
1571 485 1739 515 senatum

383 531 641 565 condicionem
659 531 841 576 tulerunt,
867 536 925 575 ut,
953 531 984 565 si
1008 542 1139 575 pacem
1163 531 1303 566 habere
1328 531 1485 575 vellent,
1513 532 1669 566 alterum
1695 542 1738 566 ex

380 581 527 616 Latinis
548 582 739 616 consulem
758 581 938 616 facerent.
971 593 1044 627 qua
1065 582 1254 627 legatione
1275 582 1421 626 perlata
1439 586 1591 626 praetor
1611 594 1738 617 eorum

381 632 527 666 Annius
548 633 592 667 de
608 632 792 677 Capitolio
813 633 865 668 ita
883 633 1082 677 prolapsus
1105 637 1177 676 est,
1203 636 1244 666 ut
1263 632 1542 667 exanimaretur.
1575 633 1619 667 Τ.
1635 633 1737 667 Man-

381 683 452 717 lius
480 684 611 718 consul
636 684 772 727 filium,
805 685 906 729 quod
932 688 1062 718 contra
1087 683 1248 717 edictum
1274 683 1352 718 cius
1379 684 1557 718 adversus
1582 684 1738 718 Latinos

380 739 633 779 pugnaverat,
655 735 822 780 quamvis
837 746 1015 780 prospere
1030 738 1254 779 pugnasset,
1278 734 1397 768 securi
1410 735 1607 779 percussit.
1634 735 1737 769 labo-

380 785 549 819 rantibus
574 785 612 819 in
639 786 718 820 acie
743 785 923 820 Romanis
949 786 990 819 P.
1012 785 1169 828 Decius,
1202 789 1291 819 tunc
1318 785 1451 819 consul
1476 796 1558 819 cum
1583 785 1738 829 Manlio,

381 836 532 870 devovit
552 848 591 871 se
611 848 679 882 pro
701 838 866 872 exercitu
888 841 942 881 et,
971 837 1157 871 concitato
1179 848 1275 881 equo
1299 848 1380 870 eum
1398 837 1436 871 in
1455 837 1597 872 medios
1611 837 1740 872 hostes

383 899 421 921 sc
442 888 632 923 intulisset
650 888 890 933 interfectus,
916 893 1033 923 morte
1059 899 1126 922 sua
1144 887 1323 922 Romanis
1348 887 1541 922 victoriam
1566 888 1739 922 restituit.

381 939 510 973 Latini
523 939 558 973 in
575 940 803 974 deditionem
817 943 1010 974 venerunt.
1055 939 1100 974 T.
1118 938 1259 973 Manlio
1274 939 1311 972 in
1324 939 1453 973 urbem
1466 950 1615 973 reverso
1630 949 1738 973 nemo

381 1002 426 1025 cx
450 991 643 1026 iuventute
676 991 824 1025 obviam
854 991 1047 1035 processit.
1099 989 1262 1023 Minucia
1287 989 1392 1033 virgo
1417 989 1582 1025 Vestalis
1607 990 1738 1024 incesti

382 1042 560 1076 damnata
585 1046 650 1076 est.
699 1041 916 1076 Ausonibus
941 1041 1049 1076 vietis
1075 1041 1112 1074 in
1134 1040 1312 1085 oppidum
1334 1051 1377 1074 ex
1397 1040 1441 1074 iis
1462 1045 1610 1085 captum
1631 1040 1739 1075 Cales

383 1093 532 1127 colonia
557 1093 718 1127 deducta
746 1097 818 1127 est:
844 1093 932 1127 item
951 1093 1149 1137 Fregellae
1177 1092 1325 1127 colonia
1345 1092 1507 1126 deducta
1526 1095 1593 1126 est.
1629 1102 1738 1126 venc-

381 1143 505 1178 fieium
520 1144 752 1188 conplurium
773 1148 1024 1178 matronarum
1047 1143 1316 1188 deprehensum
1337 1146 1411 1186 est,
1439 1153 1482 1176 cx
1505 1143 1639 1187 quibus
1658 1143 1738 1187 plu-

381 1195 495 1230 rimae
523 1195 647 1229 statim
675 1195 795 1239 epotis
822 1194 1128 1229 medicaminibus
1154 1194 1353 1238 perierunt.
1400 1194 1459 1228 lex
1485 1193 1530 1227 de
1556 1193 1738 1227 veneficio

381 1250 470 1280 tunc
494 1246 651 1290 primum
678 1246 883 1280 constituta
914 1249 980 1279 est.
1028 1244 1327 1287 Privernatibus,
1367 1255 1447 1278 cum
1478 1244 1737 1286 rebellassent,

381 1296 489 1330 victis
517 1296 647 1330 civitas
675 1297 763 1330 data
789 1301 856 1330 est.
905 1295 1147 1339 Neapolitani
1172 1295 1273 1328 bello
1303 1299 1339 1328 et
1366 1294 1561 1328 obsidione
1589 1294 1675 1327 victi
1700 1294 1738 1327 in

383 1347 611 1382 deditionem
632 1350 825 1382 venerunt.
877 1346 920 1387 Q.
942 1346 1124 1389 Publilio,
1152 1345 1213 1390 qui
1233 1356 1298 1380 cos
1320 1345 1535 1388 obsederat,
1562 1344 1680 1388 primo
1701 1350 1739 1378 et

380 1399 571 1443 imperium
586 1399 772 1443 prolatum
788 1406 845 1432 est
859 1403 895 1432 et
912 1409 979 1442 pro
1002 1397 1153 1431 consule
1176 1396 1383 1440 triumphus
1405 1396 1589 1429 decretus.
1627 1395 1736 1439 plebs

381 1461 477 1484 nexu
503 1450 662 1484 liberata
690 1453 747 1483 est
771 1452 926 1493 propter
943 1448 987 1482 L.
1007 1448 1135 1492 Papiri
1161 1447 1354 1481 creditoris
1380 1446 1588 1488 libidinem,
1617 1446 1679 1490 qui
1699 1446 1738 1479 C.

380 1500 547 1534 Publilio
570 1500 731 1534 debitori
754 1511 819 1533 suo
842 1504 1007 1543 stuprum
1028 1498 1165 1533 inferre
1185 1499 1365 1532 voluerat.
1399 1509 1481 1531 cum
1501 1496 1544 1530 L.
1566 1496 1738 1540 Papirius

382 1550 521 1584 Cursor
546 1551 708 1584 dictator
733 1561 903 1584 reversus
928 1550 965 1583 in
985 1550 1113 1583 urbem
1136 1549 1182 1582 ab
1205 1548 1369 1583 cxci-citu
1390 1551 1489 1582 esset
1509 1552 1660 1592 propter
1677 1558 1739 1581 au-

383 1601 501 1645 spicia
525 1601 747 1646 repetenda,
775 1601 817 1641 Q.
837 1600 979 1634 Fabius
1004 1599 1183 1644 magister
1209 1599 1391 1644 equitum,
1419 1598 1617 1632 occasione
1643 1598 1738 1631 benc

383 1652 570 1696 gerendae
596 1652 649 1686 rei
674 1651 871 1693 invitatus,
905 1654 1035 1684 contra
1061 1650 1224 1684 edictum
1251 1649 1329 1683 eius
1355 1659 1533 1693 prospere
1559 1649 1738 1683 adversus

383 1702 567 1736 Samnites
591 1703 785 1746 pugnavit.
830 1702 877 1735 ob
907 1712 987 1734 eam
1016 1711 1166 1734 causam
1192 1711 1274 1733 cum
1301 1699 1463 1733 dictator
1488 1699 1533 1732 dc
1559 1699 1738 1743 magistro

382 1753 785 1798 equitumsupplicium
801 1756 1013 1796 sumpturus
1028 1751 1226 1794 videretur,
1246 1750 1387 1784 Fabius
1402 1749 1558 1783 Romam
1571 1749 1740 1793 profugit

382 1810 436 1849 et,
465 1816 545 1839 eum
560 1816 691 1850 parum
707 1815 821 1838 eausa
832 1803 1052 1848 proficeret,
1072 1802 1201 1847 populi
1216 1801 1390 1846 precibus
1406 1801 1566 1834 donatus
1581 1803 1647 1835 cst.
1678 1811 1739 1834 res

381 1860 575 1902 praeterea
591 1860 722 1891 contra
736 1855 920 1891 Samnites
934 1865 1113 1900 prospere
1128 1857 1254 1899 gestas
1270 1852 1462 1896 continet]

835 2062 1037 2115 εΤΙΤΙ
1073 2061 1236 2114 LIVI

701 2168 789 2205 AB
838 2167 1031 2205 VRBE
1081 2164 1425 2204 CONDITA

904 2279 1073 2317 LIBER
1102 2279 1220 2317 VIII.

342 2395 353 2423 1
467 2380 501 2421 I.
556 2380 646 2421 Iam
672 2379 863 2421 consules
890 2384 1004 2420 crant
1030 2376 1079 2418 C.
1105 2377 1295 2418 Plautius
1321 2376 1487 2425 iterum,
1518 2375 1572 2416 L.
1598 2373 1742 2414 Aemi-

382 2443 461 2483 lius
492 2442 751 2490 Mamercus,
795 2456 890 2482 cum
928 2439 1061 2482 Setini
1094 2439 1360 2492 Norbanique
1395 2438 1575 2478 Romam
1610 2435 1741 2476 nuntii

383 2505 624 2545 defectionis
650 2504 953 2544 Privernatium
980 2517 1073 2542 cum
1099 2501 1363 2554 querimoniis
1389 2505 1581 2553 acceptae
1613 2496 1739 2538 cladis

340 2580 358 2607 2
383 2574 593 2606 venerunt.
631 2565 882 2607 Volscorum
906 2566 1003 2606 item
1030 2564 1254 2605 exercitum
1281 2563 1383 2603 duce
1403 2561 1564 2602 Antiati
1588 2558 1740 2614 populo

385 2629 621 2669 consedisse
659 2629 711 2668 ad
744 2628 951 2669 Satricum
987 2627 1169 2668 adlatum
1205 2631 1279 2665 cst.
1341 2630 1558 2676 utrumque
1589 2621 1739 2663 bellum

345 2700 363 2727 :3
387 2688 548 2731 Plautio
570 2697 677 2731 sorte
698 2690 821 2731 venit.
847 2690 961 2745 prius
982 2689 1032 2730 ad
1048 2688 1291 2729 Privernum
1305 2686 1513 2741 profectus
1534 2681 1739 2736 extemplo
