1780 3204
497 310 651 344 LIBER
676 310 730 353 11,
757 310 810 344 33.
831 309 885 343 39.
913 311 961 352 [a.
979 307 1112 352 C.491]
1433 300 1486 340 99

129 420 261 473 ipsos,
300 415 443 457 sedulo
474 413 687 455 audientes
719 411 899 454 secunda
933 411 1017 452 irae
1053 410 1196 460 verba,
1234 417 1274 451 et
1307 425 1381 465 per
1417 426 1487 452 eos

129 478 432 521 multitudinem
463 476 585 517 aliam
613 476 657 516 in
688 475 918 517 subiectum
948 474 1039 514 viae
1070 487 1262 528 campum
1299 474 1483 525 deduxit.

129 542 186 583 ibi
210 542 252 581 in
277 538 477 581 contionis
503 537 671 578 modum
698 537 921 578 orationem
946 549 1118 576 exorsus
1145 539 1322 576 ‘veteres
1347 536 1488 590 populi
1515 559 1520 563 -

149 602 307 644 {omani
338 600 505 640 iniurias
538 599 758 652 cladesque
789 598 922 653 gentis
955 597 1220 647 Volscorum,
1258 605 1304 638 ut
1334 598 1488 639 omnia'

129 665 261 718 inquit
294 661 613 704 ‘obliviscamini
649 661 746 710 alia,
783 661 1023 702 hodiernam
1058 660 1164 700 hanc
1200 660 1489 701 contumeliam

129 743 209 780 quo
240 726 407 766 tandem
439 724 576 765 animo
606 723 741 773 fertis,
779 738 861 776 qua
895 737 969 777 per
1003 729 1184 763 nostram
1219 722 1488 777 ignominiam

129 790 247 829 ludos
269 786 534 829 commisere?
571 801 623 826 an
640 801 722 826 non
748 785 947 834 sensistis,
975 784 1269 839 triumphatum
1294 785 1416 826 hodie
1436 785 1486 825 de
1514 798 1531 826 3

130 851 246 892 vobis
267 849 383 891 esse?
412 863 487 889 vos
508 847 716 897 omnibus,
743 847 921 896 civibus,
948 847 1194 902 peregrinis,
1220 854 1280 887 tot
1300 847 1484 888 finitimis

129 912 313 967 populis,
364 909 597 965 spectaculo
634 909 830 950 abeuntes
873 909 1022 958 fuisse,
1071 915 1231 950 vestras
1274 909 1484 963 coniuges,

130 982 286 1015 vestros
311 973 461 1014 liberos
487 972 695 1013 traductos
720 986 793 1026 per
817 986 888 1012 ora
911 971 1150 1012 hominum?
1180 971 1279 1025 quid
1301 986 1390 1021 eos,
1418 972 1488 1025 qui
1513 986 1533 1013 4

129 1037 321 1078 audivere
345 1050 491 1077 vocem
513 1034 747 1089 praeconis,
774 1034 890 1087 quid,
917 1033 987 1087 qui
1010 1048 1086 1074 nos
1111 1033 1249 1074 videre
1275 1033 1486 1083 abeuntes,

129 1099 228 1152 quid
252 1113 340 1147 eos,
367 1097 438 1151 qui
462 1097 556 1138 huic
580 1096 853 1152 ignominioso
879 1095 1035 1150 agmini
1058 1095 1174 1137 fuere
1193 1095 1321 1144 obvii,
1349 1096 1488 1137 existi-

129 1175 265 1201 masse
288 1159 460 1214 putatis,
492 1159 571 1200 nisi
596 1158 763 1212 aliquod
786 1157 971 1211 profecto
996 1156 1114 1198 nefas
1140 1171 1250 1206 esse,
1289 1158 1419 1210 quod,
1453 1158 1488 1198 si

127 1222 361 1263 intersimus
394 1220 648 1275 spectaculo,
680 1219 870 1260 violaturi
896 1219 1024 1259 simus
1049 1218 1169 1260 ludos
1194 1219 1486 1273 piaculumque

126 1283 326 1332 merituri,
375 1283 468 1323 ideo
504 1297 580 1323 nos
618 1281 669 1323 ab
707 1282 804 1323 sede
839 1281 1021 1336 piorum,
1071 1288 1190 1322 coetu
1232 1281 1486 1336 concilioque

126 1345 261 1400 abigi?
297 1345 397 1398 quid
420 1344 568 1385 deinde
592 1344 694 1384 illud
718 1359 800 1385 non
825 1343 1044 1393 succurrit,
1076 1343 1215 1384 vivere
1245 1358 1340 1393 nos,
1374 1346 1485 1397 quod
1512 1362 1530 1390 g,

126 1407 412 1447 maturarimus
431 1406 661 1461 proficisci?
679 1431 734 1436 —
760 1406 795 1447 si
816 1406 892 1446 hoc
910 1406 1110 1460 profectio
1130 1414 1170 1446 et
1188 1420 1271 1446 non
1289 1406 1391 1461 fuga
1410 1415 1483 1448 est.

125 1477 166 1510 et
184 1469 290 1510 hanc
309 1469 453 1510 urbem
471 1484 545 1510 vos
564 1483 647 1510 non
665 1468 845 1510 hostium
865 1469 1032 1518 ducitis,
1058 1468 1147 1517 ubi,
1176 1468 1210 1509 si
1229 1483 1357 1509 unum
1377 1470 1486 1511 diem

125 1531 270 1572 morati
295 1531 459 1581 essetis,
485 1531 742 1571 moriendum
769 1530 960 1572 omnibus
985 1531 1087 1571 fuit?
1111 1530 1267 1571 bellum
1286 1531 1404 1572 vobis
1424 1532 1486 1572 in-

127 1593 282 1634 dictum
307 1600 370 1634 est
394 1608 545 1648 magno
571 1607 712 1634 eorum
736 1593 864 1642 malo,
891 1593 961 1646 qui
980 1593 1182 1642 indixere,
1210 1593 1245 1634 si
1264 1593 1340 1634 viri
1360 1595 1484 1635 estis?

125 1655 182 1695 ita
211 1662 251 1696 et
281 1670 357 1696 sua
387 1662 532 1709 sponte
561 1655 715 1695 irarum
744 1655 855 1709 pleni
885 1662 924 1695 et
953 1655 1110 1696 incitati
1135 1655 1279 1696 domos
1304 1655 1399 1696 inde
1425 1656 1486 1696 di-
1512 1670 1529 1699 6

126 1717 259 1770 gressi
289 1723 384 1757 sunt
413 1716 731 1771 instigandoque
764 1731 861 1757 suos
891 1716 1066 1770 quisque
1095 1716 1270 1771 populos
1297 1717 1483 1766 effecere,

127 1784 171 1817 ut
197 1792 318 1818 omne
342 1777 543 1818 Volscum
567 1793 717 1819 nomen
742 1778 946 1819 deficeret.

210 1839 503 1880 XXXVIIII.
553 1839 826 1894 Imperatores
857 1840 910 1880 ad
944 1840 988 1880 id
1022 1839 1177 1880 bellum
1214 1840 1264 1880 de
1301 1840 1483 1880 omnium
1512 1855 1524 1882 1

127 1901 373 1955 populorum
403 1901 605 1942 sententia
633 1901 728 1941 lecti
751 1900 893 1941 Attius
920 1901 1082 1942 Tullius
1114 1908 1154 1941 et
1180 1900 1258 1942 Cn.
1283 1900 1482 1951 Marcius,

129 1961 224 2002 exul
258 1962 491 2012 Romanus,
533 1962 576 2002 in
612 1976 694 2015 quo
731 1962 939 2014 aliquanto
975 1962 1068 2016 plus
1112 1963 1201 2016 spei
1241 1963 1480 2017 repositum.

129 2038 253 2076 quam
278 2038 394 2078 spem
417 2038 677 2077 nequaquam
702 2023 866 2072 fefellit,
898 2032 943 2064 ut
967 2024 1087 2064 facile
1112 2032 1342 2078 appareret,
1370 2025 1484 2065 duci-

128 2085 206 2127 bus
231 2086 471 2127 validiorem
495 2100 620 2139 quam
645 2086 827 2126 exercitu
850 2101 937 2126 rem
963 2085 1195 2127 Romanam
1226 2101 1330 2128 esse.
1380 2086 1485 2128 Cer-

129 2148 238 2189 ceios
273 2148 501 2203 profectus,
538 2148 716 2202 primum
753 2148 920 2189 colonos
956 2148 1050 2189 inde
1080 2148 1292 2190 Romanos
1330 2149 1486 2203 expulit

127 2209 379 2263 liberamque
405 2224 496 2250 eam
520 2208 664 2250 urbem
685 2208 849 2250 Volscis
875 2209 1058 2258 tradidit,
1084 2209 1199 2259 inde,
1224 2210 1267 2250 in
1284 2210 1482 2251 Latinam
1508 2226 1526 2254 3

127 2273 237 2313 viam
261 2272 505 2314 transversis
530 2272 760 2313 tramitibus
786 2279 1089 2327 transgressus,
1118 2271 1343 2322 Satricum,
1368 2273 1485 2314 Lon-

128 2333 280 2388 gulam,
300 2333 535 2383 Poluscam,
558 2332 760 2383 Coriolos,
779 2334 977 2383 Bovillas,
997 2333 1100 2375 haec
1113 2333 1313 2375 Romanis
1333 2335 1485 2389 oppida

129 2395 291 2436 ademit.
339 2395 434 2436 inde
453 2396 679 2436 Lavinium
698 2398 869 2452 recepit,
895 2403 983 2437 tum
1002 2397 1195 2451 deinceps
1217 2396 1480 2447 Corbionem,
1507 2412 1528 2440 -t

129 2456 350 2506 Vitelliam,
371 2457 581 2506 Trebium,
601 2457 797 2507 Labicos,
817 2458 978 2499 Pedum
999 2459 1117 2513 cepit.
1158 2464 1412 2513 postremum
1431 2459 1483 2500 ad
1508 2475 1526 2503 5

129 2518 272 2559 urbem
298 2534 322 2559 a
340 2518 456 2560 Pedo
476 2519 587 2560 ducit
607 2526 663 2569 et,
691 2520 743 2560 ad
760 2520 896 2561 fossas
918 2519 1090 2561 Cluilias
1110 2521 1290 2574 quinque
1310 2520 1361 2562 ab
1381 2520 1481 2562 urbe

128 2581 239 2621 milia
263 2596 462 2635 passuum
493 2582 637 2622 castris
667 2582 831 2636 positis,
862 2582 1083 2636 populatur
1105 2582 1202 2623 inde
1227 2598 1372 2638 agrum
1397 2582 1483 2624 Ro-

128 2658 295 2683 manum
321 2643 560 2684 custodibus
584 2644 689 2684 inter
712 2644 974 2698 populatores
1000 2644 1158 2694 missis,
1190 2645 1260 2698 qui
1290 2644 1481 2699 patricio-
1507 2659 1523 2688 G

128 2720 217 2744 rum
248 2720 369 2759 agros
399 2705 574 2746 intactos
607 2712 834 2756 servarent,
872 2706 958 2746 sive
988 2705 1174 2747 infensus
1205 2706 1318 2761 plebi
1347 2707 1480 2762 magis

128 2767 214 2808 sivo
250 2774 295 2808 ut
331 2768 535 2809 discordia
569 2768 663 2809 inde
698 2768 803 2809 inter
836 2775 974 2823 patres
1009 2768 1254 2823 plebemque
1285 2775 1477 2810 oreretur.

1211 2835 1255 2868 7*

1515 554 1531 580 Ι»,

1510 2005 1527 2068 tc*
