1780 3204
1429 277 1478 290 ιι·-

462 292 612 327 LIBER
635 291 725 336 vn,
751 291 804 325 ⁵23.
824 289 877 325 24.
905 288 1097 334 [a.c.351.
1118 287 1199 331 350]
1427 276 1508 315 ωδ

246 396 422 437 XXIII.
471 394 532 435 M.
558 394 743 449 Popilius
763 393 929 433 Laenas
956 407 979 432 a
1003 391 1121 446 plebe
1147 389 1308 438 consul,
1335 404 1359 429 a
1383 388 1505 443 patri-

164 459 240 500 bus
264 459 317 499 L.
340 457 555 499 Cornelius
578 455 717 510 Scipio
743 455 876 495 datus.
925 453 1088 494 fortuna
1113 467 1276 506 quoque
1301 451 1508 491 inlustrio-

163 537 249 563 rem
277 521 482 576 plebeium
514 518 721 560 consulem
748 517 863 558 fecit:
895 532 990 557 nam
1015 531 1108 556 cum
1131 515 1340 570 ingentem
1366 511 1508 554 Gallo-

162 599 253 624 rum
285 582 505 623 exercitum
536 581 578 621 in
609 595 707 635 agro
732 579 884 620 Latino
909 584 1042 619 castra
1066 577 1254 632 posuisse
1279 575 1508 616 nuntiatum

163 651 289 694 esset,
329 643 521 698 Scipione
557 642 672 697 gravi
708 640 850 682 morbo
881 640 1080 694 inplicito,
1120 638 1326 681 Gallicum
1356 637 1508 679 bellum

162 706 323 761 Popilio
349 712 462 746 extra
487 704 671 746 ordinem
696 704 849 744 datum.
892 702 926 743 is
951 702 1110 756 inpigre
1136 701 1318 742 exercitu
1343 699 1505 754 scripto,

163 783 256 809 cum
282 767 412 808 omnis
439 773 553 807 extra
577 772 736 819 portam
763 763 974 818 Capenam
1000 764 1052 804 ad
1071 763 1220 803 Martis
1246 762 1389 802 aedem
1415 776 1511 801 con-

162 829 300 870 venire
330 835 506 869 armatos
538 827 715 867 iuniores
746 825 935 866 iussisset
971 825 1170 879 signaque
1206 824 1350 865 eodem
1386 837 1511 876 quac-

164 898 293 932 stores
331 905 382 931 ex
417 889 572 930 aerario
608 888 785 936 deferre,
829 894 1019 940 quattuor
1055 886 1227 941 expletis
1263 884 1508 941 legionibus,

162 953 273 1006 quod
315 951 515 1006 superfuit
557 951 731 990 militum
766 949 815 990 P.
852 948 1017 989 Valerio
1053 948 1292 990 Publicolae
1333 947 1510 1002 praetori

162 1014 343 1063 tradidit,
371 1020 512 1053 auctor
530 1011 714 1066 patribus
737 1011 941 1052 scribendi
961 1010 1126 1051 alterius
1152 1010 1371 1058 exercitus,
1401 1008 1510 1062 quod

163 1076 214 1116 ad
249 1075 423 1115 incertos
460 1074 555 1115 belli
592 1079 761 1114 eventus
800 1072 1029 1113 subsidium
1065 1072 1124 1111 rei
1159 1071 1347 1125 publicae
1388 1076 1508 1110 esset.

161 1137 249 1191 ipse
273 1137 355 1177 iam
381 1136 478 1176 satis
504 1134 693 1176 omnibus
719 1133 926 1174 instructis
947 1133 1259 1186 conparatisque
1279 1132 1331 1172 ad
1349 1131 1510 1171 hostem
1537 1159 1542 1166 .

161 1198 304 1253 pergit.
343 1198 458 1237 euius
477 1203 521 1236 ut
538 1196 652 1250 prius
671 1201 857 1236 nosceret
877 1195 983 1235 vires
1009 1208 1133 1247 quam
1158 1193 1340 1248 periculo
1365 1193 1509 1233 ultimo

161 1265 394 1313 temptaret,
426 1259 467 1298 in
493 1257 668 1306 tumulo,
706 1271 829 1310 quem
859 1256 1092 1310 proximum
1123 1256 1267 1296 castris
1295 1253 1510 1297 Gallorum

160 1335 304 1374 capere
322 1320 472 1374 potuit,
498 1319 652 1360 vallum
672 1319 820 1359 ducere
840 1318 985 1372 eoepit.
1022 1332 1124 1372 gens
1149 1317 1267 1358 ferox
1292 1323 1333 1358 et
1356 1316 1509 1371 ingenii

160 1382 269 1422 avidi
295 1382 347 1422 ad
370 1396 553 1436 pugnam
579 1395 672 1421 cum
697 1379 838 1434 procul
863 1380 963 1420 visis
984 1379 1266 1420 Romanorum
1293 1379 1440 1434 signis,
1466 1386 1509 1418 ut

159 1443 364 1497 extemplo
394 1442 595 1497 proelium
620 1442 786 1490 initura,
820 1441 1085 1496 explicuisset
1110 1442 1259 1490 aciem,
1290 1447 1510 1495 postquam

160 1520 290 1559 neque
320 1505 362 1545 in
393 1519 568 1558 aequum
600 1504 759 1544 demitti
789 1519 938 1559 agmen
962 1503 1064 1543 vidit
1089 1510 1129 1544 et
1154 1518 1247 1544 cum
1272 1503 1351 1543 loci
1376 1502 1511 1543 altitu-

159 1567 252 1608 dine
283 1575 369 1607 tum
400 1567 507 1608 vallo
538 1567 659 1607 etiam
690 1566 818 1621 integi
848 1566 1078 1615 Romanos,
1115 1565 1326 1620 perculsos
1358 1579 1510 1618 pavore

162 1636 249 1670 rata
280 1629 402 1670 simul
433 1629 733 1683 oportuniores,
771 1629 881 1681 quod
911 1628 1054 1668 intenti
1084 1634 1170 1667 tum
1196 1627 1372 1667 maxime
1399 1626 1511 1679 operi

161 1698 315 1739 essent,
353 1691 457 1731 truci
487 1691 662 1731 clamore
694 1690 942 1744 adgreditur.
992 1688 1043 1729 ab
1069 1688 1268 1729 Romanis
1299 1702 1374 1728 nec
1406 1702 1508 1741 opus

160 1753 438 1792 intermissum
458 1752 655 1792 —triarii
681 1759 794 1792 erant
819 1751 888 1804 qui
914 1750 1271 1791 muniebant-et
1297 1748 1348 1789 ab
1373 1748 1512 1789 hasta-

161 1814 212 1853 tis
237 1812 590 1867 principibusque,
623 1813 691 1866 qui
716 1827 789 1866 pro
815 1812 1087 1852 munitoribus
1112 1811 1255 1852 intenti
1286 1811 1510 1864 armatique

163 1881 378 1922 steterunt,
404 1874 604 1927 proelium
623 1874 781 1914 initum.
826 1880 986 1927 praeter
1003 1873 1195 1913 virtutem
1213 1873 1328 1913 loeus
1348 1887 1509 1925 quoque

164 1936 348 1990 superior
378 1936 550 1984 adiuvit,
582 1943 625 1975 ut
650 1936 733 1989 pila
759 1935 895 1976 omnia
919 1935 1143 1988 hastaeque
1168 1949 1269 1984 non,
1301 1942 1510 1988 tamquam

163 2012 213 2038 ex
239 2012 368 2050 aequo
393 1997 538 2046 missa,
565 2013 689 2046 vana,
716 1998 826 2050 quod
845 1997 1085 2051 plerumque
1110 1997 1173 2045 fit,
1201 1997 1410 2045 caderent,
1438 1996 1511 2037 sed

163 2059 298 2100 omnia
322 2059 468 2100 librata
484 2059 733 2113 ponderibus
754 2059 993 2114 figerentur3
1021 2060 1256 2112 oneratique
1275 2059 1365 2100 telis
1387 2058 1508 2108 Galli,

162 2121 310 2174 quibus
337 2128 406 2162 aut
426 2136 594 2175 corpora
613 2118 809 2162 transfixa
827 2128 897 2162 aut
916 2128 1185 2177 praegravata
1203 2121 1511 2162 inhaerentibus

162 2182 359 2237 gerebant
386 2191 519 2232 scuta,
552 2198 644 2223 cum
671 2198 794 2224 eursu
817 2198 946 2238 paene
971 2183 1014 2223 in
1039 2183 1257 2224 adversum
1290 2183 1509 2231 subissent,

163 2244 293 2297 primo
318 2245 462 2284 incerti
485 2244 686 2294 restitere,
713 2245 808 2285 (lein
832 2260 926 2285 cum
950 2245 1041 2299 ipsa
1061 2245 1264 2286 cunetatio
1285 2251 1323 2285 et
1341 2244 1405 2285 his
1426 2245 1511 2285 ani-

163 2319 252 2346 mos
288 2306 503 2347 minuisset
533 2314 572 2347 et
603 2307 785 2348 auxisset
814 2307 940 2356 hosti,
977 2307 1129 2362 inpulsi
1158 2314 1265 2348 retro
1295 2322 1412 2348 ruere
1443 2307 1511 2347 alii

164 2381 287 2420 super
327 2367 428 2408 alios
472 2376 732 2423 stragemque
773 2369 878 2409 inter
920 2384 963 2410 se
1000 2369 1124 2410 caede
1159 2369 1250 2423 ipsa
1285 2368 1511 2410 foediorem

163 2428 278 2468 dare:
326 2429 429 2470 adeo
469 2430 681 2484 praecipiti
722 2430 841 2471 turba
882 2430 1019 2472 obtriti
1058 2431 1196 2486 plures
1237 2445 1361 2484 quam
1402 2430 1510 2471 ferro

166 2490 310 2530 necati.

246 2551 448 2593 XXHH.
502 2552 690 2594 Necdum
721 2560 831 2594 certa
860 2554 1059 2595 Romanis
1090 2554 1260 2595 victoria
1290 2561 1394 2603 erat,
1432 2553 1511 2594 alia

161 2613 201 2652 in
229 2627 417 2668 campum
443 2615 650 2669 degressis
677 2626 886 2670 supererat
910 2615 1057 2656 moles:
1090 2630 1267 2669 namque
1292 2615 1508 2656 multitudo

162 2673 377 2716 Gallorum
414 2691 581 2717 sensum
620 2692 782 2718 omnem
818 2678 908 2718 talis
947 2678 1085 2718 damni
1115 2692 1367 2732 exsuperans
1397 2677 1510 2718 velut

160 2751 266 2778 nova
307 2753 447 2780 rursus
492 2739 698 2781 exoriente
741 2740 826 2782 acie
863 2741 1068 2796 integrum
1103 2740 1272 2781 militem
1309 2740 1507 2781 adversus

1534 523 1551 551 Nu

1538 1328 1554 1355 (J'

1538 1701 1553 1728 7

1540 2258 1576 2286 10
