1780 3204
484 278 638 313 LIBER
661 277 707 322 V,
732 277 786 310 53.
805 276 859 310 54.
887 279 936 320 [a.
951 274 990 310 C.
1004 275 1086 320 390]
1389 264 1471 305 303

117 385 366 438 exiliumque
404 398 451 425 30
489 383 632 438 sugam
662 380 780 422 nobis
813 395 863 420 cx
900 394 947 420 eo
983 380 1072 420 loco
1110 377 1471 426 conscisceremus,

117 456 240 494 quem
270 441 374 481 tucri
409 455 491 481 non
526 453 757 493 possemus.
818 443 858 476 et
890 434 1001 477 Galli
1037 441 1217 476 evertere
1252 440 1473 489 potuerunt

117 498 306 546 Romam,
333 512 456 550 quam
469 495 647 537 Romani
665 493 878 534 restituere
899 507 982 533 non
1002 491 1249 532 videbuntur
1266 489 1475 545 potuisse?

117 554 216 606 quid
241 560 378 602 restat,
405 553 484 593 nisi
510 558 564 602 ut,
592 552 626 592 si
650 551 732 591 iam
757 549 875 590 novis
902 549 1030 603 copiis
1056 548 1220 589 veniant
1239 573 1292 576 —
1314 552 1474 587 constat

119 610 244 657 enim,
277 610 346 649 vix
372 608 608 649 credibilem
633 606 932 647 multitudinem
960 619 1051 645 esse
1077 630 1130 634 —
1156 612 1195 644 et
1225 603 1409 644 habitare
1433 603 1474 642 in

118 673 238 719 capta
258 665 308 705 ab
330 680 385 713 se,
412 665 574 705 deserta
594 679 617 704 a
636 663 753 704 vobis
776 661 853 702 hac
872 661 971 702 urbe
991 661 1129 709 velint,
1158 659 1326 701 sinatis?
1350 658 1473 712 quid?

118 722 153 761 si
178 737 260 761 non
281 720 391 762 Galli
416 721 506 769 hoc,
535 721 607 760 sed
631 728 789 760 veteres
816 719 955 759 hostes
975 717 1100 758 vestri
1121 716 1259 769 Aequi
1279 715 1475 756 Volscive

117 777 286 826 saciant,
314 789 359 817 ut
383 777 653 831 commigrent
677 776 871 823 Romam,
898 774 1104 822 velitisne,
1131 773 1221 813 illos
1247 773 1472 819 Romanos,

117 848 192 874 103
223 833 419 874 Veientes
452 848 561 881 esse,
599 848 650 872 an
681 832 831 872 malitis
862 831 968 871 hanc
999 829 1261 870 solitudinem
1297 835 1474 869 vestram

117 904 242 942 quam
267 889 410 930 urbem
434 889 615 930 hostium
641 888 756 928 esse?
787 903 869 928 non
893 886 1083 940 equidem
1108 886 1240 934 111100,
1268 885 1368 938 quid
1390 899 1476 924 ma-

117 946 181 1000 gis
214 945 331 986 nefas
364 946 427 986 sit.
487 945 589 985 haec
620 944 791 992 scelera,
830 943 925 997 quia
955 943 1069 997 piget
1099 941 1332 989 aedificare,
1370 940 1472 980 haec

118 1002 318 1042 dedecora
342 1002 426 1056 pati
450 1001 581 1055 parati
606 1000 729 1041 estis?
759 1001 793 1041 si
818 1006 903 1040 tota
928 998 1026 1039 urbe
1046 998 1204 1038 nullum
1223 997 1369 1038 melius
1390 1011 1476 1037 am-

117 1057 278 1112 pliusve
303 1064 456 1098 tectum
480 1057 568 1098 fieri
592 1057 724 1112 possit
780 1071 903 1109 quam
935 1069 1031 1095 casa
1061 1054 1130 1094 illa
1161 1054 1382 1094 conditoris
1415 1059 1478 1093 est

117 1113 265 1163 nostri,
302 1129 382 1154 non
406 1114 449 1154 in
474 1113 579 1154 casis
604 1113 684 1153 ritu
713 1119 925 1166 pastorum
956 1110 1262 1165 agrestiumque
1292 1109 1476 1149 habitare

119 1177 181 1210 est
207 1171 332 1210 satius
358 1170 462 1210 inter
493 1184 608 1210 sacra
637 1174 888 1222 penatesque
918 1173 1080 1207 nostros
1111 1180 1235 1218 quam
1267 1165 1475 1205 exulatum

117 1225 280 1279 publice
305 1226 388 1265 ire?
418 1225 593 1265 maiores
614 1224 753 1272 nostri,
782 1237 989 1263 convenae
1009 1229 1288 1276 pastoresque,
1316 1235 1410 1261 011111
1435 1220 1477 1260 111
1503 1235 1509 1261 ⁴.

118 1282 181 1322 his
206 1281 306 1321 locis
331 1281 433 1321 nihil
456 1287 616 1335 praeter
641 1280 765 1320 silvas
791 1279 1046 1333 paludesque
1072 1284 1199 1326 esset,
1232 1292 1382 1317 novam
1407 1291 1475 1316 ur-

118 1338 211 1378 bem
237 1344 321 1377 tam
345 1337 460 1378 brevi
485 1337 768 1377 aedificarunt:
801 1350 876 1375 nos
904 1333 1121 1388 Capitolio,
1149 1348 1242 1374 arce
1267 1333 1475 1381 incolumi,

118 1393 318 1434 stantibus
338 1393 500 1446 templis
521 1393 702 1441 deorum,
730 1391 944 1432 aedificare
964 1391 1133 1431 incensa
1152 1390 1290 1445 piget?
1315 1400 1352 1430 et
1367 1390 1477 1443 quod

118 1449 268 1504 singuli
292 1449 440 1489 facturi
464 1449 632 1498 fuimus,
660 1449 694 1489 si
720 1448 843 1489 aedes
868 1454 1032 1488 nostrae
1059 1446 1370 1501 deflagrassent,
1397 1446 1475 1487 1100

119 1506 161 1546 111
184 1505 349 1560 publico
373 1505 562 1546 incendio
588 1505 769 1546 universi
793 1519 1032 1545 recusamus
1058 1503 1220 1544 facere?

201 1561 347 1602 LIHI.
397 1560 511 1614 Quid
542 1562 726 1610 tandem,
760 1561 795 1601 si
819 1560 982 1608 fraude,
1011 1559 1045 1600 si
1070 1574 1171 1600 casu
1195 1558 1312 1600 Veiis
1338 1558 1477 1600 inccn-

118 1619 231 1659 dium
256 1624 389 1659 ortum
415 1618 484 1667 sit,
511 1625 733 1671 ventoque,
767 1623 811 1657 ut
835 1617 923 1657 fieri
947 1622 1100 1670 potest,
1134 1615 1286 1656 diffusa
1309 1616 1476 1656 flamma

119 1689 313 1729 magnam
336 1681 496 1728 partem
521 1674 632 1715 urbis
660 1673 869 1721 absumat,
896 1673 1076 1713 Fidenas
1100 1672 1196 1712 inde
1221 1678 1291 1712 aut
1318 1670 1476 1712 Gabios

119 1731 292 1771 aliamve
323 1744 446 1782 quam
476 1730 622 1770 urbem
646 1729 871 1782 quaesituri
903 1743 1063 1775 sumus,
1102 1742 1183 1781 quo
1215 1727 1480 1782 transmigre-

120 1787 236 1826 mus?
266 1786 367 1825 adeo
391 1786 492 1825 nihil
517 1793 627 1826 tenet
653 1786 785 1826 solum
809 1785 965 1838 patriae
990 1798 1065 1824 nec
1085 1784 1187 1824 haec
1209 1790 1328 1833 terra,
1355 1798 1479 1836 quam

122 1849 292 1881 matrem
328 1842 601 1894 appellamus,
646 1842 719 1881 sed
755 1842 796 1880 in
834 1840 1048 1893 superficie
1085 1840 1293 1894 tignisque
1331 1840 1479 1880 caritas

121 1897 239 1937 nobis
265 1897 418 1950 patriae
443 1897 618 1950 pendet?
648 1897 838 1949 equidem
863 1921 916 1924 —
942 1895 1102 1936 fatebor
1131 1895 1269 1944 vobis,
1302 1896 1379 1936 etsi
1403 1896 1479 1936 mi-

123 1967 200 1992 nus
224 1952 395 1992 iniuriae
419 1960 578 1993 vestrae
604 1968 728 2005 quam
753 1966 869 1992 meae
895 1951 1137 1992 calamitatis
1162 1952 1400 1993 meminisse
1419 1952 1481 1992 iu-

123 2014 193 2048 vat
221 2032 276 2037 —
307 2022 400 2048 cum
431 2007 638 2058 abessem,
677 2008 1043 2061 quotienscumque
1074 2009 1205 2062 patria
1234 2009 1276 2048 in
1300 2015 1481 2049 mentem

122 2063 297 2112 veniret,
334 2064 435 2104 haec
460 2065 597 2105 onmia
621 2064 906 2112 occurrebant,
946 2063 1069 2105 colles
1096 2065 1313 2119 campique
1344 2071 1384 2105 et
1409 2064 1480 2105 Ti-

124 2120 232 2161 beris
258 2126 297 2159 et
322 2120 492 2160 adsueta
517 2120 645 2161 oculis
670 2121 784 2175 regio
810 2127 850 2160 et
873 2120 951 2160 hoc
976 2120 1154 2169 caelum,
1193 2121 1270 2162 sub
1302 2135 1383 2174 quo
1408 2136 1483 2161 na-

126 2182 190 2216 tus
217 2176 495 2229 educatusque
516 2191 649 2217 essem
659 2193 668 2225 3
695 2191 800 2229 quae
819 2191 907 2225 vos,
935 2175 1131 2229 Quirites,
1157 2191 1267 2217 nune
1287 2184 1481 2218 moveant

126 2231 261 2286 potius
298 2232 464 2272 caritate
501 2248 592 2281 sua,
636 2240 680 2272 ut
717 2232 914 2273 maneatis
951 2233 993 2273 in
1030 2233 1127 2273 sede
1164 2240 1318 2282 vestra,
1357 2249 1481 2287 quam

127 2294 288 2341 postea,
316 2302 410 2327 cum
433 2288 695 2342 reliqueritis,
723 2304 771 2329 ea
794 2295 1003 2329 macerent
1027 2289 1242 2330 desiderio.
1286 2304 1368 2330 non
1393 2290 1480 2330 sinc

128 2358 253 2383 causa
277 2343 332 2383 dii
356 2344 624 2398 hominesque
650 2345 757 2385 hunc
788 2345 879 2385 urbi
910 2345 1147 2386 condendae
1177 2346 1314 2386 locum
1346 2346 1481 2401 elege-

127 2406 231 2447 runt,
259 2399 547 2441 saluberrimos
574 2401 716 2450 colles,
742 2401 896 2441 flumen
920 2407 1185 2455 oportunum,
1213 2417 1293 2455 quo
1321 2417 1371 2443 ex
1396 2416 1481 2442 me-

128 2455 365 2496 diterraneis
401 2456 501 2496 locis
537 2456 678 2512 fruges
715 2457 984 2506 devehantur,
1023 2472 1104 2510 quo
1141 2458 1333 2499 maritimi
1369 2473 1480 2499 com—

128 2518 286 2551 meatus
318 2512 585 2565 accipiantur,
622 2513 724 2553 mari
754 2513 934 2553 vicinum
970 2514 1023 2554 ad
1058 2515 1368 2556 commoditates
1404 2529 1480 2555 nee

129 2568 359 2621 expositum
390 2568 516 2608 nimia
545 2570 845 2623 propinquitate
876 2570 928 2609 ad
964 2570 1146 2623 pericula
1181 2571 1375 2611 classium
1412 2585 1482 2612 ex-

129 2632 352 2672 ternarum,
378 2624 593 2679 regionum
618 2625 760 2666 Italiae
787 2626 986 2674 medium,
1019 2626 1069 2666 ad
1095 2626 1391 2668 incrementum
1415 2643 1481 2668 ur-

130 2678 191 2720 bis
222 2686 364 2720 natum
395 2680 512 2721 unice
542 2681 690 2722 locum.
751 2689 992 2736 argumento
1024 2689 1085 2722 est
1120 2682 1211 2737 ipsa
1240 2684 1479 2739 magnitudo

130 2741 212 2775 tam
248 2750 378 2776 110130
417 2736 541 2778 urbis.
609 2738 918 2779 trecentesimus
957 2739 1270 2793 sexagensimus
1312 2740 1477 2794 quintus

1506 1797 1523 1825 10

1503 1909 1520 1937 00

1506 2698 1524 2727 ε’)
