1780 3204
356 250 506 285 LIBER
529 250 620 294 VH,
646 249 790 283 ‘28—30.
818 251 866 292 [a.
882 247 1129 292 0346-343]
1337 238 1420 280 379

69 358 214 399 bustus
240 356 359 397 datus
386 362 459 396 est.
508 369 590 395 non
615 352 743 394 tribus
769 359 926 394 tantum
953 352 1224 407 supplicatum
1251 352 1308 393 ire
1332 351 1420 406 pla-

69 419 169 468 cuit,
205 418 278 459 sed
302 417 494 458 finitimos
516 408 641 457 'etiam
666 415 860 470 populos,
893 415 1075 469 ordoque
1099 415 1168 464 iis,
1201 429 1282 468 quo
1307 415 1420 468 quis-

69 495 148 534 que
174 481 239 521 die
266 479 560 534 supplicarent,
588 484 777 519 statutus.

152 542 311 582 Iudicia
330 556 376 581 eo
397 555 502 581 anno
520 540 660 594 populi
681 539 811 580 tristia
829 539 870 579 in
890 538 1165 580 faeneratores
1185 538 1307 588 facta,
1334 539 1422 592 qui-

67 604 145 645 bus
171 603 222 644 ab
249 602 448 643 aedilibus
474 602 582 642 dicta
607 601 693 641 dies
720 607 848 649 esset,
874 600 1100 641 traduntur.
1156 607 1195 641 et
1218 615 1284 642 res
1309 600 1421 641 haud

70 665 153 706 ulla
178 665 329 720 insigni
354 665 406 705 ad
429 663 667 704 memoriam
693 677 818 703 causa
843 663 895 703 ad
919 662 1197 717 interregnum
1217 663 1334 703 redit.
1372 677 1423 703 ex

72 728 324 781 interregno,
357 733 400 766 ut
424 726 466 766 id
491 732 628 766 actum
652 725 781 765 videri
805 731 963 779 posset,
996 724 1118 765 ambo
1142 724 1302 779 patricii
1327 739 1422 765 con-

71 790 179 830 sules
207 789 330 830 creati
355 795 466 830 sunt:
492 787 553 828 M.
574 787 765 828 Valerius
788 786 950 828 Corvus
975 787 1156 837 tertium,
1184 787 1238 828 A.
1267 786 1424 828 Corne-

68 851 148 892 lius
175 850 348 892 Cossus.

152 912 396 954 XXVIIII.
444 911 607 952 Maiora
636 911 718 952 iarn
749 911 843 951 hinc
874 911 982 952 bella
1012 918 1052 951 et
1082 910 1237 952 viribus
1270 917 1310 952 et
1332 910 1422 952 lon-

67 975 294 1029 ginquitate
330 974 396 1015 vel
430 973 646 1029 regionum
682 973 748 1014 vel
783 980 1013 1027 temporum
1044 972 1233 1027 (spatio),
1271 972 1421 1026 quibus

67 1036 264 1077 bellatum
284 1043 362 1086 est,
389 1036 586 1076 dicentur.
628 1049 804 1088 namque
831 1050 878 1075 eo
904 1049 1010 1075 anno
1036 1034 1234 1075 adversus
1257 1033 1422 1075 Samni-

68 1106 148 1147 tes,
175 1106 341 1153 gentem
366 1097 512 1152 opibus
539 1097 744 1150 armisque
770 1096 966 1145 validam,
993 1103 1105 1137 mota
1129 1111 1255 1136 arma..
1301 1094 1422 1137 Sam-

67 1161 211 1200 uitium
236 1160 388 1201 bellum
413 1159 578 1213 ancipiti
602 1158 738 1199 Marte
763 1165 926 1213 gestum
954 1157 1108 1213 Pyrrus
1133 1158 1284 1206 hostis,
1316 1157 1422 1212 Pyr-

66 1236 155 1261 rum
197 1221 329 1262 Poeni
371 1221 511 1261 secuti.
572 1227 725 1274 quanta
765 1235 902 1260 rerum
945 1219 1093 1261 moles!
1147 1220 1337 1273 quotiens
1380 1220 1422 1260 in

66 1290 248 1323 extrema
277 1282 551 1337 periculorum
581 1290 768 1331 ventum,
806 1289 851 1322 ut
880 1282 921 1322 in
946 1282 1053 1322 hanc
1078 1282 1418 1336 magnitudinem,

65 1359 170 1399 quae
195 1345 264 1385 vix
295 1344 535 1393 sustinetur,
568 1344 669 1399 erigi
698 1344 915 1398 imperium
945 1343 1106 1399 posset!
1156 1344 1252 1385 belli
1282 1351 1420 1385 autem

67 1421 192 1448 causa
217 1421 311 1447 cum
338 1405 593 1448 Samnitibus
618 1406 838 1456 Romanis,
873 1421 966 1448 cum
999 1407 1193 1448 societate
1225 1407 1422 1448 amicitia-

65 1483 144 1522 que
167 1468 294 1509 iuncti
319 1475 473 1517 essent,
505 1468 759 1510 extrinsecus
786 1469 915 1518 venit,
947 1484 1030 1510 non
1055 1477 1143 1510 orta
1173 1469 1278 1510 inter
1306 1470 1420 1524 ipsos

67 1537 140 1571 est.
203 1529 410 1572 Samnites
439 1529 633 1572 Sidicinis
664 1531 817 1572 iniusta
847 1547 978 1581 arma,
1017 1532 1114 1586 quia
1144 1531 1299 1573 viribus
1324 1532 1418 1587 plus

64 1598 269 1647 poterant,
303 1607 398 1634 cum
422 1592 674 1642 intulissent,
707 1593 838 1634 coacti
862 1593 1006 1648 inopes
1038 1594 1090 1634 ad
1120 1594 1421 1648 opulentiorum

65 1654 262 1694 auxilium
282 1655 524 1710 confugere,
553 1653 778 1708 Campanis
800 1669 890 1696 sese
911 1655 1177 1710 coniungunt.
1217 1654 1422 1710 Campani

64 1716 197 1770 magis
234 1731 382 1756 nomen
419 1716 472 1756 ad
506 1716 757 1770 praesidium
795 1717 1000 1758 sociorum
1031 1731 1154 1771 quam
1185 1717 1293 1757 vires
1326 1731 1420 1757 cum

66 1777 315 1826 attulissent,
352 1777 524 1818 fluentes
554 1777 656 1817 luxu
687 1777 737 1818 ab
770 1778 924 1819 duratis
950 1793 1030 1819 usu
1054 1793 1260 1821 armorum
1285 1779 1329 1819 in
1355 1777 1422 1820 Si-

65 1838 200 1878 dicino
230 1838 339 1893 pulsi
370 1854 487 1894 agro,
519 1839 561 1878 in
592 1853 636 1879 se
667 1839 814 1880 deinde
845 1840 996 1880 molem
1021 1855 1185 1881 omnem
1210 1840 1307 1881 belli
1330 1856 1421 1881 ver-

68 1906 214 1940 terunt.
274 1915 451 1953 namque
479 1899 687 1941 Samnites
714 1901 878 1942 omissis
906 1900 1101 1943 Sidicinis
1126 1903 1259 1956 ipsam
1285 1917 1420 1944 arcem

66 1961 351 2011 finitimorum,
379 1961 635 2016 Campanos,
667 1962 816 2012 adorti,
848 1963 956 2004 unde
983 1978 1112 2017 aeque
1137 1964 1269 2005 facilis
1295 1965 1423 2005 victo-

66 2023 144 2073 ria,
178 2023 353 2077 praedae
380 2030 501 2077 atque
525 2024 679 2079 gloriae
704 2025 797 2079 plus
830 2033 956 2076 esset,
990 2026 1147 2077 Tifata,
1184 2027 1420 2069 inminentis

69 2083 240 2139 Capuae
272 2086 405 2135 collis,
438 2101 531 2127 cum
556 2087 761 2141 praesidio
786 2088 904 2129 firmo
929 2096 1219 2144 occupassent,
1251 2090 1434 2145 descen-⁴

67 2147 170 2187 dunt
205 2147 300 2189 inde
337 2149 536 2202 quadrato
568 2150 731 2204 agmine
762 2151 805 2190 in
834 2151 1063 2205 planitiem,
1101 2167 1206 2206 quae
1233 2152 1420 2208 Capuam

69 2207 290 2262 Tifataque
314 2210 535 2251 interiacet.
584 2211 640 2252 ibi
664 2227 806 2253 rursus
832 2213 918 2254 acie
944 2213 1201 2264 dimicatum,
1229 2215 1422 2256 adverso-

67 2284 147 2323 que
172 2271 325 2324 proelio
353 2271 555 2327 Campani
579 2273 684 2315 intra
714 2275 876 2316 moenia
907 2275 1111 2330 conpulsi,
1150 2291 1244 2318 cum
1273 2277 1419 2319 robore

68 2332 291 2373 iuventutis
319 2347 417 2374 suae
441 2334 577 2376 acciso
602 2335 714 2376 nulla
738 2336 968 2391 propinqua
999 2352 1093 2392 spes
1124 2345 1251 2388 esset,
1290 2340 1420 2380 coacti

71 2400 164 2434 sunt
188 2393 240 2435 ab
264 2394 464 2437 Romanis
488 2403 627 2451 petere
653 2398 862 2439 auxilium.

151 2455 308 2497 XXX.
344 2457 498 2513 Legati
521 2459 741 2500 introducti
765 2460 806 2501 in
832 2467 1020 2502 senatum
1043 2463 1223 2503 maxime
1247 2463 1289 2503 in
1313 2463 1419 2505 hanc

68 2518 310 2559 sententiam
339 2519 464 2560 locuti
495 2528 607 2562 sunt:
647 2522 842 2577 ‘populus
873 2538 948 2564 nos
982 2523 1222 2579 Campanus
1259 2525 1419 2581 legatos

65 2579 119 2619 ad
142 2594 235 2629 vos,
266 2587 402 2635 patres
428 2583 666 2638 conscripti,
698 2584 809 2625 misit
839 2585 1060 2626 amicitiam
1090 2587 1132 2627 in
1161 2594 1417 2642 perpetuum,

65 2641 262 2683 auxilium
298 2658 494 2697 praesens
531 2660 555 2685 a
589 2645 707 2687 vobis
742 2647 928 2701 petitum.
988 2662 1112 2702 quam
1155 2649 1189 2690 si
1226 2651 1416 2692 secundis

65 2702 188 2745 rebus
213 2705 363 2747 nostris
387 2706 655 2761 petissemus,
689 2708 793 2749 sieut
819 2716 964 2764 coepta
994 2710 1185 2761 celerius,
1222 2711 1279 2753 ita
1307 2712 1418 2754 infir-

1450 675 1490 705 10

1447 1110 1464 1139 [ὗ

1447 1917 1464 1947 6

1442 2665 1460 2694 10
