1835 3226
321 186 402 227 538
710 189 864 224 LIBER
889 190 941 233 X,
967 189 1021 223 40.
1051 192 1195 232 [21.u.c.
1215 190 1297 233 461]

275 310 293 338 2
319 311 405 335 ram
431 294 511 334 diei
535 293 749 346 noctisque
769 292 954 332 oderunt.
991 292 1110 332 tertia
1127 292 1268 347 vigilia
1285 293 1417 334 noctis
1436 294 1517 334 iam
1536 296 1674 338 relatis

318 355 463 396 litteris
495 370 519 394 a
550 354 709 408 collega
738 352 931 407 Papirius
964 353 1123 394 silentio
1155 354 1286 408 surgit
1316 361 1356 395 et
1385 355 1603 409 pullarium
1633 358 1675 398 in

275 432 293 462 3
320 416 548 471 auspicium
575 415 708 455 mittit.
757 415 915 455 nullum
946 422 1032 457 erat
1061 430 1193 470 genus
1225 416 1437 457 hominum
1462 417 1505 457 in
1529 418 1673 460 castris

319 481 515 520 intactum
547 478 768 532 cupiditate
798 492 982 532 pugnae,
1022 478 1172 519 summi
1202 478 1412 532 infimique
1449 494 1578 533 aeque
1613 480 1675 520 in-

321 541 419 581 tenti
444 546 575 589 erant,
607 540 692 580 dux
717 539 909 589 militum,
941 539 1058 581 miles
1085 540 1200 581 ducis
1233 541 1418 581 ardorem
1450 541 1673 596 spectabat.

275 618 293 645 4
319 604 353 643 is
379 603 499 643 ardor
523 602 705 643 omnium
733 602 855 642 ctiam
880 602 932 642 ad
958 616 1028 643 cos
1054 602 1124 655 qui
1145 603 1329 657 auspicio
1347 603 1565 644 intererant
1585 618 1676 658 pcr-

319 665 440 705 vcnit.
478 679 573 704 nam
593 678 686 704 cum
705 663 806 718 pulli
824 678 907 704 non
926 671 1203 718 pascerentur,
1229 664 1426 719 pullarius
1446 666 1675 720 auspicium

275 741 293 769 :2
320 726 482 766 mentiri
501 741 628 767 ausus
648 726 871 780 tripudium
891 726 1137 767 solistimum
1157 727 1314 768 consuli
1334 728 1547 768 nuntiavit.
1580 743 1676 769 con-

321 789 384 830 sul
408 788 552 836 laetus,
580 788 808 842 auspicium
829 789 1040 843 egregium
1060 804 1151 830 esse
1171 796 1210 830 et
1228 789 1315 830 dcis
1337 790 1572 831 auctoribus
1592 805 1675 831 rem

274 865 291 894 6
317 857 506 905 gestures
532 850 767 904 pronuntiat
793 851 1038 905 signumque
1068 865 1233 906 pugnae
1260 852 1461 905 proponit.
1513 852 1677 893 exeunti

316 914 398 953 iam
417 914 521 954 sorte
540 913 583 953 in
601 913 730 954 aciem
750 914 909 954 nuntiat
929 913 1116 968 perfuga,
1143 914 1288 968 viginti
1313 914 1499 955 cohortes
1516 913 1679 956 Samni-

317 975 418 1015 tium
445 1001 498 1004 —
529 975 895 1030 quadringenariae
926 976 1055 1016 ferme
1087 983 1201 1016 crant
1226 1002 1279 1005 —
1317 975 1554 1017 Cominium
1586 991 1679 1030 pro-

317 1038 459 1078 fectas.
498 1038 609 1090 quod
622 1053 671 1077 ne
686 1037 892 1092 ignoraret
905 1038 1075 1093 collega,
1103 1038 1309 1092 extemplo
1336 1039 1522 1078 nuntium
1542 1039 1677 1088 mittit,

317 1099 405 1152 ipse
432 1099 549 1153 signa
575 1099 688 1140 ocius
712 1100 885 1154 proferri
910 1099 1042 1149 iubet3
1077 1099 1343 1154 subsidiaque
1381 1100 1465 1141 suis
1490 1115 1678 1154 quaeque

276 1175 292 1203 7
319 1160 419 1201 locis
447 1168 485 1201 et
509 1161 739 1215 praefectos
766 1161 960 1203 subsidiis
987 1162 1249 1203 adtribuerat.
1300 1162 1444 1203 dextro
1470 1177 1597 1203 cornu
1620 1163 1674 1203 L.

320 1222 600 1271 Volumnium,
628 1223 791 1263 sinistro
805 1223 857 1263 L.
876 1222 1126 1277 Scipionem,
1154 1224 1359 1276 equitibus
1378 1224 1538 1279 legatos
1559 1224 1673 1273 alios,

275 1298 293 1326 8
321 1283 369 1325 C.
387 1283 627 1324 Caedicium
654 1291 691 1325 et
721 1283 810 1338 [T.]
838 1284 1104 1333 Trebonium,
1130 1285 1340 1339 praefecit.
1391 1284 1463 1339 Sp.
1479 1285 1675 1326 Nautium

320 1345 453 1386 mulos
480 1346 670 1386 detractis
699 1346 858 1387 clitellis
885 1361 976 1386 cum
1007 1353 1108 1398 [111]
1135 1346 1371 1387 cohortibus
1398 1347 1533 1388 alariis
1554 1347 1595 1387 in
1614 1353 1677 1387 tu-

322 1407 478 1447 mulum
504 1413 770 1461 conspcctum
796 1422 967 1462 propere
987 1408 1291 1448 circumducere
1310 1407 1423 1448 iubet
1442 1414 1562 1461 atque
1582 1408 1676 1448 inde

321 1469 425 1509 inter
442 1469 575 1522 ipsam
596 1469 898 1509 dimicationem
919 1476 1071 1522 quanto
1092 1469 1269 1509 maxime
1289 1477 1429 1523 posset
1454 1476 1564 1510 moto
1583 1470 1673 1524 pul-

278 1547 294 1575 υ
324 1546 417 1571 vere
443 1530 670 1571 ostendere.
721 1531 819 1571 dum
843 1530 907 1571 his
933 1531 1113 1572 intentus
1139 1532 1360 1584 imperator
1384 1538 1481 1580 crat,
1509 1532 1677 1572 alterca-

321 1593 377 1633 tio
402 1593 506 1633 inter
530 1591 725 1646 pullarios
757 1599 845 1632 orta
876 1592 926 1632 de
957 1592 1141 1646 auspicio
1174 1592 1260 1632 eius
1293 1592 1374 1632 diei
1405 1593 1676 1646 exauditaque

321 1654 372 1695 ab
405 1654 610 1707 equitibus
642 1653 859 1702 Romanis,
898 1653 986 1707 qui,
1022 1668 1109 1694 rem
1141 1652 1250 1694 haud
1284 1654 1557 1708 spernendam
1587 1655 1676 1704 rati,

323 1717 395 1773 Sp.
422 1718 609 1772 Papirio,
642 1717 778 1758 fratris
804 1717 887 1758 filio
913 1717 1113 1765 consulis,
1146 1716 1301 1772 ambigi
1326 1717 1376 1757 de
1408 1717 1591 1770 auspicio
1615 1732 1678 1758 re-

258 1794 297 1823 10
323 1780 624 1820 nuntiaverunt.
690 1779 851 1820 iuvenis
889 1786 982 1820 ante
1020 1779 1246 1820 doctrinam
1283 1779 1382 1819 deos
1420 1786 1677 1832 spernentem

320 1849 440 1884 natus
466 1857 553 1883 rem
578 1842 833 1896 inquisitam,
871 1857 922 1882 ne
955 1842 1055 1895 quid
1079 1842 1363 1896 inconpertum
1394 1841 1588 1891 deferret,
1625 1842 1678 1882 ad

256 1919 291 1948 11
322 1904 532 1945 consulem
558 1904 713 1945 detulit.
763 1904 829 1944 cui
854 1904 939 1944 ille:
974 1908 1036 1944 ‘tu
1061 1904 1228 1957 quidem
1252 1910 1385 1944 macte
1415 1903 1563 1944 virtute
1589 1903 1679 1943 dili-

319 1967 540 2021 gentiaque
565 1965 671 2007 estol
709 1972 891 2007 ceterum
916 1966 989 2019 qui
1013 1965 1197 2020 auspicio
1228 1965 1364 2015 adest,
1401 1965 1436 2006 si
1461 1965 1559 2018 quid
1583 1964 1679 2005 falsi

319 2029 496 2078 nuntiat,
535 2029 577 2069 in
602 2034 732 2070 semet
756 2028 894 2083 ipsum
918 2028 1161 2083 religionem
1186 2028 1348 2082 recipit:
1387 2027 1487 2067 mihi
1511 2027 1678 2081 quidem

322 2090 545 2145 tripudium
576 2090 808 2131 nuntiatum
839 2090 992 2145 populo
1022 2090 1212 2131 Romano
1250 2089 1527 2142 exercituique
1564 2103 1680 2144 egre-

259 2166 294 2194 12
321 2153 435 2207 gium
461 2152 690 2206 auspicium
716 2152 802 2193 est?
852 2151 1158 2193 centurionibus
1185 2152 1333 2192 deinde
1357 2151 1593 2205 imperavit,
1620 2151 1679 2191 uti

320 2214 515 2268 pullarios
546 2215 652 2255 inter
680 2215 813 2269 prima
845 2215 963 2270 signa
1000 2215 1305 2255 constituerent.
1360 2219 1602 2268 promovent
1639 2219 1679 2253 ct

323 2277 529 2317 Samnites
556 2276 686 2331 signa,
713 2277 942 2330 insequitur
966 2277 1074 2318 acics
1101 2282 1244 2317 ornata
1263 2282 1514 2328 armataque,
1541 2281 1584 2315 ut
1605 2274 1678 2315 ho-

259 2352 293 2379 13
322 2339 444 2379 stium
470 2353 633 2392 quoquc
659 2339 925 2394 magnificum
957 2338 1238 2393 spectaculum
1269 2344 1390 2379 esset.
1440 2337 1677 2391 priusquam

322 2401 474 2441 clamor
499 2401 707 2442 tolleretur
733 2409 1122 2455 concurrereturque
1154 2401 1307 2442 emisso
1339 2408 1490 2441 temere
1515 2399 1598 2454 pilo
1622 2398 1679 2439 ic-

322 2469 387 2503 tus
412 2463 609 2517 pullarius
636 2470 728 2504 ante
756 2463 874 2518 signa
899 2464 1056 2504 cecidit.
1101 2463 1212 2517 quod
1237 2463 1308 2504 ubi
1334 2462 1493 2503 consuli
1516 2460 1678 2502 nuntia-

322 2531 408 2564 tum
423 2532 501 2566 est:
530 2525 605 2566 ‘dii
623 2526 665 2566 in
678 2526 832 2580 proelio
853 2526 973 2575 sunt,'
997 2526 1129 2579 inquit
1155 2524 1297 2566 ‘habet
1315 2539 1490 2579 poenam
1509 2522 1677 2564 noxium

260 2599 296 2626 11
323 2587 469 2640 caput?
518 2595 611 2628 ante
643 2588 855 2628 consulem
885 2587 989 2629 haec
1019 2588 1222 2628 dicentem
1254 2602 1402 2628 corvus
1439 2600 1539 2627 voce
1570 2583 1676 2625 clara

324 2648 517 2697 occinuit3
550 2665 631 2702 quo
656 2649 788 2691 lactus
821 2650 993 2704 augurio
1019 2649 1160 2691 consul
1187 2649 1426 2698 adfirmans,
1452 2660 1674 2700 numquam
