1780 3204
588 513 651 542 DE
679 512 798 543 VITA
826 512 891 542 AC
920 511 1140 543 SCRIPTIS

380 607 428 647 T.
466 606 630 647 LIVII
666 605 967 646 PATAVINI
1002 604 1339 647 PROLUSIO.

186 751 286 785 Artis
312 751 486 795 antiquae
514 762 628 794 opera
653 750 730 783 Titi
754 749 863 782 Livii¹

141 796 312 830 Patavini
326 795 459 829 faciem
473 799 585 839 atque
605 794 772 828 habitum
786 788 863 838 post

142 845 321 875 sterorum
336 840 533 873 memoriae
554 838 769 872 mandantia
788 839 862 871 ad-¹

141 886 213 919 huc
228 884 513 918 desiderantur]
545 883 583 916 id
596 894 684 917 vero
698 893 773 916 non
787 883 862 916 im-¹

140 930 281 975 pedivit
301 929 379 963 eius
404 929 624 972 populares,
653 927 849 972 quominus

140 974 499 1017 monumento,quod
510 973 556 1007 ad
572 973 755 1006 servanda
765 983 851 1006 ossa

141 1020 236 1054 Livii
249 1030 345 1054 anno
361 1031 394 1064 p.
405 1020 444 1054 C.
458 1030 493 1052 n.
508 1018 596 1051 1413
610 1018 645 1063 ri.
657 1029 686 1051 e.
703 1012 862 1051 centum*

142 1065 295 1109 triginta
308 1075 441 1098 novem
456 1075 574 1097 annos
589 1061 848 1107 postAnteno-

141 1111 190 1144 ris
206 1110 413 1154 sepulcrum
423 1109 521 1153 apud
537 1108 848 1153 ipsosdetectum)

142 1155 197 1188 ‘in
216 1155 391 1199 plumbea
417 1154 570 1197 capsula
595 1153 694 1198 apud
723 1163 848 1186 sacras

140 1200 252 1234 aedes
282 1198 329 1232 D.
355 1198 540 1232 Iustinae’
573 1198 602 1231 si
635 1198 691 1231 dis
724 1198 850 1242 placet

140 1244 347 1278 ⁶inventa⁷2
372 1244 408 1277 in
436 1244 538 1277 curia
562 1243 683 1287 patria
710 1247 849 1276 exstru-

140 1294 286 1330 xerunt,
313 1288 490 1322 ficticium
509 1288 587 1323 eius
615 1288 848 1322 simulacrum

140 1345 319 1368 marmore
346 1335 577 1378 exsculptum
604 1334 861 1377 imponerent.¹

141 1380 241 1424 quod
263 1380 497 1413 simulacrum
524 1378 667 1412 etiamsi
694 1379 741 1412 ab
762 1377 847 1412 Ale-

139 1425 280 1458 xandro
290 1424 729 1468 Bassiano,antiquitatis
744 1434 847 1467 prae-

141 1469 362 1509 clarissimo,
384 1474 425 1503 ut
440 1469 491 1503 ait
506 1469 748 1512 Tomasinus,
775 1469 848 1501 cul-

139 1519 218 1549 tore
234 1515 421 1548 inventum
436 1515 534 1548 dono
545 1514 691 1558 accepit
705 1513 848 1557 civitas,

141 1560 493 1604 ‘praeclarissimus'
514 1564 638 1593 tamen
653 1560 714 1593 ille
737 1559 848 1592 ‘anti-

141 1605 293 1650 quitatis
309 1605 457 1647 cultor,‘
485 1610 662 1650 quantum
677 1604 847 1649 equidem

141 1650 228 1694 scio,
244 1661 319 1684 non
334 1650 489 1691 addidit,
505 1651 603 1684 uude
620 1649 849 1683 orisLiviani

140 1696 272 1729 ductus
295 1707 338 1730 eo
361 1706 556 1739 expressos
578 1706 660 1729 esse
677 1695 747 1728 sibi
763 1706 848 1728 con-

141 1744 283 1774 sta1·et.3
320 1751 442 1785 neque
470 1751 562 1784 opus
588 1744 683 1774 erat:
710 1752 793 1773 nam
818 1739 849 1772 is

141 1786 383 1819 estItalorum
397 1785 539 1829 patriae
556 1796 669 1829 amor,
680 1790 730 1827 ut,
747 1785 847 1829 quod

141 1841 206 1874 per
232 1841 270 1864 sc
298 1841 439 1864 summa
466 1830 574 1864 laude
602 1830 755 1874 dignum
781 1833 848 1870 est,

142 1886 390 1919 unaquaeque
423 1875 553 1908 civitas
587 1875 770 1908 clarorum
803 1874 848 1907 ci-

142 1920 238 1952 vium
252 1919 463 1953 memoriam
479 1919 586 1953 avide
601 1923 769 1963 expetat,
798 1918 849 1951 di-

143 1965 299 2009 ligenter
312 1964 525 2008 investiget,
547 1964 722 2008 religiose
738 1964 848 2007 colat,

142 2008 337 2053 magnifice
359 2014 529 2052 exornet3
555 2009 651 2043 idem
678 2019 764 2042 vcro
786 2009 848 2042 ille

141 2065 243 2088 amor
257 2055 315 2087 vel
329 2054 409 2097 ipse
428 2058 503 2088 tam
524 2057 746 2088 occaecatus
768 2064 848 2087 esse

141 2099 236 2133 solet
251 2100 309 2132 vel
324 2099 416 2132 alios
433 2099 659 2133 occaecandi
679 2104 753 2132 tam
775 2102 848 2131 stu-

141 2144 330 2187 diosus,ut
344 2144 661 2188 splendidaatque
678 2143 850 2187 speciosa

139 2200 228 2233 prae
244 2189 339 2223 veris
354 2201 398 2223 ac
411 2189 590 2224 modestis
613 2189 746 2233 cupide
762 2188 848 2222 arri-

140 2234 229 2279 piat,
245 2235 501 2277 amplectatur,
517 2239 712 2278 propaget.

185 2279 299 2312 Haud
313 2279 425 2323 igitur
438 2279 566 2312 mirum
582 2283 649 2321 cst,
672 2279 772 2324 quod
786 2279 849 2312 ho-

141 2335 198 2357 mo
214 2324 422 2357 Patavinus
444 2324 610 2368 quamvis
626 2324 673 2358 ad
689 2335 850 2357 summas

141 2368 322 2402 ccclesiae
338 2369 538 2413 dignitates
554 2373 704 2403 evectus
723 2369 850 2402 tenuia

140 2413 337 2447 memoriae
352 2413 531 2447 Livianae
553 2414 650 2458 apud
672 2414 774 2458 ipsos
790 2425 849 2447 vc-

174 2507 187 2530 1
207 2506 444 2535 cf.ssoettigerum
459 2505 851 2536 inLiv.ed.Kreyssig.Lips.

141 2540 214 2563 1829.
228 2540 250 2563 1.
267 2547 293 2569 p.
305 2540 369 2563 XIV
384 2546 443 2570 sqq.
459 2546 556 2570 opusc.
570 2540 605 2568 ΙΙ,
621 2541 670 2564 364
684 2547 724 2570 sq.

173 2575 187 2597 2
206 2574 349 2597 'l'oinasini
363 2574 393 2597 T.
410 2574 470 2597 Liv.
486 2574 582 2597 Patav.
598 2573 715 2604 cap.IX.
728 2573 762 2597 X.
779 2573 850 2602 (XV.

139 2608 162 2636 1,
173 2608 204 2631 22
213 2614 272 2637 sqq.
291 2607 504 2631 1„iv.I)rakenb.
514 2607 569 2636 ed„
585 2610 724 2638 quantor,
735 2609 851 2637 Stuttg.)

173 2642 187 2664 3
207 2641 290 2665 Laur.
306 2641 453 2668 Pignorius
473 2641 579 2671 origine
599 2641 625 2665 di
641 2641 752 2665 Padova
771 2642 850 2669 (Pari.

140 2676 216 2698 1625.
236 2676 264 2701 4)
286 2682 309 2699 c.
326 2675 412 2699 XVII.
428 2683 455 2706 p.
472 2677 519 2699 133
543 2676 580 2699 Μ.
597 2675 706 2699 Claudii
726 2675 850 2699 Marcelli

139 2710 223 2738 eaput
237 2715 298 2732 esse
313 2710 432 2739 censuit,
453 2709 554 2740 vulgus
573 2711 644 2734 teste
665 2709 763 2734 codem
780 2711 851 2734 Lcn-

139 2742 190 2766 tuli
203 2742 368 2767 Marcellini.

876 754 975 784 teres
990 749 1148 794 vestigia
1163 749 1391 794 amplificare
1405 750 1585 794 pallidos-

877 806 947 839 que
963 795 1133 838 imaginis
1153 795 1238 829 inde
1260 795 1465 830 eliciendae
1486 796 1584 829 colo-

876 850 933 872 res
948 839 1111 872 inanium
1128 839 1424 874 coniecturarum
1444 841 1585 885 inepta-

876 895 1029 927 rumque
1056 884 1267 917 fabularum
1295 896 1364 929 ope
1386 885 1585 919 vividiorcs

875 928 1031 962 reddere
1047 933 1204 962 conatus
1221 933 1288 971 est,
1310 929 1487 963 Iacobum
1502 930 1586 963 Phi-

876 973 1017 1016 lippum
1050 972 1291 1006 Tomasinum
1325 974 1408 1007 dico
1441 975 1585 1018 episco-

875 1029 961 1061 pum
976 1017 1280 1061 Aemoniensem,
1309 1019 1370 1063 qui
1391 1019 1533 1053 Patavii
1555 1031 1585 1053 a.

876 1063 964 1096 1630
984 1062 1101 1096 edidit
1120 1062 1287 1096 libellum
1308 1064 1436 1097 ‘Titus
1457 1064 1586 1097 Livius

875 1108 1097 1142 Patavinus’
1125 1108 1356 1152 inscriptum.
1407 1120 1516 1153 quem
1547 1110 1586 1142 li—

875 1153 1014 1187 bellum
1042 1164 1155 1197 saepe
1180 1153 1402 1197 repetitum4
1428 1154 1585 1188 incurio—

876 1209 1001 1242 seque,
1012 1202 1054 1231 ut
1066 1197 1118 1241 fit,
1130 1202 1324 1242 exceptum
1338 1199 1362 1232 ii
1378 1198 1439 1244 qui
1454 1203 1588 1243 postea

876 1243 971 1276 Livii
997 1243 1108 1277 vitam
1136 1250 1405 1278 enarraverunt
1431 1244 1584 1289 scripto—

875 1292 957 1322 rcs5
978 1289 1108 1323 ducem
1134 1288 1187 1323 ita
1212 1289 1281 1322 sibi
1309 1290 1522 1334 elegerunt,
1547 1294 1588 1323 ut

874 1334 1013 1378 passim
1040 1334 1187 1378 quidem
1214 1333 1352 1368 iudicio
1386 1335 1504 1378 magis
1531 1346 1586 1368 so-

877 1379 956 1413 brio
977 1378 1146 1413 adhibito
1168 1379 1361 1413 Tomasini
1389 1384 1587 1424 φαντασίας

875 1424 1107 1467 refellerent,
1146 1424 1184 1458 in
1214 1424 1429 1459 universum
1464 1429 1587 1459 tamen

875 1469 1034 1514 vestigia
1076 1470 1155 1503 eius
1194 1481 1322 1504 secure
1367 1475 1586 1514 premerent.

875 1526 944 1548 nec
967 1514 1023 1548 his
1045 1515 1204 1549 certiora
1227 1514 1352 1549 attulit
1371 1515 1447 1549 vita
1467 1515 1510 1548 T.
1526 1515 1586 1549 Li-

876 1560 923 1593 vii
939 1571 983 1593 cx
999 1560 1079 1593 cod.
1095 1571 1159 1593 ms,
1175 1560 1265 1594 bibl.
1281 1560 1367 1594 coll.
1388 1560 1476 1594 novi
1491 1561 1585 1595 Oxo-

876 1605 1015 1639 niensis
1030 1605 1067 1638 in
1083 1605 1246 1639 editione
1261 1605 1356 1639 Livii
1372 1605 1589 1640 Hcarniana

876 1650 911 1684 in
927 1651 1047 1684 lucem
1060 1654 1262 1694 protracta,
1286 1662 1381 1695 quac
1403 1651 1515 1685 certis
1535 1651 1587 1685 fa-

875 1696 1001 1730 bricae
1016 1696 1208 1729 cuiusdam
1226 1696 1366 1730 sacculi
1387 1696 1505 1740 quinti
1527 1696 1587 1730 de-

876 1740 976 1784 cimi,
1002 1745 1043 1774 ut
1067 1741 1119 1775 ita
1146 1741 1286 1784 dicam,
1316 1740 1431 1785 signis
1456 1745 1588 1775 notata

877 1789 962 1820 θεῶ

920 1830 1068 1864 Nostris
1095 1830 1241 1864 demum
1268 1830 1400 1864 diebus
1427 1841 1507 1864 cum
1527 1841 1586 1864 ac—

877 1875 1040 1909 curatius
1061 1875 1098 1908 in
1113 1874 1237 1909 fontes
1257 1874 1436 1910 historiae
1452 1875 1588 1910 Roma-

875 1931 944 1953 nac
965 1919 1152 1964 inquirere
1175 1924 1212 1953 et
1236 1919 1316 1964 ipse
1343 1921 1532 1964 coepisset
1552 1924 1589 1955 et

875 1965 971 1998 alios
998 1965 1187 1998 docuisset
1213 1964 1442 1999 Bcrtholdus
1470 1965 1587 2000 Geor-

875 2010 959 2054 gius
979 2009 1209 2044 Niebuhrius
1235 2010 1292 2043 his
1314 2021 1465 2055 quoque
1485 2014 1586 2045 tene-

877 2055 952 2088 bris
978 2055 1039 2087 lux
1066 2054 1172 2088 illata
1197 2059 1265 2088 est.
1304 2066 1414 2099 quam
1442 2056 1489 2089 ob
1510 2067 1586 2089 rem

876 2111 957 2133 cum
983 2099 1046 2133 alii
1066 2099 1246 2133 laudandi
1272 2104 1376 2143 sunt,
1405 2112 1498 2145 quos
1519 2112 1586 2134 suo

876 2155 1059 2190 quemque
1092 2145 1176 2178 loco
1210 2145 1299 2178 data
1333 2145 1587 2189 oportunitate

876 2189 1459 2228 nominabimus,tumFridericus
1469 2190 1587 2225 Lach-

876 2246 1031 2269 mannus
1053 2233 1179 2268 Caroli
1200 2234 1316 2268 frater
1342 2235 1403 2280 qui
1429 2236 1466 2269 in
1491 2241 1588 2270 utra-

877 2291 948 2324 que
964 2280 1009 2313 de
1033 2279 1201 2314 fontibus
1217 2279 1454 2313 historiarum
1469 2280 1512 2314 T.
1527 2281 1588 2314 Li-

877 2325 925 2357 vii
959 2324 1270 2358 commentatione
1303 2325 1523 2370 (Gottingae
1555 2337 1588 2360 a.

878 2370 966 2403 1822>
980 2374 1017 2404 et
1031 2381 1063 2404 a.
1078 2370 1176 2404 1828.
1190 2368 1225 2415 4)
1248 2370 1364 2404 multa
1383 2370 1456 2404 hue
1475 2371 1586 2415 perti-

877 2414 1004 2449 nentia
1036 2415 1202 2448 studiose
1234 2414 1485 2460 investigavit.
1533 2427 1586 2450 re-

879 2460 1038 2494 centium
1054 2460 1184 2493 horum
1200 2459 1406 2494 studiorum
1424 2460 1461 2494 in
1475 2461 1587 2495 rebus

910 2542 925 2564 4
944 2547 1007 2564 cum
1021 2541 1136 2565 seorsim
1152 2541 1308 2565 Amstelod.
1324 2542 1390 2565 1670
1408 2544 1466 2566 tum
1482 2543 1509 2566 in
1524 2543 1586 2566 edd.

876 2574 1004 2598 Livianis
1018 2576 1046 2598 et
1059 2575 1326 2599 Drakenborchiana
1344 2575 1403 2605 XV,
1419 2577 1442 2606 l,
1458 2578 1473 2600 8
1486 2583 1545 2607 sqq.
1561 2580 1588 2600 et

877 2608 1029 2638 Bipontina
1043 2609 1076 2635 (l.
1091 2616 1118 2639 p.
1133 2609 1173 2632 111
1186 2609 1259 2639 sqq.)

911 2644 925 2665 5
945 2643 980 2666 cs.
1001 2649 1035 2666 uc
1056 2643 1160 2666 multus
1186 2643 1237 2667 sini
1263 2650 1332 2673 quos
1351 2642 1369 2666 1.
1386 2643 1524 2667 Baehrius
1544 2643 1585 2667 lit.

876 2676 938 2700 Lat.
954 2677 1019 2700 hist.
1034 2676 1070 2705 11,
1085 2678 1116 2700 37
1137 2683 1165 2700 n.
1179 2677 1204 2701 1.
1220 2676 1253 2700 cd
1279 2679 1341 2701 tert.

910 2711 924 2733 6
943 2710 972 2733 in
992 2710 1046 2733 fine
1067 2711 1292 2735 testimoniorum
1307 2711 1340 2734 de
1354 2710 1385 2734 T.
1400 2710 1483 2734 Livio
1503 2710 1586 2734 huius

877 2744 920 2768 ed.
935 2744 993 2768 vol.
1007 2744 1028 2768 Ι.
1044 2744 1149 2773 (Oxou.
1164 2751 1189 2769 a.
1206 2745 1281 2774 1708)
1295 2745 1523 2776 praemissorum.
