1835 3226
325 195 407 237 376
637 201 791 236 LIBER
814 201 906 247 VII,
931 202 985 237 26.
1014 205 1063 246 [a.
1074 213 1111 237 u.
1127 203 1367 250 2405-408]

322 321 396 361 per
420 307 680 359 interpretem
707 320 834 345 unum
866 320 917 345 ex
941 305 1160 356 Romanis,
1197 307 1269 360 qui
1300 322 1441 349 secum
1470 308 1579 351 ferro
1609 312 1673 353 de-

280 381 297 409 ‘2
325 374 474 408 cernat.
535 364 596 406 M.
635 372 721 406 erat
757 366 949 408 Valerius
986 367 1173 410 tribunus
1211 369 1385 410 militum
1422 371 1677 423 adulescens,

323 428 393 481 qui
429 428 539 468 haud
575 428 850 483 indigniorem
887 443 936 470 eo
972 430 1118 470 decore
1156 445 1200 471 se
1236 445 1361 484 quam
1393 431 1442 473 T.
1473 432 1678 474 Manlium

321 499 451 542 ratus,
495 492 608 547 prius
647 493 877 534 sciscitatus
915 494 1094 534 consulis
1133 494 1383 536 voluntatem
1420 495 1462 535 in
1498 496 1678 537 medium

279 565 296 593 3
325 562 506 594 armatus
549 555 761 608 processit.
821 555 957 596 minus
999 556 1161 612 insigne
1205 563 1411 598 certamen
1451 557 1678 599 humanum

321 618 487 657 numine
524 617 764 671 interposito
801 617 971 659 deorum
1007 618 1181 660 factum:
1230 634 1407 673 namque
1450 621 1679 661 conserenti

321 678 402 719 iam
427 694 595 719 manum
614 679 804 721 Romano
830 695 977 722 corvus
1002 688 1170 736 repente
1195 681 1237 722 in
1261 682 1382 737 galea
1407 682 1609 732 consedit,
1635 682 1679 723 in

276 753 296 781 4
321 740 483 781 hostem
513 756 671 783 versus.
732 742 844 795 quod
874 742 1006 797 primo
1036 750 1081 784 ut
1112 744 1331 799 augurium
1367 746 1480 785 caclo
1506 745 1680 785 missurn

319 803 452 844 lactus
478 804 636 858 accepit
661 803 867 854 tribunus,
894 812 1083 860 precatus
1110 806 1276 847 deinde:
1305 806 1339 847 si
1358 807 1498 856 divus,
1525 807 1560 848 si
1585 807 1680 848 diva

321 873 448 915 esset,
487 866 557 919 qui
589 865 667 907 sibi
696 874 932 921 praepetem
964 868 1164 917 misisset,
1201 868 1344 909 volens
1375 869 1576 923 propitius
1608 869 1680 910 ad-

275 941 294 969 5
322 934 442 968 esset.
493 928 604 969 dictu
623 928 827 978 mirabile,
855 929 984 970 tenuit
1002 945 1083 970 non
1104 930 1239 971 solum
1259 930 1343 971 ales
1364 939 1524 985 captam
1552 931 1679 972 semel

322 991 481 1040 sedem,
521 991 594 1032 sed
625 991 994 1045 quotienscumque
1026 999 1232 1033 certamen
1261 993 1406 1033 initum
1439 1000 1500 1034 cst
1535 993 1678 1035 levans

322 1068 365 1094 se
402 1053 476 1094 alis
513 1069 559 1094 os
597 1054 821 1108 oculosque
857 1055 986 1096 hostis
1023 1062 1156 1096 rostro
1194 1062 1234 1096 et
1268 1056 1478 1111 unguibus
1510 1056 1677 1110 adpetit,

321 1117 450 1157 donec
466 1118 648 1158 territum
668 1118 845 1173 prodigii
865 1119 956 1160 talis
976 1119 1069 1160 visu
1088 1119 1300 1172 oculisque
1321 1119 1441 1160 simul
1467 1134 1514 1160 ac
1540 1126 1675 1160 mente

321 1178 529 1219 turbatum
555 1179 746 1220 Valerius
773 1180 1000 1221 obtruncat.
1045 1195 1192 1221 corvus
1219 1196 1271 1222 ex
1296 1188 1520 1235 conspectu
1545 1180 1676 1221 elatus

279 1251 296 1280 6
324 1240 520 1281 orientem
540 1241 653 1295 petit.
691 1241 889 1282 hactenus
909 1242 1071 1295 quietae
1096 1243 1301 1296 utrimque
1328 1243 1523 1283 stationes
1549 1242 1676 1283 fuere.

319 1310 540 1358 postquam
567 1303 741 1358 spoliare
767 1318 915 1358 corpus
936 1304 1045 1345 caesi
1065 1304 1194 1345 hostis
1215 1304 1401 1345 tribunus
1423 1304 1574 1358 coepit,
1601 1318 1676 1344 nec

322 1364 433 1407 Galli
459 1380 501 1407 se
529 1366 702 1407 statione
729 1373 946 1407 tenuerunt
972 1373 1009 1407 et
1035 1367 1318 1407 Romanorum
1344 1381 1489 1407 cursus
1516 1367 1568 1407 ad
1592 1367 1676 1407 vic-

320 1436 450 1469 torem
487 1428 610 1469 ctiam
647 1428 758 1469 ocior
794 1428 882 1469 suit.
932 1428 989 1470 ibi
1026 1429 1133 1470 circa
1169 1429 1338 1469 iacentis
1377 1427 1488 1470 Galli
1525 1443 1674 1482 corpus

321 1497 528 1531 contracto
571 1491 792 1532 certamine
834 1505 975 1546 pugna
1017 1499 1134 1532 atrox
1176 1491 1413 1532 concitatur.
1474 1491 1557 1531 iam
1592 1506 1674 1531 non

319 1553 539 1606 manipulis
575 1554 856 1607 proximarum
889 1554 1128 1603 stationum,
1167 1554 1239 1594 sed
1269 1552 1502 1608 legionibus
1534 1553 1676 1593 utrim-

320 1629 399 1668 que
426 1614 568 1655 effusis
594 1630 660 1655 res
686 1615 852 1670 geritur.
904 1614 1105 1656 Camillus
1130 1615 1285 1656 laetum
1310 1616 1479 1655 militem
1505 1615 1676 1656 victoria

320 1676 489 1725 tribuni,
527 1676 680 1717 laetum
713 1683 796 1718 tam
826 1676 1114 1731 praesentibus
1146 1691 1193 1717 ac
1225 1677 1416 1717 secundis
1448 1677 1526 1717 diis
1551 1677 1608 1717 irc
1634 1677 1674 1717 in

318 1739 519 1793 proelium
550 1739 682 1789 iubet,
720 1746 1014 1792 ostentansque
1045 1739 1250 1794 insignem
1281 1739 1422 1792 spoliis
1448 1738 1674 1779 tribunum:

321 1800 449 1841 ‘hunc
480 1801 658 1851 imitare,
696 1801 846 1851 miles,'
883 1801 1018 1842 aicbat
1055 1805 1113 1842 ‘et
1150 1801 1258 1842 circa
1293 1801 1493 1841 iacentem
1529 1801 1677 1842 ducem

273 1877 292 1906 8
319 1870 453 1904 sterne
492 1861 707 1905 Gallorum
745 1863 955 1905 catervas.9
1015 1863 1072 1904 dii
1107 1863 1376 1916 hominesque
1413 1863 1471 1903 illi
1507 1862 1676 1903 adfuere,

317 1940 481 1980 pugnae
502 1926 866 1981 depugnatumque
887 1926 1207 1979 haudquaquam
1233 1925 1454 1966 certamine
1480 1924 1675 1980 ambiguo

319 2002 413 2027 cuin
434 1985 566 2029 Gallis
587 1995 666 2029 est:
693 1989 795 2030 adeo
816 1989 991 2029 duorum
1010 1988 1186 2029 militum
1212 1994 1422 2036 eventum,
1448 1987 1553 2028 inter
1570 2001 1674 2040 quos

274 2064 291 2092 a
317 2058 548 2105 pugnatum
579 2058 682 2100 erat,
722 2057 892 2104 utraque
924 2051 1032 2092 acies
1066 2050 1212 2091 animis
1244 2055 1520 2104 praeceperat.
1569 2048 1676 2089 inter

316 2112 490 2166 primos,
517 2127 692 2166 quorum
718 2127 942 2154 concursus
968 2113 1068 2153 alios
1090 2112 1312 2161 exciverat,
1339 2118 1454 2152 atrox
1473 2110 1676 2165 proelium

317 2174 414 2215 suit:
441 2175 521 2215 alia
546 2175 783 2225 multitudo,
810 2176 1050 2230 priusquam
1077 2175 1129 2216 ad
1154 2175 1384 2215 coniectum
1410 2174 1479 2214 teli
1503 2173 1673 2222 veniret,

317 2244 433 2292 terga
458 2238 590 2278 vertit.
639 2238 771 2292 primo
797 2253 870 2292 per
888 2237 1065 2278 Volscos
1091 2237 1396 2290 Falernumque
1422 2251 1567 2291 agrum
1593 2236 1676 2276 dis-

319 2299 441 2353 sip-ati
485 2307 598 2349 sunt,
648 2300 743 2341 inde
779 2300 978 2355 Apuliam
1015 2315 1061 2340 ac
1098 2314 1209 2340 mare
1246 2300 1423 2340 inferum
1459 2298 1673 2353 petierunt.

255 2374 292 2401 κ’»
318 2361 462 2402 consul
488 2363 676 2403 contione
696 2363 896 2404 advocata
914 2362 1126 2403 laudatum
1146 2361 1356 2402 tribunum
1376 2361 1518 2401 decem
1540 2359 1675 2401 bubus

319 2439 524 2478 aureaque
563 2439 714 2466 corona
750 2425 886 2465 donat.
948 2424 1036 2478 ipsc
1073 2424 1210 2464 iussus
1248 2423 1299 2464 ab
1338 2430 1483 2464 senatu
1519 2421 1674 2462 bellum

256 2499 287 2526 11
319 2486 570 2527 maritimum
607 2501 748 2528 curare
786 2502 879 2527 cum
916 2493 1102 2541 praetore
1134 2485 1266 2526 iunxit
1297 2491 1443 2526 castra.
1493 2483 1549 2525 ibi
1580 2483 1676 2537 quia

317 2562 381 2588 res
413 2548 517 2588 trahi
555 2549 730 2604 segnitia
763 2547 1018 2590 Graecorum
1054 2563 1137 2589 non
1174 2546 1516 2589 committentium
1553 2560 1596 2586 se
1632 2545 1673 2585 in

319 2609 447 2650 aciem
474 2610 736 2661 videbantur,
769 2611 1011 2652 dictatorem
1037 2610 1294 2652 comitiorum
1325 2624 1451 2650 causa
1475 2608 1525 2648 T.
1550 2606 1674 2648 Man-

255 2682 292 2711 12
318 2669 417 2712 lium
450 2671 706 2726 Torquatum
743 2688 794 2715 ex
830 2673 1071 2715 auctoritate
1108 2679 1274 2715 senatus
1311 2671 1426 2713 dixit.
1487 2670 1671 2718 dictator,

276 1505 292 1533 λ1
